Quarter end,Assets,Current Assets,Liabilities,Current Liabilities,Shareholders equity,Revenue,Earnings,Earnings available for common stockholders,EPS basic,EPS diluted,Cash from operating activities,Cash from investing activities,Cash from financing activities,Cash change during period,Cash at end of period,Price,ROE,ROA,Book value of equity per share,P/B ratio,P/E ratio,Cumulative dividends per share,Equity to assets ratio,Net margin,Asset turnover,Current ratio
1993-12-31,0.007653829990990513,-0.018142620278424282,-0.004480222441474613,-0.013183807210042975,0.020906254243279188,-0.0050639928351137176,0.028181435912558728,0.028181435912558728,0.022222222222222143,-0.5,-0.13477676489681722,0.04862686262411953,-0.4957100988239047,-1.0735497210927916,-0.4310719844616797,0.0,0.009266409266409203,-0.001607717041800627,0.02678571428571419,-0.01273885350318471,0.08943089430894324,inf,0.013179916317991758,0.0,0.0,-0.0050064738886491655
1994-03-31,0.007653829990990513,-0.018142620278424282,-0.004480222441474613,-0.013183807210042975,0.020906254243279188,-0.0050639928351137176,0.028181435912558728,0.028181435912558728,0.022222222222222143,-0.5,-0.13477676489681722,0.04862686262411953,-0.4957100988239047,-1.0735497210927916,-0.4310719844616797,0.0,0.009266409266409203,-0.001607717041800627,0.02678571428571419,-0.01273885350318471,0.08943089430894324,inf,0.013179916317991758,0.0,0.0,-0.0050064738886491655
1994-06-30,0.043307342732080034,0.05719668091092012,0.05783728237001262,0.07035227708054337,0.027832818641287727,-0.0050639928351137176,0.028181435912558728,0.028181435912558728,0.022222222222222143,-0.5,-0.13477676489681722,0.04862686262411953,-0.4957100988239047,-1.0735497210927916,0.05572800664082833,0.013513513513513375,0.009266409266409203,-0.001607717041800627,0.034782608695652195,-0.01273885350318471,0.08943089430894324,0.8999999999999999,-0.014866818087961975,0.0,0.0,-0.012318903444087814
1994-09-30,0.03380232133472294,0.03719554070509146,0.04043597501251561,0.04245035553740517,0.02653117852382403,0.023042789798686902,-0.06695701823106848,-0.06695701823106848,-0.0652173913043479,-0.5,0.2690772134428703,0.22785110183625257,0.18390799548411763,3.34648064617644,0.22943476045981082,0.02877192982456145,0.009266409266409203,-0.001607717041800627,0.02941176470588247,-0.006451612903225823,0.08943089430894324,0.5263157894736841,-0.007126388597778255,0.0,0.0,-0.0050065876152832756
1994-12-31,0.02005299564704255,0.004157211393992055,0.017430825284940665,0.019984065802659545,0.022966086302121935,0.10071637742663819,0.20268000979102974,0.20268000979102974,0.2325581395348839,-0.5,-0.014590602126720587,-0.3364153480194436,0.22953106795396017,0.6469409919150477,0.3073489737919479,0.09345156889495221,0.009266409266409203,-0.001607717041800627,0.02857142857142847,0.06168831168831157,0.08943089430894324,0.3103448275862071,0.0029554570403209635,0.0,0.0,-0.015536723163841915
1995-03-31,0.026674725741941074,0.0034844832532232584,0.03280875502087022,0.033011053935911194,0.01989702178100461,0.017117031452338782,-0.012538101819421055,-0.012538101819421055,-0.018867924528301883,-0.5,-0.14089208273195264,1.0579418762923019,-0.34957720466191466,-2.554226931023871,-0.3653883254326976,0.07610729881472222,0.009266409266409203,-0.001607717041800627,0.02777777777777768,0.04740061162079501,0.08943089430894324,0.26315789473684204,-0.006735424121237732,0.0,0.0,-0.028604734576757607
1995-06-30,0.027337274022487756,0.03863814274898547,0.027264596620603543,-0.015470081947124292,0.027418594464706958,-0.009541684608245005,0.01623950878841196,0.01623950878841196,0.019230769230769162,-0.5,0.03650588496819962,-0.5392489744398864,0.2833924130507406,-1.661735588617978,0.3810053743010695,0.13043478260869557,0.005865850548329332,-0.001607717041800627,0.030888030888030826,0.09927007299270074,0.08943089430894324,0.22916666666666674,0.00021190930281855813,-0.0006038647342994086,0.008928571428571175,0.05501707744853701
1995-09-30,0.008849403964685143,0.009249205038153407,0.009829340521420038,0.009012008562228502,0.007753094415099415,-0.043817366646535794,-0.09900007074971107,-0.09900007074971107,-0.09433962264150952,-0.5,-0.014617962898995196,0.4452510752540888,-0.3267957788486915,-0.05387190995226898,0.26102714282906514,0.02564102564102555,-0.00025354969574031827,-0.001607717041800627,0.011235955056179803,-0.005312084993359889,-0.009950248756219082,0.1694915254237288,-0.0010593220338984688,0.004833836858006091,-0.008849557522123686,0.00017499343774596277
1995-12-31,0.03778417403886847,0.036594000390925974,0.046301296994539776,0.0626296812459155,0.028235963225429206,0.086157373848323,0.21807036233382449,0.21807036233382449,0.22916666666666674,-0.5,-0.208022589293969,-0.25959890818106,0.3722189106023748,-1.5963797361604724,-0.12344801573570985,0.04049999999999998,0.005072279989855488,0.0010735373054213682,0.03703703703703698,0.029372496662216196,0.015075376884422065,0.15942028985507273,-0.009331919406150524,0.014431749849669107,-0.008928571428571397,-0.02449479485609307
1996-03-31,-0.010683574535355844,-0.026840018160692813,-0.05370700553637919,-0.07883753166624186,0.03839569582475799,0.029053033541363904,0.031682657698795635,0.031682657698795635,0.033898305084745894,-0.5,0.6639006571299326,0.07184733465435755,1.6083944819489289,3.8804353315489113,-0.687329523430193,-0.004324843825084135,0.011355034065102299,0.02144772117962468,0.03928571428571437,-0.04020752269779504,-0.032178217821782096,0.1499999999999999,0.04966816527510165,0.021932424422051122,-0.009009009009009028,0.05649717514124286
1996-06-30,0.1333603235388241,0.05181746086929473,0.24587825642129868,0.2965288508217827,0.016389500154084802,0.010127697379327838,-0.020174585354575725,-0.020174585354575725,-0.016393442622950838,-0.5,-0.27671939266201473,4.232192418850168,-1.941099158302201,-1.1218988487905834,0.26796478697026904,-0.004343629343629307,0.003493013972055925,-0.015748031496062964,0.020618556701030855,-0.04189189189189191,-0.04501278772378514,0.13043478260869557,-0.10320212115031624,0.006960556844547661,-0.018181818181818188,-0.1887785417197182
1996-09-30,0.010940816613880466,-0.012147267766193903,0.00710152471227099,-0.05278225970349193,0.015833221276346343,-0.01965219839658572,-0.10530097380442704,-0.10530097380442704,-0.09999999999999987,-0.5,0.27824930685226046,-0.7641564128292192,-1.551910555885035,0.20602716468590843,0.2548752264939631,0.10906446921958324,-0.0027349577324713437,-0.019199999999999995,0.02020202020202011,0.0860366713681242,0.0749866095340117,0.1153846153846152,0.004775983625199043,-0.003456221198156806,-0.01851851851851849,0.04290049178612532
1996-12-31,0.04276346188921498,0.04844600338196159,0.05877819219353553,0.013020162840074123,0.022531327097966347,0.13213505888079258,0.213185486840886,0.213185486840886,0.2222222222222221,-0.5,-0.09804374152219486,0.5187271354741305,-0.4025107817451262,-2.0448018582388965,-0.21220763996111403,0.159965034965035,0.0014958863126401933,-0.017400761283306143,0.0264026402640265,0.1376623376623376,0.13004484304932729,0.10344827586206917,-0.019239474875509255,-0.012138728323699333,0.0,0.035015551319353966
1997-03-31,0.006722693607535746,0.032702344304785136,0.00615470695202136,0.007802764314525978,0.007465693204115498,0.0013234979466587582,0.0474174229457085,0.0474174229457085,0.045454545454545414,-0.5,0.37528701986615665,-0.4932120007137213,1.6655724389996278,-1.8045272341428908,0.2167155132520937,0.038432554634513894,0.01344286781179993,-0.015495296070835662,0.009646302250803984,0.011415525114155223,0.00837742504409178,0.109375,0.0006923609508422413,-0.0005851375073141485,-0.018867924528301883,0.024718883288096016
1997-06-30,0.02081462491408792,-0.008537337507277254,0.023979284470635243,0.0311009888957674,0.01668023017325604,-0.033137387851380096,-0.02486229166121323,-0.02486229166121323,-0.014492753623188248,-0.5,-0.26171194938735143,1.047893047913167,-0.6738235800890533,-1.3170323228939875,-0.05646827202016513,0.10449927431059525,0.010562515352493085,0.006183249016301184,0.022292993630573132,0.0936794582392777,0.06908613904678607,0.09154929577464799,-0.004151291512915045,0.008196721311475308,0.0,-0.0385015608740894
1997-09-30,0.012460810427159519,0.014202695244829311,0.036535713252167756,0.04594708001625247,-0.019217081850533835,-0.012144498291274841,-0.0960253408727032,-0.0960253408727032,-0.10294117647058831,-0.5,0.11570397735119453,-0.22385167428860542,0.835463942748792,-1.380744849445325,0.022786731056504417,0.04500657030223376,0.018716577540106805,0.005027932960893988,-0.012461059190031154,0.02270381836945301,0.012269938650306678,0.0903225806451613,-0.03126447429365453,0.006387921022067422,0.0,-0.030303030303030276
1997-12-31,0.04190317257338605,0.0827653777820474,0.04881205814629541,0.06636431108339669,0.032295656684892204,0.08825681003384078,0.20194973369335822,0.20194973369335822,0.21311475409836067,-0.5,-0.04293483726723446,-0.12763634637596322,-0.25105729381255903,33.90114464099896,0.7775648357083242,-0.007544797233574263,0.01813409687425449,0.006670372429127269,0.03154574132492116,0.005045408678103103,-0.03353535353535342,0.0769230769230771,-0.009323452067893867,0.017311021350259637,-0.009615384615384581,0.015320616883116811
1998-03-31,0.004480034438077984,0.028501403673687253,-0.01260210600064482,-0.061157008049311234,0.028614571415596535,-0.023457885297762493,0.040474148428152334,0.040474148428152334,0.04054054054054057,-0.5,0.42490413155801576,-0.21183618688334305,1.6891961313340103,-1.0445239515006957,-0.01947622856745379,0.13937282229965153,0.011483477853292623,0.006073992269464368,0.01834862385321112,0.10441767068273089,0.10576923076923062,0.08241758241758235,0.02413127413127425,0.02212138400453756,-0.01941747572815533,0.09553312681123227
1998-06-30,0.04700232816859495,-0.0012748455943142334,0.05753026863548438,0.05787383041631622,0.03272392541628166,0.007172618725066915,-0.006831831449830683,-0.006831831449830683,-0.5064935064935066,-0.5,-0.07388728850000514,2.0137655846576554,-0.7966231207177936,-6.853571428571429,0.11626999609832223,0.07812065610230756,0.010889712696941611,0.003293084522502765,0.03603603603603611,0.05909090909090908,0.051039697542533125,0.07614213197969555,-0.013666352497643697,0.015538290788013276,-0.00990099009900991,-0.05591535163732564
1998-09-30,-0.006425617326288546,-0.021059677330220072,-0.01972033356245395,-0.06711998912026107,0.012038300035273286,-0.010103845989553162,-0.09195050933713589,-0.09195050933713589,-0.07894736842105265,-0.10526315789473684,-0.30111729105922136,-0.6959046109395663,1.9433761315898468,-2.0790878584502748,-0.11239712751421949,0.06137184115523464,0.0009168003667201496,0.00601750547045965,0.02608695652173898,0.02403433476394845,0.031654676258992875,0.070754716981132,0.01863354037267073,0.013114754098360715,-0.010000000000000009,0.04937198067632864
1998-12-31,0.05212117970958419,0.09611247855892269,0.04386633987823174,0.06380388773788126,0.06322587056085238,0.0970578440308496,0.17796705797390366,0.17796705797390366,0.19999999999999996,0.2058823529411764,-0.1852542640279068,0.755714802241729,-0.9103068588429221,-3.9952646830164675,0.3792902850494473,0.08187560738581157,-0.007785665216395565,0.0016313213703098572,0.06497175141242928,0.054484492875104706,0.056136680613668055,0.06607929515418509,0.010553470919324681,0.008629989212513456,0.0,0.030383942546726717
1999-03-31,0.004301534571968357,0.0392864500347192,-0.03863358501657377,-0.050972305016035446,0.06100764466075259,-0.009422557929769648,0.06421000365609708,0.06421000365609708,0.04761904761904767,0.04878048780487809,0.8188679570040536,-0.6182844753860631,17.526320212914975,-0.4864086833411987,0.14123219673620357,0.06040871322703789,-0.009462266328179036,0.009229098805646041,0.05835543766578244,-0.003974562798092274,0.03235391218223849,0.0702479338842974,0.05639359480157813,0.012299465240641627,-0.010101010101010055,0.09507640067911716
1999-06-30,-0.01290527558210186,-0.03883233220112148,-0.07565999454975447,-0.11440957530958051,0.062193698102911865,-0.01693376024656934,-0.03586875477257423,-0.03586875477257423,-0.045454545454545525,-0.023255813953488413,-0.09297387708365867,0.7722678056273651,-0.19751337145034686,-1.1373931820270147,-0.017002973601469185,0.001905972045743498,-0.025163094128611396,0.01452393760086057,0.06015037593984962,-0.05347166799680769,-0.0300607611128878,0.0656370656370655,0.0762302284710017,0.009508716323296307,0.010204081632652962,0.08535291717666271
1999-09-30,0.03264540135037408,0.05964519668170487,0.029637656921361,0.03802712342024228,0.0357776524702873,-0.0377729662928139,-0.27469112750132263,-0.27469112750132263,-0.26190476190476186,-0.2857142857142857,0.2012404977118869,0.6911566984331001,-0.3756486935678994,-31.979602073231902,0.535856510334576,-0.1314732614669203,-0.07719885277246652,-0.0440084835630965,0.03546099290780136,-0.1812816188870151,-0.1533135509396637,0.061594202898550776,0.0028577260665441084,-0.03296703296703296,-0.010101010101010055,0.020825501841966743
1999-12-31,0.06606778655871692,0.09215727871611823,0.020113773887795006,0.04335959724712857,0.11364039478515608,0.12628858876738325,0.43824108022062647,0.43824108022062647,0.35483870967741926,0.3999999999999999,-0.5611259605384009,0.07074694554100236,-1.2912033851242861,-0.6221092455569408,0.1450411433521004,-0.07666098807495758,-0.04739704739704731,-0.00443704936217415,0.09589041095890405,-0.10813594232749746,-0.052959501557632405,0.058020477815699634,0.04477915733767546,0.0043290043290042934,-0.010204081632653073,0.046766828693474816
2000-03-31,0.03385236061752006,0.04800059316914629,0.006233735773482518,-0.0035570130566245917,0.06004258444355148,-0.04597404208416722,0.033642450884020514,0.033642450884020514,0.0714285714285714,0.04761904761904767,-0.06006491097005284,-0.7631191233915575,-3.0938487847852,0.03967494537197047,0.11971280897619963,-0.13178703215603582,-0.053561718325176755,-0.018941504178272894,0.05833333333333335,-0.20785219399538102,-0.1373355263157895,0.06129032258064515,0.02532631989090195,0.006465517241379448,-0.030927835051546393,0.05178357841412784
2000-06-30,0.00021108323330043532,0.0252872141792706,-0.04341097018408557,-0.06940760713186667,0.03947727884959895,0.005062361735643117,-0.011191170592114608,-0.011191170592114608,-0.022222222222222254,0.0,2.3360677957180265,1.4140045144056854,3.227402549189457,1.187658832094729,0.23389103149682633,0.21523982999392843,-0.04165469692617063,-0.014764338444065994,0.03937007874015741,0.14868804664723023,0.20781696854146814,0.05775075987841949,0.03914117423522723,0.007494646680942241,-0.02127659574468077,0.10174593618302219
2000-09-30,0.0010745731729198127,0.010619399492841186,-0.016695018516341587,0.022882739539465735,0.01579432759468813,-0.015506120938722945,-0.044925438046006905,-0.044925438046006905,-0.045454545454545525,-0.045454545454545525,-0.4652201936116517,-0.8728502131412612,-0.2909743209049682,-0.7616024614611786,0.04518960327275279,0.09692730452160858,0.01918465227817756,0.049567723342939685,0.017045454545454586,0.055837563451776706,0.0828729281767957,0.05459770114942519,0.014810751508502529,0.05951115834218901,-0.010869565217391353,-0.012021857923497192
2000-12-31,0.02023296011304554,0.05808854001031949,0.006877371934298271,0.003136010905428366,0.030942445211562086,0.11657843301249748,0.15124866484622235,0.15124866484622235,0.16666666666666674,0.1428571428571428,0.14206328249353506,6.712363519588953,-0.1968352057760302,-0.04907022072380551,0.04111420485927253,0.1578228194033251,-0.0050000000000001155,0.017023613399231197,0.03165735567970196,0.13822115384615397,0.07725947521865884,0.05177111716621252,0.010450450450450344,0.016549648946840412,0.0,0.05481809242871183
2001-03-31,0.43807889340843253,0.11050737089528395,1.0676864489147464,1.5337337174290409,-0.05500141991990115,-0.039088290788163116,-1.2968055439415238,-1.2968055439415238,-1.2857142857142858,-1.2916666666666667,-1.124562280494405,22.385317471883678,-11.77411143506886,-12.689554884635626,-0.46162731427296333,-0.0898898505114083,-0.3337274608335796,-0.3990280777537797,-0.05595667870036092,-0.11826821541710675,-0.12077131258457374,0.0544041450777204,-0.3429029957203994,-0.33892451899358655,-0.08791208791208793,-0.5616989046842228
2001-06-30,0.006554443485174755,-0.02780951171782009,-0.022685373352073324,-0.3196330144803543,0.05665884807124999,0.15147673517084836,-3.3659089587814663,-3.3659089587814663,-3.4285714285714284,-3.4285714285714284,-17.503660534666196,-0.7183057563999566,-0.9456692874315881,-1.408875714407575,0.35059021922428335,0.052950075642965055,-0.09361135758651273,-0.17160826594788847,0.055449330783938544,0.11616766467065887,0.5621392843401309,0.051597051597051635,0.049932157394844134,-0.12910447761194033,-0.04819277108433728,0.4288182905755682
2001-09-30,0.026977728006613244,0.02603467388754699,0.03569356938642798,0.050397690727883804,0.013164022909884388,0.020020399505357167,0.19346448715428477,0.19346448715428477,0.2058823529411764,0.17647058823529416,-0.2558167882908978,-0.626355497460299,-3.3976887140398326,-1.4091053970572043,-0.10619679366736523,0.028119868637110024,-0.02398433675966727,-0.10737527114967471,0.0126811594202898,-0.02682403433476399,0.12167487684729061,0.0490654205607477,-0.013440165417420658,-0.06855184233076261,-0.03797468354430378,-0.02316494557633264
2001-12-31,0.0253978549344549,0.030386856969629283,0.01342913686420033,0.018640510804688093,0.04478884658343585,0.06311057750374593,-0.02826259106746909,-0.02826259106746909,-0.04878048780487798,-0.050000000000000044,-0.2507544044215614,0.007176037920336276,-0.680306710538267,-1.89561435816075,0.10641198479179614,0.07366739868237171,-0.09578736208625882,-0.16403402187120286,0.04114490161001805,0.06063947078280041,0.09354413702239794,0.04677060133630295,0.018862981399004664,-0.12419503219871197,-0.052631578947368474,0.011523809523809492
2002-03-31,-0.022778046226238247,-0.040819608634513393,-0.06441094189074081,-0.12296827339397387,0.04264847950732453,-0.057540929687819875,0.3923446145822298,0.3923446145822298,0.41025641025641035,0.42105263157894735,0.31127576375663457,-0.5031610276531133,1.7734829668869319,3.5489126136812965,0.4375032325389654,0.017106731126812935,0.6317249029395453,0.6816860465116279,0.03951890034364247,-0.022869022869022704,0.12088353413654618,0.04893617021276575,0.06685523270763682,0.6323529411764706,0.0277777777777779,0.09368232746445715
2002-06-30,0.01262091834690815,-0.008107959845562895,-0.011686810476267517,-0.012049792364000944,0.04689839498028903,0.029981221157098448,-0.3067085733014937,-0.3067085733014937,-0.3090909090909092,-0.2962962962962963,-0.21033109805407812,1.9897601806589456,-0.08703891876709047,-2.6093113819300777,-0.48979293807401825,-0.17294332723948813,-0.012576478585996087,0.012964563526361328,0.046280991735537125,-0.20425531914893613,-0.5118237190970978,0.04868154158215021,0.033984092552422185,0.010939510939510733,0.013513513513513598,0.003960055096418724
2002-09-30,0.02634153210017165,0.05918868121215293,-0.0038834560578777655,-0.021998314284220832,0.06657807482326472,0.0061060666914027895,0.21575814880163446,0.21575814880163446,0.21052631578947367,0.21052631578947367,-0.019519648611499574,-0.6131283858121257,-0.5104351414155308,-1.5628459574026783,0.5403256750674601,-0.18589743589743601,-0.016867469879517927,0.023037542662116106,0.06635071090047395,-0.22192513368983957,-0.20513761467889913,0.046421663442940186,0.03916083916083912,0.02355187778485046,0.0,0.08300463042359807
2002-12-31,0.025305917852880944,0.07515462069324808,0.03670863410574188,0.04242744902346329,0.011129048513758066,0.11471686865215336,-0.1290797457402323,-0.1290797457402323,-0.13043478260869568,-0.13043478260869568,0.33142975115796625,0.05008110596384574,2.2592676110486782,-1.1466272057609852,-0.05143486550828924,0.11783871843605764,-0.03501400560224088,-0.005838198498749003,0.010370370370370363,0.04810996563573866,0.079870729455217,0.042513863216266046,-0.013907581875280406,-0.01741293532338306,0.0,0.031433095803642175
2003-03-31,0.025700786451205104,0.03394888624710202,-0.006133046414412147,-0.008264400255805215,0.06628069643425283,-0.05347647951159362,0.2772636886528137,0.2772636886528137,0.2749999999999999,0.2749999999999999,-0.21384476740453962,-0.252978178579381,-0.535908519164178,-9.273574532698047,0.4486251685712257,-0.09400048579062437,-0.0634978229317853,-0.04026845637583887,0.0674486803519061,-0.1032786885245901,-0.10389055151774262,0.042553191489361764,0.03958143767060962,-0.04050632911392393,0.0,0.04260382282950803
2003-06-30,0.04052128034954583,0.030043113219330397,0.03603277080383771,0.055991554552467404,0.04585439603032415,0.03125710217504207,-0.6920738444482453,-0.6920738444482453,-0.6862745098039216,-0.6862745098039216,0.1321780330344342,0.28687357949252945,0.8537768588578021,-0.8151369789326465,0.057250285158807035,0.1327077747989276,-0.16543975203409522,-0.15122377622377614,0.04532967032967039,0.06032906764168189,0.15171755725190827,0.04251700680272119,0.005032822757111477,-0.145118733509235,0.0,-0.024591370932116052
2003-09-30,0.010193367897405103,0.05621137077917027,0.020857524258077076,0.0962717694439108,-0.0023584786673254143,0.025879645654247163,2.0863109838916976,2.0863109838916976,2.0625,2.0,0.020025064112050517,0.36059863803766246,-1.0783498413359682,9.321791075432621,0.5589267656989898,-0.020828402366864007,-0.012070566388115211,-0.008238928939237944,-0.0026281208935611255,-0.06206896551724128,0.12013256006627993,0.039151712887438794,-0.01241018941868055,-0.010030864197530853,0.0,-0.03653381642512077
2003-12-31,0.02143291726262242,0.002878603565893645,-0.045269336238492164,-0.049706603933533655,0.10176929429917281,0.14129546309535868,0.24063440516961654,0.24063440516961654,0.22448979591836737,0.25,-0.4061496250833301,0.1637970842403853,-16.109288238263503,-2.1389367029832678,-0.4083464481725534,0.05269518975102727,0.073778195488722,0.10384215991692636,0.10144927536231885,0.05514705882352944,0.03920118343195278,0.03767660910518056,0.07870370370370372,0.09041309431021038,0.01333333333333342,0.05531181447822009
2004-03-31,0.05008324430209421,0.0633994838886478,0.0658360675636096,-0.08973896971477979,0.033642542856788804,-0.0568708682015745,-0.12863620191615344,-0.12863620191615344,-0.11666666666666659,-0.1333333333333333,1.0956909241597703,1.3949903273346962,-1.050491956634315,-1.1876202110326974,0.12949140006672533,-0.006429391504018223,-0.035010940919037226,-0.022577610536218207,0.035885167464114964,-0.09756097560975618,-0.11992882562277585,0.03933434190620266,-0.015532393214796603,-0.02358827734095781,0.0,0.1682256867112102
2004-06-30,-0.013087642741060446,-0.04019639540878939,0.021939179953141652,0.09635530547941595,-0.050782553813849884,-0.09835099451635176,-0.22924892059753876,-0.22924892059753876,-0.2264150943396227,-0.23076923076923073,0.021303848032452333,0.4992048556104822,14.97346655197512,-0.1650706192767344,0.09572111346780732,-0.028195054310145684,0.11882086167800443,0.12127045235803657,-0.050808314087759765,-0.06177606177606165,-0.03396684189243837,0.4221251819505094,-0.03819804857795317,0.14055636896046853,-0.013157894736842146,-0.12455516014234891
2004-09-30,-0.004404905104102297,-0.027321536024130344,-0.01691976246802307,-0.043096144909321454,0.010095068824202524,-0.004545987081997271,0.2677475096884865,0.2677475096884865,0.2682926829268293,0.2749999999999999,-0.37453258739965434,-0.8624028362842313,-2.3739549115532412,-4.910083744620732,-0.3415810512247346,-0.03139120095124848,-0.007296311309282544,0.0,0.012165450121654375,0.01851851851851838,-0.1477605692758477,0.026612077789150534,0.01446147204834869,0.021822849807445532,-0.026666666666666727,0.01647793263646924
2004-12-31,0.04365324823559358,0.050751942809726946,-0.011443107008462405,-0.064398021947083,0.10578175307425264,0.08492185158754273,0.21207617659458844,0.21207617659458844,0.1730769230769229,0.23529411764705888,-0.07297333508897164,0.4051495379331529,-0.7861075908977164,-1.9858681854702602,0.5114583834325452,0.07881168671740735,-0.014291547570436935,-0.008583690987124526,0.10456730769230749,0.06666666666666665,0.06335952848722992,0.025922233300099684,0.05957446808510647,0.03266331658291444,-0.04109589041095896,0.12311647504106249
2005-03-31,0.003118797904329007,-0.03571312457001896,0.016476925760389394,0.07945535981659746,-0.010347427432064293,0.059739981040489276,-0.14027939524217503,-0.14027939524217503,-0.11475409836065564,-0.15873015873015872,-0.3491327592844782,-2.029325466852793,1.0237463175353447,0.1519565411332966,0.3898075109250114,0.041192535275375475,-0.007870753935377062,-0.0025974025974027093,-0.005440696409140244,-0.05681818181818177,0.025866050808314167,0.027210884353741527,-0.013453815261044166,-0.0036496350364962904,0.0,-0.10669549182933802
2005-06-30,-0.03603954976388224,-0.06645404561418122,-0.08476786869674013,-0.1743961504771051,0.014414551796968045,0.02621761394279698,0.046741330583562446,0.046741330583562446,0.03703703703703698,0.05660377358490565,2.4640018530287833,-1.6818942487794393,3.1120124442793466,-1.536197120305426,-0.15039036930538974,0.048743169398907105,0.045093945720250606,0.07378472222222232,0.012035010940919078,0.054216867469879526,0.04367402071139126,0.02554399243140959,0.05231019743537546,0.031746031746031855,0.04285714285714293,0.13075663748309485
2005-09-30,0.03644311887031959,0.13716194211698363,0.08430223600481779,0.4398274478627513,-0.008265939067485517,-0.025309569499257778,-0.22386699990422465,-0.22386699990422465,-0.2142857142857143,-0.2142857142857143,-0.2509227416936669,0.06107990258436624,-1.169263508073395,-6.4564415453619235,0.9658509384237577,-0.045852438516048255,-0.057530962844586586,-0.04607922392886021,-0.006486486486486531,-0.05714285714285716,-0.11432269197584122,0.025830258302582898,-0.04313346228239856,-0.06686390532544384,0.027397260273972712,-0.21024801712199426
2005-12-31,0.010760793631595877,0.03615985142527145,0.010846017360876647,-0.15333661014452793,0.010673748097441482,0.12320572363087257,0.4344102986738827,0.4344102986738827,0.4318181818181819,0.4318181818181819,0.0,0.0,-3.3024914355859325,-0.9651736702072481,0.01711067846230252,-0.10594145915246833,-0.0008478168715557732,-0.0025423728813558366,0.019586507072905324,-0.101010101010101,-0.07696054554310772,0.02517985611510798,0.0,-0.04248573240329745,0.040000000000000036,0.22381635581061698
2006-03-31,-0.020922368922106638,-0.06825874659714515,-0.04322829957384022,-0.03438386064674681,0.0018642729644138267,-0.14285220561655765,-0.11422692786681088,-0.11422692786681088,-0.09523809523809534,-0.11111111111111105,-0.12716830382996613,0.033830332008317976,1.1012434499034418,-12.310414954806902,-0.1902731705260452,0.035426337649645756,0.002969876962240159,0.010195412064571086,0.009605122732123883,0.015730337078651457,0.035356200527704607,0.025438596491228038,0.023246411966848513,0.01655629139072845,-0.012820512820512886,-0.03503972906083108
2006-06-30,0.1938126982457986,-0.06702406070715416,0.33971789340250136,0.0745256642655443,0.051471647736537784,0.06128436628899747,-0.29210771861627527,-0.29210771861627527,-0.29824561403508765,-0.2857142857142857,0.3292745700136672,22.33033215886156,-3.5126965150255307,1.8191416132846343,-0.6624542912454292,-0.007078810759792442,-0.09052453468697119,-0.12531539108494538,0.05073995771670181,-0.015486725663716672,-0.020897043832823647,0.02566295979469646,-0.11932042670881082,-0.07687296416938116,-0.051948051948051965,-0.13174946004319654
2006-09-30,-0.022353689896503215,0.017457744333706948,-0.06406576137513076,-0.033815541713065334,0.029494901256500672,0.013205664878668477,0.16921031484179516,0.16921031484179516,0.17499999999999982,0.1499999999999999,-0.18299919246641105,-0.9465433048745513,-1.3252032564941925,-0.8295754267829923,-0.334468745811744,0.10646387832699622,-0.012093023255813962,-0.02499999999999991,0.02515090543259557,0.051685393258426915,0.19416970327954197,0.024186822351959902,0.05316285329744286,0.0028228652081863093,-0.0273972602739726,0.053093905472636926
2006-12-31,0.08643576768102901,0.12028157668805117,0.25231496431856715,0.6076396815120149,-0.1010154476303653,0.11557688960972556,-1.665250152966716,-1.665250152966716,-1.6808510638297873,-1.6956521739130435,-0.04941905487555731,0.0,0.0,-0.9804258085978256,-0.009837186769762751,0.014819587628865927,-0.4548022598870056,-0.4871794871794872,-0.10598626104023556,-0.008547008547008517,0.0047951176983433985,0.023615635179153216,-0.17252396166134176,-0.4623504574243491,-0.042253521126760396,-0.3031667527865948
2007-03-31,0.002983705202131315,0.019707171223101616,-0.007096822426121641,0.02961302196140214,0.018852390312750877,-0.14919421438093372,-2.4647553410861502,-2.4647553410861502,-2.40625,-2.40625,-0.13517702357394157,0.06691754689604279,-0.5725041217576491,-32.123213595983,0.3092065879752568,0.12169312169312163,-0.09585492227979275,-0.1480769230769231,0.02085620197585092,0.2543103448275863,1.0902386117136658,0.026252983293556076,0.0157014157014157,-0.10209424083769636,-0.044117647058823595,-0.009639830508474723
2007-06-30,0.02389632927656593,0.07255530732773896,-0.006733152528595632,-0.023964767146256172,0.07088497836567154,0.2042113429071104,0.417478929433134,0.417478929433134,0.4222222222222223,0.3999999999999999,0.45742113649036664,-0.5869736233225359,0.05045622580957132,4.315241132815409,1.255346245610744,0.059433962264150875,0.23973256924546327,0.21670428893905203,0.06666666666666665,0.03780068728522323,0.1772519717725196,0.024806201550387597,0.04586923466801829,0.1967930029154521,0.01538461538461533,0.09894106321531737
2007-09-30,0.012614975896303227,0.04046443652352094,0.008922470523375692,0.022717491282630453,0.01786906652098752,0.0009553230297836279,-0.2748325147864361,-0.2748325147864361,-0.28125,-0.26984126984126977,-0.0009386438707205125,1.230040022656683,0.5369066609547537,-0.5658330833089147,0.24166125706740593,-0.051825467497773725,0.0015408320493066618,-0.0278293135435993,0.01814516129032251,-0.11092715231788075,-0.23060648801128347,0.024962178517397904,0.005330748727889523,-0.032886723507917215,0.0,0.017325287132567535
2007-12-31,0.05560629578897758,0.09382447502748836,-0.0035598207284002203,-0.25887533390501505,0.139054187040625,0.23521893592083432,0.6778516188868975,0.6778516188868975,0.7173913043478262,0.6521739130434783,-0.31724046007503204,-0.36260871506882963,-0.44279402523796596,0.46693465985479965,0.2855056255629096,0.032870022539444044,0.76,0.8263358778625953,0.13861386138613874,0.013035381750465591,0.03276810265811192,0.023616236162361526,0.07905519402265604,0.7531486146095716,0.045454545454545414,0.47588978185993125
2008-03-31,0.03685478171333556,0.07612528131098117,0.05756197384098671,0.18313919447478155,0.011305990255667808,-0.1410533796949659,-0.2204113287471281,-0.2204113287471281,-0.2278481012658229,-0.21052631578947367,0.24289323496725523,2.9111804941277444,-0.5035631225591294,-0.5352110610701435,0.10322775266407858,0.010911074740862059,0.008304195804195835,0.03239289446186011,0.01304347826086949,-0.11213235294117652,-0.46372309740403816,0.02595529920692141,-0.024793388429752095,0.008620689655172376,0.01449275362318847,-0.09043173862310383
2008-06-30,0.07033311726101776,0.12211882946636199,0.08263154954378016,0.115696705196489,0.05446511880390292,0.08105973702565761,0.4095964566404404,0.4095964566404404,0.4098360655737705,0.41666666666666674,0.34733452297856715,-0.11769717801302115,-1.2549344576737114,3.285395970295819,0.40097957490744296,-0.03651735923727295,0.030342436064152656,0.04048582995951411,0.05579399141630903,-0.04761904761904767,-0.09557302441042625,0.025298664792691383,-0.01465872652313327,0.05056980056980054,0.0,0.0057729313662604476
2008-09-30,-0.05265512084423829,-0.10204740555734304,-0.10781401348051434,-0.20447724180401194,0.020414422810048904,0.02510780321795636,-0.17957601054149197,-0.17957601054149197,-0.18604651162790697,-0.18823529411764706,0.534517692887303,-0.9313501057050259,-59.33944142988402,-1.9076120316389589,-0.2597710153279815,0.05862584017923833,0.03323517038283552,0.06128404669260701,0.0138211382113822,0.0021739130434783593,-0.02836230558096986,0.024674434544208257,0.07694095769409559,0.0467796610169493,0.014285714285714235,0.12868480725623588
2008-12-31,0.01595554351863293,0.11925250150508315,0.1130207522348754,0.2126138364395651,-0.09646955016415681,0.06036656770245652,0.41638300147886986,0.41638300147886986,0.41428571428571437,0.42028985507246386,0.0,0.0,0.0,-2.3198359836267533,0.4631744239048401,-0.06807760141093477,0.07776872964169379,0.05591200733272217,-0.09302325581395354,-0.08026030368763559,-0.14218455743879477,0.024080267558528545,-0.11051154759335202,0.07059585492227982,-0.014084507042253502,-0.0769713711702662
2009-03-31,0.07115628572379618,0.05664260865988502,0.10083556495352997,0.015386854347015255,0.026530887435266548,-0.15495075134574077,-0.06352515840768225,-0.06352515840768225,-0.06060606060606055,-0.061224489795918324,-0.7410631664338754,28.681842547921402,-1.5005958051749766,-0.41400836919086814,0.18549827797613916,-0.03955336866010606,0.10313562523611641,0.07552083333333326,0.026525198938991856,0.0589622641509433,-0.1070252469813392,0.026126714565643416,-0.0417374423683573,0.10405323653962495,-0.02857142857142847,0.04060672017412603
2009-06-30,0.048251231243588766,0.08998731334158228,0.009306029982672825,0.023118414180947955,0.10788501044317433,0.115579855107669,-0.10463515118824274,-0.10463515118824274,-0.10752688172043023,-0.09782608695652184,1.4527792328235427,0.3310797766537672,-1.1956681756284273,-1.8790177418445593,-0.13754239921883893,-0.11684729064039412,-0.018835616438356184,-0.025827280064568137,0.10766580534022396,-0.14031180400890875,-0.19913952059004303,0.025461489497135448,0.05697644973410987,-0.012054794520548029,-0.014705882352941235,0.06536374926465771
2009-09-30,0.04654214169186632,0.09106540449398359,0.027503515073232343,0.04003577033478689,0.07323984089430158,0.03555228932406629,0.14925957123060618,0.14925957123060618,0.14457831325301207,0.14457831325301207,0.7680139059319022,-0.28958422226713676,1.5979164075322414,-2.0016704176491555,0.15974368171283526,0.03904506916555106,0.04642233856893552,0.027340513670256916,0.07231726283048201,-0.062176165803108696,0.04528012279355331,0.024829298572315528,0.025395304264494545,0.06433721575152518,-0.02985074626865669,0.049082765813853735
2009-12-31,0.05155400083696415,0.08862826873676033,0.03673157589174236,0.04191638042120149,0.07127106070267919,0.13255333875508035,0.03942400769538912,0.03942400769538912,0.05263157894736836,0.05263157894736836,-0.39518069823869384,-2.0292669369884955,-1.5878238956107027,4.856699786036858,0.8067047928440099,0.10994202276143428,-0.06537691794529688,-0.0508064516129032,0.06744017403915903,0.035911602209944826,0.031571218795888534,0.02422774076317369,0.01869158878504673,-0.026576341844710805,-0.03076923076923077,0.044856424352301305
2010-03-31,0.017971379041339608,-0.24119581754928854,0.09581943752491284,0.16353100109897034,-0.08731014029936701,-0.1242044625748866,-0.34815357350124676,-0.34815357350124676,-0.35,-0.36,-0.16908333819887078,-5.900424025691081,-2.033426504798628,-2.84127594685953,-0.822141025563893,0.054362545946991636,-0.10742326909350475,-0.11214953271028039,-0.08220108695652184,-0.013333333333333308,0.04839857651245549,0.026020106445890034,-0.10344036697247705,-0.1043897216274089,-0.015873015873015928,-0.3478674577409605
2010-06-30,0.00042692256932719275,0.12575148335185338,0.03216709728802836,-0.03255016881829176,-0.04546430963726489,0.14648066326905718,0.28776738134524416,0.28776738134524416,0.2769230769230768,0.296875,0.5421401515151516,-1.039671173923716,-1.4092241622917383,-1.3803762199312146,1.7582632338111588,-0.09633027522935778,0.0003998400639744215,-0.026794258373205704,-0.04515173945225759,-0.013513513513513598,-0.022403258655804503,0.02536023054755021,-0.045791762599130315,-0.03945008965929464,0.016129032258064502,0.16367693760192248
2010-09-30,0.07478668319726789,-0.023493838181856797,0.07500360621908664,0.06090238718628438,0.07494198514050199,-0.017166186230839875,-0.31044787674679675,-0.31044787674679675,-0.3012048192771084,-0.3132530120481928,0.08521750017140084,-8.876056504910608,-4.227698493973074,-1.1827871393402694,-0.11651821435166054,-0.01055837563451778,-0.11191047162270173,-0.1415929203539823,0.07364341085271309,0.03561643835616435,-0.01041666666666674,0.02473299606520518,0.0002680965147452419,-0.13503422526446796,0.0,-0.07958400944092037
2010-12-31,0.03640429172849813,0.1475830212953697,0.03050651062040921,0.10771155639057839,0.045982345673682756,0.1490970378136851,0.6177295488738688,0.6177295488738688,0.5862068965517244,0.6140350877192984,-0.0909954548183517,0.019804028252426553,-0.8641927155344299,-0.6628504816733756,-0.04446504781772298,0.023804637800123096,-0.015301530153015386,-0.05154639175257736,0.04476534296028878,-0.04761904761904756,0.15157894736842104,0.02413603949533738,0.009112838381131194,-0.0539568345323741,0.0,0.03598044715121396
2011-03-31,0.036814893667187265,0.059576622483609176,-0.0014808655494343848,-0.002162557145765187,0.10012066659415808,-0.09299880977318276,-0.40047902379641975,-0.40047902379641975,-0.3913043478260869,-0.40217391304347827,-0.1318240860532549,-0.05702328604169249,6.333669117174272,4.349552935078398,-0.24893712837866544,-0.05271597514531978,-0.07129798903107865,-0.0652173913043479,0.0953697304768486,-0.09166666666666667,-0.026812918951858555,0.025709694697375385,0.061088977423638724,-0.06539923954372628,0.0,0.061881188118811936
2011-06-30,0.005723766399130525,0.020511832047962475,-0.03781353951369515,-0.0804160648560418,0.07102021344192866,0.06364899318095096,1.2490640389526497,1.2490640389526497,1.214285714285714,1.2363636363636363,0.24463962337890943,-1.0893404831329332,1.025591304830682,-2.471966439664617,0.48787806241688436,0.0926787981379602,0.06692913385826782,0.10465116279069786,0.06940063091482651,-0.003058103975535187,0.12648716343143374,0.025065274151436112,0.06483103879849805,0.12123677786818554,-0.015873015873015928,0.10977564102564097
2011-09-30,-0.038321007751711655,-0.043003246536636675,-0.016753672159744992,-0.026891978296871066,-0.06729075748668834,0.02083693182745816,-0.8439449202226498,-0.8439449202226498,-0.8467741935483871,-0.8455284552845528,0.22023352956592324,3.82504268141425,0.9248005852049623,-0.2727140123662727,0.23847846636929249,-0.03272656855151046,-0.143450184501845,-0.1228070175438597,-0.0684365781710915,-0.0950920245398772,-0.15063924402445794,0.024452368823229875,-0.030089327691584344,-0.14078374455732945,0.016129032258064502,-0.016540859862159585
2011-12-31,0.01087937018231111,0.029200045586777357,0.02322731794347699,0.004299154513236481,-0.006664295759191696,0.05712612175316156,4.338949340492973,4.338949340492973,4.473684210526316,4.473684210526316,-0.5412076885048929,0.3754847554675176,-0.5184560526092885,0.8137976572616352,0.34926056072337963,0.055055055055055035,0.017770597738287597,0.03600000000000003,-0.01583280557314759,0.1322033898305084,0.19371727748691092,0.023868722028841383,-0.017207949587978666,0.02787162162162149,0.015873015873015817,0.024761396249082468
2012-03-31,0.03548470887509092,0.07713300652360111,0.031373301615954974,0.08434597991709158,0.04148383501638486,-0.08873275552295923,-0.2326258380347298,-0.2326258380347298,-0.24038461538461542,-0.25,0.5877058462952485,-4.673660326250262,-1.2226572168198142,-2.3988549044780303,-0.36209822070743103,0.0954459203036051,0.0714285714285714,0.07593307593307586,0.041184041184041176,0.11077844311377238,0.05153508771929838,0.02476930548810108,0.005672009864365002,0.06902218570254726,0.0,-0.006643220007815698
2012-06-30,-0.008908176953460911,0.02559790823662289,0.011253359460215773,0.019930033040184814,-0.037979992764114234,0.03706044212564863,0.3884378693270558,0.3884378693270558,0.379746835443038,0.3846153846153846,-0.07105886477327372,-1.1373275500567168,-0.5967232254591469,-2.0972698639188296,0.6228536716130799,0.06963450545643513,-0.024691358024691357,-0.04186602870813383,-0.03584672435105063,0.029649595687331498,-0.006256517205422418,0.024170616113744048,-0.029426189308484618,-0.047655649500384256,0.015625,0.005573039601363794
2012-09-30,0.02259865414997364,0.038341514109573094,-0.03041002829247108,-0.04874218676394748,0.1032065638200903,-0.00345249869992148,0.12651773268422106,0.12651773268422106,0.11926605504587151,0.12037037037037024,0.7028510825036807,-1.7722692737917107,-19.991193322180518,-0.651193668249555,0.13387239294144604,0.08437246963562739,0.30379746835443044,0.31585518102372023,0.09551282051282062,0.12303664921465973,0.13693599160545666,0.023600185099491133,0.07882769075290574,0.3365617433414043,-0.015384615384615441,0.09154332659581388
2012-12-31,0.06287303539054778,0.14885206426409625,0.11806124331829726,-0.18456380083529522,-0.010854079386100057,0.10883748799400328,-0.45780587459581656,-0.45780587459581656,-0.4590163934426229,-0.4628099173553719,-0.572911167545863,1.3051558764275115,-2.1436139549977478,1.9710847176150108,0.3507856997444525,0.008811230585424212,-0.10640776699029131,-0.11195445920303593,-0.004681100058513632,-0.07925407925407923,-0.2413474850023073,0.006329113924050667,-0.06932084309133502,-0.09722222222222221,-0.015625,0.40887641120602125
2013-03-31,-0.36511268604611313,-0.390316309481884,-0.5051338251086446,-0.21640149949819942,-0.15466416046937836,-0.5037439549333871,-0.48293869816912827,-0.48293869816912827,-0.4696969696969697,-0.4769230769230769,-0.6938043029924026,0.7202116469471707,-2.888842193654317,-3.291818274178628,-0.5951625614240408,-0.5042190969652109,-0.09213385484571923,-0.042735042735042805,-0.14814814814814825,-0.5012658227848101,-0.45255474452554745,1.5786163522012577,0.33165576245596395,-0.016053511705685475,-0.031746031746031744,-0.22195370134825743
2013-06-30,0.005077306086570976,0.038449027348358866,0.023614158796896767,0.0493246127403657,-0.011161675399697923,0.01266852551044595,-0.12596091881004878,-0.12596091881004878,-0.1428571428571428,-0.11764705882352955,0.556873906855982,-1.0171128139274415,-1.098149681999704,-1.1865182734039887,0.27420560149275564,0.0967452971036129,-0.22020105313547156,-0.1696428571428572,-0.008281573498964856,0.2842639593908629,0.24444444444444446,0.0024390243902439046,-0.016250944822373548,-0.1312032630863359,-0.049180327868852514,-0.010353659201133403
2013-09-30,0.02864883778528604,-0.004143738902545269,-0.00640534877928467,0.03773494191278193,0.06089582300623775,-0.014118003497964104,1.028618541975192,1.028618541975192,1.0666666666666669,1.0333333333333332,-0.27134402052029216,-75.75650052669512,-2.2028899083556324,-3.243118784055827,-0.48271309958232345,-0.04900626191124413,-0.2173112338858194,-0.17069892473118276,0.06680584551148239,-0.039525691699604626,0.2473214285714287,0.0024330900243310083,0.03131002689204787,-0.11971830985915488,-0.051724137931034364,-0.04036121358956013
2013-12-31,-0.026725828237558424,-0.025416491783942563,-0.13067610356112147,-0.16102355655589884,0.06223616855283809,0.053230891066685215,-0.38953169299206614,-0.40817036575288845,-0.4032258064516129,-0.39344262295081966,2.1123983720373474,-1.311374068050398,2.345016984096872,-1.2203543014350509,0.20556997613838757,0.0243343830518179,-0.14431372549019605,-0.03241491085899506,0.06392694063926929,-0.04115226337448563,0.34788833214030057,0.0038141470180304005,0.09145092195939641,0.04088888888888875,-0.07272727272727275,0.16163644709662628
2014-03-31,-0.030056107838800528,-0.0683742920974697,0.027535904104941666,0.07142105816766597,-0.07075602876325926,-0.07266953401113574,-0.36392163514544995,-0.34738867990552,-0.3513513513513513,-0.3513513513513513,-0.7932385307382308,-1.7085838683439265,-0.38364574611234015,-3.387343536204107,-0.4071942446043165,0.06400223588596976,-0.07516040329972506,-0.06030150753768859,-0.04537093807480064,0.0,0.2480084970791292,0.0037996545768566037,-0.04197952218430023,-0.06148590947907773,0.0,-0.130451963447765
2014-06-30,-0.004488502712303832,0.018236573531872136,-0.022120728553348346,-0.03269193010013749,0.00906370243693888,0.058543096872616385,0.2426666666666666,0.24128686327077742,0.25,0.25,1.6785714285714284,-3.0638655462184876,-0.46267361111111116,-2.067137809187279,0.733009708737864,0.023640661938534313,-0.018830525272547027,0.0035650623885918886,0.008349389852279954,0.07296137339055786,0.09106382978723415,0.0037852718513422534,0.013715710723191998,-0.010009099181073733,0.0,0.052601681436037495
2014-09-30,0.025051235684147022,-0.09825829773250083,0.09847504361037651,0.09844717344971077,-0.030251673586984107,-0.08052603134570346,0.15450643776824036,0.1576673866090712,0.19999999999999996,0.19999999999999996,0.33444444444444454,-1.6718241042345277,-0.5621970920840065,-0.971523178807947,0.012044817927170826,0.09212214523992834,-0.17373737373737375,-0.17051509769094142,-0.031847133757961776,0.08400000000000007,0.09204368174726985,0.0037709976002742174,-0.0539448251625374,-0.17095588235294112,0.0,-0.1790609821910416
2014-12-31,-0.029143341017076718,-0.07306851311953355,0.005891091644895319,-0.026887184699251554,-0.059507165326808775,-0.14811912225705326,0.6821561338289963,0.6809701492537314,0.6666666666666667,0.6388888888888888,0.030807660283097338,-0.9878787878787879,1.5830258302583027,9.465116279069768,0.12455023526155551,0.007753759398496207,0.21638141809290956,0.17130620985010703,-0.06118421052631573,0.040590405904058935,0.20607142857142868,0.0037568306010928865,-0.03138930163447251,0.24501108647450098,-0.03921568627450989,-0.047462529581908997
2015-03-31,0.04409448818897643,0.30954721184719225,0.07491342432267256,-0.12590201291302694,0.01616649633001943,0.12626494940202382,1.532596685082873,1.5316315205327413,1.5333333333333337,1.5593220338983054,-0.9983844911147012,19.5,-0.2142857142857143,-2.8600000000000003,-0.20600541471818856,0.06365120074609454,0.8693467336683416,0.8244972577696528,0.029432375613174466,0.13475177304964547,-0.09327805744743856,0.004083021435862477,-0.026653883029721825,0.8708815672306323,-0.04081632653061229,0.4982056590752242
2015-06-30,0.023900684534168715,0.0573430072554415,-0.005116785900412202,-0.002281121008038234,0.05184236993691149,0.05574841739840708,-0.6579406631762652,-0.6580447172292854,-0.6578947368421053,-0.6556291390728477,469.5,-2.180487804878049,-0.31999999999999995,-1.9820788530465951,0.2548047117172969,0.052389302937308146,0.08333333333333348,0.059118236472945895,0.051055139550714834,0.021874999999999867,-0.4320705421293273,0.004066418163334307,0.027186761229314182,0.09662065683008092,-0.02127659574468077,0.059744806301534004
2015-09-30,-0.05439093484419266,-0.24783493445648574,-0.023477308443259237,-0.04681545998911263,-0.08244958275382475,-0.003868471953578312,-0.2602040816326531,-0.2602564102564102,-0.25,-0.2692307692307693,0.26992561105207225,-5.946280991735537,1.179144385026738,-2.114355231143552,-0.22628458498023718,-0.05498854405332221,0.029776674937965097,0.014191106906338735,-0.08354922279792742,-0.10091743119266061,-0.12478435882691197,0.004049949375632744,-0.029535864978902926,0.00694444444444442,0.0,-0.21090150395549
2015-12-31,-0.011455961653684787,-0.10941235686422546,-0.02852823563834972,0.049229011993146665,0.004736867036142289,0.007378640776698919,0.3224137931034483,0.32582322357019056,0.28205128205128194,0.3157894736842106,-0.30711297071129706,-2.3082706766917296,-0.39018404907975457,-3.0403930131004366,0.5967432950191571,-0.05598413048269779,-0.026506024096385472,-0.029850746268656803,0.0176678445229681,0.030612244897959107,-0.06176084099868606,0.004033613445378226,0.01620553359683785,-0.06982758620689666,0.04347826086956519,-0.15120634570893465
2016-03-31,-0.039033141804252436,-0.12356057930060049,-0.056523266904271896,-0.08632701937731335,-0.023054075715430722,-0.058404009252120304,-0.5880052151238592,-0.5882352941176471,-0.5800000000000001,-0.5800000000000001,-1.1123188405797102,-0.855683269476373,1.8812877263581491,-1.8919208132691279,-0.33333333333333337,-0.06560821853840759,-0.43910891089108917,-0.4355769230769231,-0.02083333333333337,-0.08250825082508251,-0.03711484593837533,0.004352192835620938,0.016725009723842943,-0.44624652455977754,0.02083333333333326,-0.04075540268674149
2016-06-30,0.004894416832757376,0.046912784136708074,0.012822559191274285,0.033361134278565574,-0.0022681208377569595,0.09170931422722628,0.9462025316455696,0.9428571428571428,0.9523809523809523,0.9523809523809523,-10.774193548387096,-7.504424778761062,-0.875,-0.5464907018596281,-0.22675464907018594,0.0162418790604697,-0.04324801412180057,-0.04429301533219765,-0.0028368794326240065,0.03597122302158273,0.8370909090909091,0.0043333333333333,-0.007077276205049832,-0.07615062761506275,0.04081632653061229,0.013124957715986874
2016-09-30,-0.008385428435138453,-0.0007699414844472008,-0.022851439378020588,-0.04058572581575004,0.004885126964933484,-0.0058128633039564725,-1.534959349593496,-1.537581699346405,-1.5365853658536586,-1.5365853658536586,0.33883388338833886,-0.6231292517006803,3.167597765363128,-0.8968253968253969,-0.03025601241272302,0.04425866732235062,-0.39667896678966785,-0.39037433155080203,0.0035561877667140696,0.04861111111111116,0.12074425969912883,0.004314636574842545,0.0132922365632826,-0.40398550724637683,0.019607843137254832,0.04153589315525874
2016-12-31,0.3334177279287034,1.0631838495916166,0.7175958281812806,-0.19961543083763966,-0.011455525606469008,0.005846850245190494,-3.425531914893617,-3.4164133738601823,-3.4545454545454546,-3.4545454545454546,-0.03861955628594904,-3.7978339350180503,-19.10187667560322,-207.66666666666666,6.448,-0.04450200141276195,0.030581039755351647,-0.04678362573099426,-0.15733522324592475,-0.04635761589403975,0.5927234192864714,0.004296100462656938,-0.2585551330798479,0.015197568389057725,-0.05769230769230771,1.5776751939475542
2017-03-31,0.3459727338320737,-0.2781221989841649,0.23133744405145706,-0.0021021021021021546,0.5270230791703185,0.1878867429214326,-0.474937343358396,-0.47547169811320755,-0.5555555555555556,-0.5555555555555556,-0.5094017094017094,-4.970322580645162,-1.3257553317535544,-1.6150124069478908,-0.532438238453276,0.037210448496796555,-0.04896142433234418,-0.09202453987730053,0.5197645079899074,0.22916666666666674,-0.006875138611665554,0.0042777229351760315,0.13435897435897437,0.0029940119760480943,-0.10204081632653061,-0.2765893940901404
2017-06-30,0.0037242371661940776,0.033835169951885735,0.0005846466700558661,0.023623232019259754,0.007652573177731048,0.04767166535122347,-0.32458233890214794,-0.32613908872901676,-0.33333333333333326,-0.33333333333333326,1.3536585365853657,-0.9990250243743907,-0.9127074335076154,-1.0977405688924753,0.1113025499655409,0.09170824423853641,-0.3042121684867395,-0.32432432432432434,0.006640841173215284,-0.28248587570621464,0.0578383206788744,0.004423328964613393,0.004068716094032476,-0.26417910447761206,-0.09090909090909083,0.0099711181405584
2017-09-30,0.015417914013857947,0.06975929540109083,0.016944846683433656,0.1663971777157136,0.013606733751028388,0.02892873286123243,1.1307420494699647,1.1387900355871885,1.125,1.125,0.48408586232420436,50.0,0.005208333333333259,0.3797729618163055,0.13819121447028415,0.11664853101196959,0.6255605381165918,0.575,0.01154480483782283,0.11023622047244097,0.5043276335233271,0.004240743761213528,-0.0018009905447995411,0.6896551724137931,-0.050000000000000044,-0.08286239531558515
2017-12-31,0.055392536817628235,-0.057538475932076505,0.12795403447414433,0.12312539382482668,-0.03543331668331673,0.11129008639625138,-2.373134328358209,-2.382695507487521,-2.38235294117647,-2.38235294117647,-0.18204488778054861,9.300653594771243,-0.7098445595854923,-2.200448765893792,-0.14575009081002543,0.08127070746443188,-0.7944827586206896,-0.7904761904761904,-0.038586956521738935,0.07092198581560294,-0.39180465899522876,0.004547669319473702,-0.08615245827695084,-0.7947178871548619,0.0,-0.1608389012620639
2018-03-31,-0.07005901639344259,-0.25725914528217597,-0.12945163004961024,0.010996409335727098,0.016247532122859898,-0.9990262221636579,-1.5048309178743962,-1.4993983152827919,-1.5106382978723403,-1.4893617021276597,-0.324390243902439,-0.924492385786802,56.63392857142857,2.457943925233645,-0.5899861805038801,0.0830930064888249,-0.006711409395973145,0.0,0.012436404748445318,0.1258278145695364,4.135209967697277,0.004527081649151166,0.09279368213228034,0.29239766081871355,-0.23684210526315796,-0.2653602866368824
2018-06-30,-0.035158233203587796,-0.056268377439187334,-0.04238430813849947,-0.0065482796892342154,-0.0261791776808179,0.0510148849797023,0.7535885167464116,0.7590361445783131,0.75,0.7826086956521738,0.12274368231046928,0.25630252100840334,-0.7473276529821844,-0.8572972972972973,-0.20534093855327973,0.003994008986520026,0.9797297297297296,0.9545454545454546,-0.02680067001675046,-0.008823529411764675,0.04259525521207763,0.004506679542893854,0.0092592592592593,1.868778280542986,-0.31034482758620685,-0.05003612716763006
2018-09-30,0.04709493532120157,0.28848605013454187,0.08230387077920343,0.42732655569210154,0.004186152990810044,984.7087678640402,-0.2319236016371078,-0.23287671232876717,-0.23809523809523803,-0.2195121951219512,0.754823151125402,0.08026755852842804,-2.5150214592274676,-6.434343434343434,1.4042414355628057,0.10972981932703463,-0.03412969283276457,-0.046511627906976716,0.002868617326448719,0.1394658753709197,-0.4342785726598861,0.004486460503124512,-0.04094875811143439,-0.09621451104100953,0.04999999999999982,-0.09729352855422457
2018-12-31,-0.06231416725993555,-0.1958672235656188,-0.10525540636736297,-0.2946149029430182,-0.005894805406285619,1.9920118861024032,0.1616341030195383,0.15714285714285725,0.125,0.15625,-0.19147961520842882,0.5356037151702786,-2.932820720356131,-1.8190055762081785,-0.47835527208576467,0.04824495892457059,1.6996466431095407,1.7723577235772354,-0.005720823798627039,0.04427083333333326,0.09103374723851587,0.005104482373584407,0.06019598693420458,0.34380453752181506,1.0952380952380953,0.14000842578289574
2019-03-31,0.006505590043618614,-0.015240568616730399,0.0008230226879921698,0.011207279183311103,0.013137203511990547,-0.9996710589931577,0.02752293577981657,0.030864197530864113,0.05555555555555558,0.027027027027026973,-0.596600566572238,-0.2016129032258065,-0.7608877721943048,-0.7668085106382979,-0.21383975026014568,0.04018238814477049,0.1112565445026179,0.12023460410557174,0.008630609896432828,0.04738154613466339,-0.6167434715821812,0.005078558958895307,0.00660211267605626,0.10649350649350642,0.022727272727272707,-0.02617639812761763
2019-06-30,0.012084011240940606,0.05454924005829698,0.001425399523039328,-0.005596400746186725,0.024607922392886117,0.05892501658925009,0.49702380952380953,0.4970059880239521,0.4999999999999998,0.47368421052631593,0.4887640449438202,0.25757575757575757,-0.6068301225919439,-1.1399026763990268,0.038054268696227744,0.08095890410958906,0.09422850412249706,0.10209424083769636,0.02281802624073004,0.0714285714285714,-0.028602659865184954,0.005052897520922084,0.012461740271097588,0.10446009389671373,0.0,0.06052748086775028
