Quarter end,Assets,Liabilities,Shareholders equity,Revenue,Earnings,Earnings available for common stockholders,EPS basic,EPS diluted,Cash from operating activities,Cash from investing activities,Cash from financing activities,Cash change during period,Cash at end of period,Price,ROE,ROA,Book value of equity per share,P/B ratio,P/E ratio,Cumulative dividends per share,Equity to assets ratio,Net margin,Asset turnover
1996-03-31,0.047974514492461484,0.0638376763016979,0.02702300716201278,-0.02530930258143882,-0.07617555410805765,-0.07617555410805765,-0.07377049180327877,-0.29850746268656714,0.3652986965132883,-0.1761861816724285,9.243841982958946,2.222331772245502,0.11193576867895372,0.04910096818810494,-0.052050473186119994,-0.039874081846799525,-0.19586702605570538,0.2941176470588234,0.14927905004240904,1.3571260205284248,-0.019958226966813597,-0.016210295728368074,-0.04761904761904756
1996-06-30,0.047974514492461484,0.0638376763016979,0.02702300716201278,-0.02530930258143882,-0.07617555410805765,-0.07617555410805765,-0.07377049180327877,-0.29850746268656714,0.3652986965132883,-0.1761861816724285,9.243841982958946,2.222331772245502,0.11193576867895372,0.04910096818810494,-0.052050473186119994,-0.039874081846799525,-0.19586702605570538,0.2941176470588234,0.14927905004240904,1.3571260205284248,-0.019958226966813597,-0.016210295728368074,-0.04761904761904756
1996-09-30,0.2215914750590786,0.07707924627380347,0.41929996199226305,0.0,0.0,0.0,0.0,-0.29850746268656714,0.3652986965132883,-0.1761861816724285,9.243841982958946,2.222331772245502,0.32438401032232456,0.039551746868820015,-0.052050473186119994,-0.039874081846799525,0.43798882681564244,0.2941176470588234,0.14927905004240904,0.0,0.1617333649064645,-0.016210295728368074,-0.04761904761904756
1996-12-31,0.03783853384453084,0.021027604202430883,0.05529216968664308,0.36405428285575026,1.3961620550346825,1.3961620550346825,0.8938053097345136,-0.29850746268656714,-0.5121730427546499,-0.7753078911357763,-0.6300284314318554,2.0696856115658226,0.7518642035447971,0.18896639188332287,-0.052050473186119994,-0.039874081846799525,0.07303807303807308,-0.17045454545454553,0.14927905004240904,0.5454545454545456,0.01691805951895642,-0.016210295728368074,-0.04761904761904756
1997-03-31,-0.007194185503992201,0.026130733108147952,-0.04066976049762516,-0.19357859934326582,-0.3800828687540261,-0.3800828687540261,-0.3738317757009346,-0.29850746268656714,0.4982192459745738,1.5317814769702713,2.2614453891432307,-1.1475953152255172,-0.0633448836413415,0.09226666666666672,-0.052050473186119994,-0.039874081846799525,-0.0173787110789283,0.013698630136986356,0.14927905004240904,0.3529411764705881,-0.03367408298256169,-0.016210295728368074,-0.04761904761904756
1997-06-30,0.0386579143956951,0.005334987135651836,0.07446233530277535,0.2543890744230304,0.6682446214832776,0.6682446214832776,0.716417910447761,-0.29850746268656714,-0.6873302714886873,-2.2801575139873846,0.29233719356294174,-2.582812763802127,0.10704376520021475,0.08154296875,-0.052050473186119994,-0.039874081846799525,0.0847457627118644,0.10135135135135132,0.14927905004240904,0.3043478260869563,0.034432690313213055,-0.016210295728368074,-0.04761904761904756
1997-09-30,0.021662560512242246,-0.02930202785597491,0.07289931714750342,-0.027835618883303104,-0.018548424306741085,-0.018548424306741085,-0.021739130434782483,-0.29850746268656714,-0.3914819280072829,-1.0471570742570813,-0.8839719530999971,0.0005333333333332746,0.09674491521927475,0.27945823927765234,-0.052050473186119994,-0.039874081846799525,0.08763586956521752,0.18404907975460127,0.14927905004240904,0.2333333333333334,0.050130338881090974,-0.016210295728368074,-0.04761904761904756
1997-12-31,-0.0005216387093111008,-0.0008256546471722137,-0.0002451135731068588,-0.029542933639319147,-0.11604218576152192,-0.11604218576152192,-0.08444444444444443,-0.29850746268656714,1.0908943878376194,-16.867473435655256,6.375710464727516,0.8366737739872068,0.16201474571170627,0.11397318278052215,-0.052050473186119994,-0.039874081846799525,0.0056214865708932304,0.020725388601036343,0.14927905004240904,0.21621621621621623,0.0001909490166125405,-0.016210295728368074,-0.04761904761904756
1998-03-31,0.39897822277016104,0.7696666715678346,0.06200526092283054,0.5902627243561953,1.0937189760317687,1.0937189760317687,-0.296116504854369,-0.29850746268656714,0.2194848391089108,-4.728770996484309,-3.3572521333136907,3.099024843278384,0.571509501149202,0.1301868862844473,0.2867443150305049,0.21202185792349737,-0.03602484472049705,0.12690355329949243,0.14927905004240904,0.1777777777777778,-0.24093165330278732,0.13738588287686482,0.09999999999999987
1998-06-30,0.13985321025354747,0.05967803350419043,0.2613013122294956,-0.08283456136568101,-0.2740924197201583,-0.2740924197201583,-0.3310344827586207,-0.3262411347517731,0.15998541118264575,2.0751141153874935,1.8567143083779225,-0.27841343566796006,0.26241876178018564,0.04764573991031407,-0.030603448275862144,-0.06402164111812436,0.16752577319587636,0.0855855855855856,-0.23321033210332098,0.16981132075471694,0.10663983903420515,-0.01546593578700084,-0.045454545454545525
1998-09-30,0.10252822132574568,0.13678724858480762,0.05892878066971097,0.025911454111136267,-0.7686556283279775,-0.7686556283279775,-0.8865979381443299,-0.9368421052631579,-2.656231630463015,-1.1602911641700004,-1.0251284018928761,-1.7315972290362462,0.29605652303387053,-0.07597645799893005,-0.210760337927968,-0.24951830443159928,0.058498896247240584,-0.20746887966804983,-0.12030798845043311,0.14516129032258052,-0.03954545454545455,-0.20839133028435075,-0.04761904761904756
1998-12-31,0.005182987848219245,-0.029511380765291806,0.05258287631216896,0.1411774312076426,5.0135377013638545,5.0135377013638545,10.181818181818182,19.166666666666668,-0.41074656431843504,-0.8820832532108049,0.16648807929279408,1.069688841201717,-0.24285363565974427,-0.12767805442964675,0.11098591549295778,0.0808729139922979,0.05213764337851923,-0.17801047120418845,0.06673960612691454,0.12676056338028174,0.04708944628490297,0.08590806330067835,-0.050000000000000044
1999-03-31,0.004763702407829529,-0.00092492417855361,0.01192942356679505,-0.10213591964104363,-0.4591282767178533,-0.4591282767178533,-0.4552845528455284,-0.4628099173553719,0.07566780126346462,8.845764312076216,-0.284762888965438,-1.3299981855413567,0.10584645571093643,-0.01128443411881841,-0.22210953346855977,-0.20190023752969122,0.01090188305252715,-0.05732484076433131,-0.1579487179487179,0.11250000000000004,0.007231638418079056,-0.14850798056904935,-0.052631578947368474
1999-06-30,0.08916024297718361,0.16466006378231013,-0.004735585721305391,0.054927314558938845,-0.46424945163115505,-0.46424945163115505,-0.4626865671641791,-0.46153846153846156,-2.925474978188116,-0.9607803823455058,-31.988120083480496,20.14570732856806,2.0239683028967965,0.044981537428667284,-0.19947848761408082,-0.21577380952380953,-0.005392156862745079,0.03378378378378377,0.3215590742996344,0.12359550561797761,-0.08615660758357635,-0.19750067916327085,0.0
1999-09-30,2.0352461415770478,3.446483613768075,-0.01856821658314034,1.5769740625578743,-0.7859870952808079,-0.7859870952808079,-0.7777777777777778,-0.7714285714285714,-3.4106165842705747,-394.20982440542343,4.327916073047533,-1.1275045875649132,-0.08533993013686714,-0.27722454224221005,-0.06107491856677527,-0.3965844402277039,-0.01872843765401666,-0.27450980392156854,-0.08663594470046077,0.1100000000000001,-0.6766511171126933,-0.3327691266079892,-0.11111111111111105
1999-12-31,0.026536946010730755,0.00755554965982097,0.15169125929744287,0.09699787615908195,9.277090515784492,9.277090515784492,8.125,8.5,-0.5076857039453935,-1.0510313156602042,-1.0249625396603141,0.9890458849235251,-0.1855826469868711,-0.1764444444444444,-0.21856027753686036,-0.4119496855345912,0.0281265695630335,-0.16216216216216217,-0.18365287588294654,0.09909909909909898,0.12148823082763838,-0.38609842719431764,-0.0625
2000-03-31,0.004063687386149706,0.00017824639822294763,0.02647621872303718,0.1589404316025842,0.1478928362351919,0.1478928362351919,0.09589041095890427,0.05263157894736836,-0.5212701090146512,2.683961584899808,-0.22327827983795578,-2.5283197117497145,0.3482607737904517,0.01403130059363189,0.08324084350721428,-0.11764705882352944,0.02833414753297525,-0.010752688172043001,0.26205191594561206,0.0901639344262295,0.022342586323629066,-0.1462809917355371,0.06666666666666665
2000-06-30,-0.0013373979651316592,-0.002379842990416603,0.004521720324472955,-0.01908543147876396,-0.347166113699266,-0.347166113699266,-0.375,-0.38750000000000007,0.4268760118083992,-0.6337750355556758,2.141248746238716,-1.5910421728025914,-0.1526683920828893,0.35550824906865364,0.06762295081967218,-0.07878787878787885,0.00047505938242276,0.31521739130434767,0.25367286973555325,0.09774436090225547,0.00596026490066226,-0.09680542110358192,0.0
2000-09-30,0.04394168777144647,0.026382079776787748,0.14195832646008943,0.030897293870813414,0.23545572642370627,0.23545572642370627,0.19999999999999996,0.18367346938775508,0.42356238894126097,-3.444498267623442,-4.199173006154558,-0.4518906472953691,-0.09875587406529873,0.32155477031802104,0.18330134357005767,0.25,0.07217473884140557,0.3223140495867769,0.234375,0.08904109589041109,0.09414088215931526,0.20150053590568073,0.0625
2000-12-31,0.0049925631340761445,-0.0008474191086542682,0.0342917333348598,-0.08516154751983895,-0.19157673371082673,-0.19157673371082673,-0.19999999999999996,-0.22413793103448265,-0.6914340633259299,-1.2589651871630814,-1.083217306684632,-0.8683252965713102,-0.01442855498880824,0.1455733808674986,-0.11111111111111116,-0.07368421052631569,0.032329495128432306,0.06874999999999987,-0.07215189873417727,0.08176100628930816,0.028880866425992968,-0.08028545941123999,0.0
2001-03-31,0.03786572888467954,0.04238184360726582,0.0159781602598128,0.24954855578049595,0.04047878510915037,-0.015309171441628244,0.0,0.022222222222222143,-8.38175637178562,-4.35711969702865,0.644088633024497,-9.425410020220175,0.12334619919778844,-0.036047717842323634,-0.1551094890510949,-0.125,0.021021021021021102,-0.07017543859649111,0.09276944065484316,0.07558139534883734,-0.021052631578947434,-0.14936954413191073,0.0
2001-06-30,0.003595162500779514,0.003660017360623602,0.0032726715401423245,0.027569038413404856,0.11084176563001513,0.1737768416543206,0.12500000000000022,0.13043478260869557,-0.7821698625343793,-0.6881133037659748,-0.8232966151152612,-1.0767035985227258,-0.008422245385552363,-0.0368576809254777,-0.008639308855291516,0.01298701298701288,0.00546218487394956,-0.05660377358490576,0.12858926342072396,0.16216216216216206,0.0,-0.012542759407069615,0.0588235294117645
2001-09-30,0.057609529844476315,0.08764063938281863,-0.09177789466406072,-0.039776007534041535,-4.365268368347818,-4.365268368347818,-4.611111111111111,-4.75,4.763553256324853,2.6671249845162888,10.834141810300341,-14.431079436815574,0.11408066213999613,-0.1729050279329608,-1.173202614379085,-1.1538461538461537,-0.192227329711659,-0.17333333333333334,-0.18528761061946897,0.06976744186046502,-0.1415770609318996,0.0,0.0
2001-12-31,0.06524022627224424,0.03976254784178579,0.2170136992853413,0.27812806693207337,-1.1045324114869293,-1.1045324114869293,-1.0769230769230769,-1.087179487179487,-0.19733307102588848,4.238955301016393,-10.384943441972423,-2.0768484126881415,-0.1102681198216775,0.16818642350557256,0.7358490566037734,0.75,0.21055354371443347,0.44354838709677424,0.0,0.0652173913043479,0.14265831593597778,0.0,0.05555555555555558
2002-03-31,0.03497276611646005,0.03871633826154186,0.015919873018305886,-0.21537722136139592,3.2754782232789363,3.1368204906516803,3.9333333333333336,3.117647058823529,-0.6327208482369671,-0.7506017174980674,-0.636105630864419,-2.786243945821866,0.22137653582689998,0.1402139346631972,-0.5326086956521738,-0.5476190476190477,0.011111111111111072,-0.05586592178770955,0.0,0.061224489795918435,-0.018270401948842885,0.0,-0.052631578947368474
2002-06-30,0.021719586997140494,0.02032148881143514,0.028994870182988963,0.05648032366992384,-0.4747352190288415,-0.4571294215998746,-0.5,-0.48571428571428565,1.9698798112014013,-1.24207687992327,-2.1826539524288657,-0.6113114621740183,0.07045044627558972,-0.0542596348884381,0.3178294573643412,0.3157894736842106,0.028317836010143704,-0.06508875739644959,0.0,0.06538461538461537,0.006823821339950298,0.0,0.0
2002-09-30,0.03831245643794756,0.04380339671546629,0.009980094949612273,0.1546621514326758,-1.543888354186718,-1.6056400384985563,-1.6486486486486487,-1.6666666666666665,1.3893286645850789,-11.150483777953395,-0.3557716807815058,-4.9467716808031845,-0.259752169965333,-0.23163538873994627,-3.605882352941176,-4.0,0.00904233456637904,-0.25316455696202544,0.0,0.06137184115523464,-0.0271102895871842,-0.5404157043879907,0.0
2002-12-31,0.0,0.0,0.0,0.0,0.0,0.0,0.0,0.0,0.0,0.0,0.0,0.0,0.0,0.10711793440334971,0.0,0.0,0.0,0.0,0.0,0.0,0.0,0.0,0.0
2003-03-31,0.11331583058789074,0.12715083621449397,0.03953878065947247,0.18960290617562325,-5.378764820385772,-4.932301433429743,-4.833333333333334,-4.75,-0.41160860177975966,-0.21872945097746277,-0.8523593411676376,-0.18428981820574108,-0.26533071498705707,-0.1219665931295304,0.0,0.0,0.031364562118126216,0.0,0.0,0.05782312925170063,-0.06649778340721979,0.0,0.0
2003-06-30,0.02572370044063721,-0.007905016052407121,0.22016726731812053,0.17660295890892197,0.49717915972907,0.49717915972907,0.46739130434782616,0.4666666666666668,0.6287141817770134,0.8939245194088139,-12.95332364693062,-1.5290989644381834,0.2061403233138306,0.18162239770279975,0.0,0.0,0.16074249605055302,0.10169491525423746,0.0,0.06109324758842449,0.1899592944369064,0.0,0.0
2003-09-30,0.013055960446237469,0.011467332853893453,0.0205245616832459,0.015559294484859265,-0.04184706911258196,-0.04184706911258196,-0.07407407407407418,-0.0757575757575758,0.08378907168397953,-0.17759270069774835,-1.091675529894401,-2.4699761190996394,-0.25123225432200824,0.009720534629404698,0.0,0.0,0.01769309288873755,-0.13076923076923086,0.0,0.05757575757575761,0.007411630558722848,0.0,0.0
2003-12-31,0.049080547018833576,0.04704354819987855,0.05857207969943756,0.18706804935871624,0.2525319397687096,0.2525319397687096,0.24,0.2622950819672132,0.4953576285989696,0.22417513820466217,-0.1920901613872258,-1.9023594394862187,0.30276650870637245,0.12815884476534278,2.99097065462754,3.0,0.05048478769642273,0.10619469026548689,0.0,0.054441260744985565,0.009054895302772925,2.3316582914572863,0.2777777777777779
2004-03-31,0.05904321074293439,0.05805128380946645,0.06361482483579706,-0.0855069272694361,0.0049931962078699765,0.0049931962078699765,0.006451612903225712,-0.006493506493506551,-0.2606909549402717,-0.2276547192851488,-0.32507628791958354,-0.5998130683602878,0.09300454019407112,0.15200000000000014,0.052601809954750944,0.10000000000000009,0.05633354551241232,0.09600000000000009,-0.41140529531568226,0.05163043478260865,0.004486819966349032,0.07390648567119151,0.0
2004-06-30,0.022344501178948484,0.0313115102692374,-0.018766667872748388,0.0597894611756431,-0.07568063559559113,-0.07568063559559113,-0.08333333333333337,-0.07843137254901966,-0.05488677799751218,0.3900240131825605,-18.539855623100305,-0.05517267784669577,0.0803960344428769,-0.01157407407407407,-0.0037614185921546195,-0.00909090909090915,-0.02199457667972271,-0.058394160583941646,-0.12226066897347165,0.054263565891472965,-0.04020100502512569,-0.01193820224719111,0.0
2004-09-30,0.01499552032019591,0.01227590852024485,0.028100510678790602,0.0015150231099696487,-1.0063436874256977,-1.0334932168548385,-1.034965034965035,-1.0354609929078014,0.6230849223858717,-0.1282601015865581,-2.147700958953664,-2.1532601207602218,-0.05645166154031722,-0.06135831381733037,-0.24595469255663427,-0.24159021406727832,0.02772643253234741,-0.04651162790697683,-0.07621550591327197,0.05147058823529416,0.012798138452588814,-0.2480454868514569,0.0
2004-12-31,0.0317192605958132,0.030271070575023096,0.03859024029879832,0.06921168734630223,-113.77557251908397,-22.359936384009252,-21.4,-21.0,-0.5213410869872316,-0.3002889556167493,-0.8861966461256806,1.199602937559296,-0.2043835161130011,-0.05314371257485018,-0.13948497854077258,-0.1411290322580645,0.026978417266187105,-0.07317073170731714,0.2190611664295874,0.04895104895104896,0.006318207926478969,-0.12476370510396984,0.0
2005-03-31,0.014697583575893569,0.01513721528646772,0.012628445875999761,-0.041815425141549456,0.4775477879460659,0.4775477879460659,0.47058823529411753,0.48,0.4100180678444656,0.1929229863276385,-0.5454002686700831,-1.608816505187824,0.15308819512508642,0.16627140974967047,-0.023275145469659253,-0.032863849765258135,0.012259194395796813,0.13157894736842124,0.3278879813302218,0.046666666666666634,-0.001712328767123239,-0.02807775377969768,0.0
2005-06-30,0.019545585043806657,0.012436338207564734,0.053088330228600045,0.034984575298939946,0.06969265233385413,0.06969265233385413,0.07333333333333347,0.06756756756756754,-0.09975072619023095,-0.14117823623490955,0.8090912407427675,0.0072944819081104395,0.13391323734841976,-0.044283777677361025,0.013617021276595809,0.029126213592232997,0.04988465974625145,-0.054263565891472965,-0.031634446397188154,0.04883227176220806,0.032590051457976,0.03222222222222215,0.0
2005-09-30,0.041670251019389815,0.05652612128338652,-0.025716734927135887,0.07243707796193988,-1.23982869379015,-1.23982869379015,-1.2670807453416149,-1.2721518987341773,0.09201583560264548,0.4632764971476635,-0.17320373469922767,-4.151944567454219,-0.3717357910906298,0.07304964539007108,-0.09991603694374473,-0.1132075471698113,-0.12853611645152418,0.024590163934426146,0.02722323049001818,0.046558704453441235,-0.06478405315614622,-0.11302475780409038,0.0
2005-12-31,0.03129903377652976,0.006200810875268248,0.1547560856388699,-0.08754235832856327,-3.110946428571429,-3.110946428571429,-2.511627906976744,-2.511627906976744,-0.32187761944677284,0.5446043165467627,-36.26829268292683,-1.4256198347107438,0.25183374083129584,0.12535800837188793,-0.09794776119402993,-0.07978723404255328,0.14938543964702178,0.28800000000000003,0.24293286219081267,0.044487427466150864,0.12018946121965679,-0.047330097087378675,-0.0434782608695653
2006-03-31,0.038549007046764894,0.04072845065971409,0.029207585506264788,-0.0022354818362003703,1.0683004407298688,1.0683004407298688,1.2923076923076922,1.2461538461538462,0.34239802224969096,-0.4662319515603167,-1.0401106500691564,-2.1067961165048543,-0.22265625,0.06362568519968681,0.0,0.017341040462427904,0.0249520153550864,-0.07453416149068326,0.1769722814498933,0.042592592592592515,-0.008985200845666008,0.0484076433121019,-0.045454545454545525
2006-06-30,0.008373556216941358,0.00444107041184294,0.0254174549642181,0.03395158755108452,0.17177914110429437,0.17177914110429437,0.17449664429530198,0.17808219178082196,-0.18784530386740328,-0.16928446771378713,-4.844827586206897,-2.3508771929824563,0.3869346733668342,-0.04546291183508189,0.05170630816959676,0.0625,0.02434456928838946,-0.06711409395973156,-0.03925120772946855,0.04440497335701599,0.01653333333333329,0.09599027946537064,0.0
2006-09-30,0.015950451139318034,-3.779003854587071e-05,0.08382801219316538,0.030404378230465268,0.008726003490401313,0.008726003490401313,0.005714285714285783,0.005813953488372103,0.5113378684807257,0.025210084033613356,-2.6681614349775784,-1.051948051948052,-0.01449275362318836,0.011955264172772706,0.4778761061946901,0.5508021390374331,0.08200574562548968,-0.014388489208632893,-0.029541169076052864,0.04251700680272119,0.06715634837355733,0.5942350332594235,-0.04761904761904756
2006-12-31,0.010567037466319373,-0.001228222667321699,0.05676855895196509,0.0236057834169372,0.1505190311418685,0.1505190311418685,0.1477272727272727,0.1560693641618498,-0.3968492123030758,-0.28688524590163933,-0.793010752688172,-3.625,0.03860294117647056,0.09813262195121952,0.17032601463739194,0.2068965517241379,0.0547912140960658,0.014598540145985162,-0.32836787564766845,0.040783034257748874,0.04572271386430682,0.20236439499304582,0.0
2007-03-31,0.03930885529157657,0.03704334336038739,0.04769575570808238,0.02306140098010956,0.0541353383458647,0.0541353383458647,0.054455445544554504,0.050000000000000044,0.5373134328358209,1.2844827586206895,-6.5064935064935066,2.5238095238095237,0.13097345132743365,-0.014749262536873142,0.03638430926662872,0.0714285714285714,0.04164759725400469,-0.06474820143884885,-0.2073288331726132,0.03918495297805635,0.007992477668077091,0.06304222093695766,0.0
2007-06-30,0.017857654713790305,0.018626288424701265,0.015041112373821885,-0.02282333051563823,-0.07417974322396581,-0.07417974322396581,-0.07981220657276988,-0.080952380952381,-0.06310679611650483,-0.6150943396226415,-2.327830188679245,-1.2432432432432432,-0.028169014084507005,0.05459668897499115,-0.01810202962150298,0.008000000000000007,0.013400702987697688,0.01538461538461533,-0.03527980535279818,0.040723981900452566,-0.002798507462686617,0.0168661588683352,0.0
2007-09-30,0.013151225007040246,0.0014864961673473065,0.05604583772391991,0.05017301038062283,0.01078582434514641,0.01078582434514641,0.010204081632652962,0.010362694300518172,0.2815198618307426,1.5,-0.8507992895204263,5.388888888888889,-0.18518518518518523,-0.013026052104208485,-0.012849162011173143,0.01058201058201047,0.054628224582701,-0.030303030303030276,-0.0390920554854981,0.03913043478260869,0.04256314312441534,0.011771000535045317,0.0
2007-12-31,0.0018900964505099704,-0.009048802732523842,0.040037418147801596,-0.0403624382207578,-0.12804878048780488,-0.12804878048780488,-0.13131313131313127,-0.13846153846153852,-0.4454177897574124,-0.4784313725490196,-0.6428571428571428,-1.0347826086956522,0.007905138339920903,0.016582064297800292,-0.07130730050933787,-0.05235602094240821,0.039054470709146916,-0.0390625,-0.011811023622047223,0.03765690376569042,0.037685060565276096,-0.03701745108408239,0.0
2008-03-31,0.025371063947843053,0.0319600093840795,0.0034778437368832016,-0.11988555078683838,-0.34090909090909094,-0.34090909090909094,-0.34883720930232553,-0.3452380952380951,0.23329283110571075,1.8283208020050123,-41.8,-0.75,0.0019607843137254832,-0.04027962716378164,-0.1499085923217549,-0.13812154696132606,-0.005539070227497445,-0.07317073170731714,0.0,0.03629032258064502,-0.0211846087332469,-0.09500274574409673,-0.050000000000000044
2008-06-30,0.05217873618420166,0.07458379966424178,-0.024380041828503174,0.24642392717815342,0.9787798408488064,0.9787798408488064,0.9910714285714284,1.0,0.05123152709359613,-0.5804164820558263,-1.0375816993464053,70.0,0.13894324853228968,0.020985084980922775,0.02508960573476693,0.019230769230769384,-0.025462502486572558,0.026315789473684292,0.17397078353253637,0.03761348897535677,-0.07287985865724378,0.01577669902912615,0.0
2008-09-30,-0.03369934169923883,-0.026851535419616268,-0.05947204017884489,-0.056077203964527866,-0.9276139410187667,-0.9276139410187667,-0.9282511210762332,-0.9272727272727272,-0.008434864104967188,-0.6451953537486801,16.282608695652176,-2.450704225352113,-0.17697594501718217,-0.05469678953626633,-0.24825174825174823,-0.26415094339622647,-0.06042049397836291,-0.02564102564102566,-0.09162895927601811,0.03249999999999997,-0.02667937112910912,-0.25507765830346474,0.0
2008-12-31,-0.041221475617058134,-0.03658924062275293,-0.05926022401667097,-0.14258082343188727,-0.6296296296296297,-0.6296296296296297,-0.625,-0.5625,-0.09168241965973534,0.7380952380952381,-0.9132075471698113,-4.766990291262136,0.8100208768267223,-0.14357592093441152,-0.29116279069767437,-0.3162393162393162,-0.05930914620899419,-0.08771929824561397,0.15442092154420917,0.032687651331719136,-0.018600097895252077,-0.29591018444266237,-0.052631578947368474
2009-03-31,0.014849355371442163,0.013851521410841672,0.01882874152014402,0.15211086045762157,27.35,27.35,27.166666666666668,23.14285714285714,-0.41519250780437045,-0.15068493150684936,0.2318840579710144,-1.059278350515464,-0.026528258362168433,-0.10952580780528742,0.19685039370078727,0.16249999999999987,0.012009237875288736,-0.05769230769230771,0.296655879180151,0.030480656506447712,0.003990024937655878,0.11845102505694749,0.05555555555555558
2009-06-30,0.03456999466681254,0.0117276447122876,0.12522081804593022,-0.00783216783216778,-0.0564373897707231,-0.0564373897707231,-0.06508875739644959,-0.06508875739644959,0.35231316725978656,1.256048387096774,-3.0,7.260869565217391,-0.22511848341232232,0.04052780395852973,-0.155701754385965,-0.14516129032258052,0.124372432679142,0.030612244897959107,-0.10815307820299491,0.03526734926052333,0.08743169398907114,-0.13543788187372696,0.0
2009-09-30,0.028629964972572974,-0.00010153315057370715,0.13115150051325397,0.03777840428531154,-0.07663551401869162,-0.07663551401869162,-0.07594936708860767,-0.07594936708860767,0.32894736842105265,-0.2654155495978552,-1.6764705882352942,-1.4631578947368422,0.13455657492354733,0.078125,0.30259740259740253,0.35849056603773577,0.13009945199918804,-0.03960396039603964,0.26865671641791034,0.03406593406593417,0.0995888533576974,0.3686690223792697,0.0
2009-12-31,0.0020431503064726186,-0.013116030327646855,0.04985853840815668,0.16055419722901387,0.9291497975708503,0.9291497975708503,0.9383561643835618,0.9246575342465755,-0.006930693069306937,-0.04257907542579076,1.5304347826086957,-1.8295454545454546,-0.09838274932614555,0.08506616257088839,0.45862412761714877,0.550925925925926,0.049568965517241326,-0.04123711340206182,-0.20882352941176474,0.032943676939426236,0.047777316161196515,0.45524956970740105,0.05263157894736836
2010-03-31,0.017299307514747397,0.0065165571999381555,0.04927035134997704,-0.07560861423220977,-0.2077649527806925,-0.2077649527806925,-0.21201413427561844,-0.2099644128113879,-0.1794616151545364,-0.1537484116899619,-0.6804123711340206,-1.7808219178082192,0.08520179372197312,-0.028455284552845517,-0.01025290498974707,0.05074626865671639,0.04260780287474342,-0.07526881720430112,-0.3810408921933085,0.03189300411522611,0.03132434575733556,0.047900650502661124,0.0
2010-06-30,0.01047536209961053,0.0009711549929292129,0.037507268850552444,-0.04786021777665228,-0.10331125827814569,-0.10331125827814569,-0.1076233183856502,-0.10810810810810823,0.054678007290400954,0.20270270270270263,0.053763440860215006,-2.017543859649123,-0.07988980716253447,0.01932655907551295,-0.01104972375690616,0.03693181818181812,0.03692762186115206,-0.023255813953488413,-0.048048048048048075,0.032901296111665035,0.026912725874663534,0.03724604966139955,0.0
2010-09-30,0.027794411177644696,0.013497872340425543,0.06702475478748249,0.03404255319148941,-0.002954209748892156,-0.002954209748892156,-0.005025125628140725,-0.005050505050505083,0.24884792626728114,0.4993757802746568,-0.0714285714285714,2.1206896551724137,-0.27095808383233533,0.07134480062548887,0.011173184357541999,0.049315068493150704,0.06536878759100984,0.03571428571428581,0.020504731861198833,0.031853281853281956,0.038187944590041045,0.04896626768226331,0.0
2010-12-31,0.01173714618633781,0.014073862586702068,0.00564674983585034,0.13400205761316863,0.48296296296296304,0.48296296296296304,0.505050505050505,0.5177664974619292,-0.28874538745387457,0.25978351373855113,-12.142857142857142,-2.5745856353591163,0.5852156057494866,0.09888706440430561,-0.02279005524861899,-0.0026109660574413773,0.017233694844748237,0.02298850574712641,0.03709428129829995,0.030869971936389184,-0.006130544536602889,0.007261410788381717,0.0
2011-03-31,0.03437106352348396,0.04079097729418191,0.017498041264037534,-0.13631208890904967,-0.7412587412587412,-0.7412587412587412,-0.7416107382550335,-0.745819397993311,0.3009079118028535,-0.5829477858559153,-1.0364891518737673,0.20350877192982453,0.44430051813471505,0.04499418894238749,-0.1851590106007066,-0.17539267015706805,0.011829998539506281,0.03370786516853941,0.023845007451564815,0.029945553539020064,-0.01632801161103048,-0.15242018537590118,-0.050000000000000044
2011-06-30,0.035189051264207905,0.036550824263255066,0.031528062970568094,0.11685924369747891,1.3436293436293436,1.3436293436293436,1.3246753246753245,1.3289473684210527,0.05682951146560322,1.0095087163232965,1.108108108108108,-1.8221574344023324,-0.25291479820627805,0.058945027009850826,-0.05464006938421506,-0.053968253968254,0.029878752886835835,0.04347826086956519,0.26055312954876264,0.03083700440528636,-0.0033198081888602404,-0.05589307411907651,0.0
2011-09-30,-0.005982925135007977,-0.0026250748376598354,-0.01505412018413299,0.009640253938396404,-1.0510708401976936,-1.0510708401976936,-1.0502793296089385,-1.0508474576271187,-0.11792452830188682,-0.5023659305993691,3.653846153846154,-0.7624113475177305,-0.08043217286914761,-0.0445611402850713,-0.2844036697247706,-0.2919463087248322,-0.011772950245269698,-0.07291666666666663,-0.018475750577367167,0.026495726495726624,-0.00925240562546259,-0.29536679536679544,0.0
2011-12-31,-0.013694770063119921,-0.030490995844235758,0.03225263157894731,0.043083372147182164,-25.193548387096776,-25.193548387096776,-25.555555555555557,-25.333333333333332,-0.4951871657754011,-0.19809825673534076,-0.7603305785123967,1.2686567164179103,-0.19843342036553524,0.03988693467336679,-0.1512820512820513,-0.14691943127962093,0.031201248049921748,0.05617977528089879,0.43529411764705883,0.032472939217318864,0.0466940605155024,-0.13972602739726026,0.0
2012-03-31,0.025644248900062783,0.021098922034005874,0.03732256485560459,-0.06563965170797048,0.2973333333333332,0.2973333333333332,0.29864253393665163,0.29680365296803646,0.21186440677966112,0.21541501976284594,-2.597701149425287,-1.6644736842105263,0.16449511400651473,0.08109332527937196,0.4199395770392751,0.4388888888888889,0.032732774033833234,0.042553191489361764,0.2672131147540986,0.03387096774193554,0.01142041399000715,0.41825902335456466,0.0
2012-06-30,0.010607360527693954,0.009655150968624682,0.013015610868625016,-0.061887694145758676,-0.6628982528263103,-0.6628982528263103,-0.6655052264808363,-0.6619718309859155,0.4178321678321679,0.03252032520325199,-2.884892086330935,-1.9702970297029703,-0.13706293706293704,0.026679703869255444,-0.13617021276595753,-0.12355212355212353,0.011719270209082477,0.0,-0.29172056921086686,0.03744149765990645,0.0021171489061397875,-0.10479041916167664,0.0
2012-09-30,0.030947839604855476,0.02473090130738087,0.046619051315891724,0.3087111563932756,0.9512195121951219,0.9512195121951219,0.9583333333333333,0.9375000000000002,1.024660912453761,1.2551181102362206,-0.43511450381679384,-1.7448979591836735,0.11831442463533226,-0.0053061224489795444,0.29064039408867015,0.31277533039647576,0.04449124654468872,-0.020408163265306145,0.13150684931506862,0.03684210526315779,0.015140845070422682,0.26923076923076916,0.05263157894736836
2012-12-31,-0.01029858407836759,-0.023006987752648533,0.021065905129251217,-0.08777734527053327,0.1953125,0.1953125,0.19680851063829796,0.19892473118279552,-0.40925700365408035,-0.47136871508379885,0.8851351351351351,-2.0273972602739727,-0.10869565217391308,0.0791957324579402,-0.022900763358778664,-0.010067114093959773,0.022558286074354283,0.03125,-0.18886198547215494,0.048585931834662865,0.031911203607353444,-0.005928853754940566,0.0
2013-03-31,0.009897887514182191,0.007767557756790833,0.014928625912607574,-0.08043524642628552,0.24575163398692812,0.24575163398692812,0.24444444444444446,0.24215246636771304,-0.05876288659793816,0.9365918097754293,-3.913978494623656,-4.2,0.3902439024390243,0.07135614702154625,-0.0302734375,-0.016949152542372725,0.012324377618930349,0.05050505050505061,0.06567164179104479,0.03181189488243419,0.005042016806722671,-0.014579191517561374,0.0
2013-06-30,0.0024288205775671035,0.013339641935927071,-0.023155107007372444,0.09164733178654294,-0.06505771248688352,-0.06505771248688352,-0.06785714285714284,-0.06498194945848379,-0.019715224534501696,-0.3792633015006821,-1.1906519065190653,-1.7333333333333334,-0.20584795321637428,0.055601561575771896,0.1923464249748239,0.19999999999999996,-0.02300949598246893,0.04807692307692313,0.065359477124183,0.03418230563002678,-0.02575250836120402,0.160053799596503,0.0
2013-09-30,0.009563658099222883,-0.0004066693777958763,0.03381571716431586,0.09925611052072258,0.02805836139169471,0.02805836139169471,0.026819923371647514,0.027027027027027195,0.036871508379888285,-0.16153846153846152,-0.31612903225806455,-1.5056818181818183,0.13107511045655373,0.027120923456236623,0.07263513513513509,0.08333333333333326,0.03401869158878501,0.04587155963302725,-0.1498685363716039,0.029812054439403823,0.02403020940611067,0.08289855072463781,0.0
2013-12-31,-0.0007823733400997845,-0.010261278365428117,0.02151109221064562,-0.018948182521268397,0.08951965065502177,0.08951965065502177,0.09328358208955234,0.09022556390977443,0.3857758620689655,0.7077326343381389,0.5188679245283019,-3.1235955056179776,-0.24609375,0.061320240043644114,0.054330708661417315,0.0610079575596818,0.0318148951554591,0.026315789473684292,-0.021649484536082397,0.037130270610446825,0.022460610124036107,0.04443254817987152,0.0
2014-03-31,0.0070786160194689085,0.0019030219989342179,0.018872506504770126,-0.12908947575877017,-0.2645290581162325,-0.2645290581162325,-0.2627986348122867,-0.26206896551724135,-0.027993779160186638,-0.6139677666922487,1.9316770186335406,-2.4179894179894177,0.46286701208980996,-0.0033926184846303498,-0.0702016430171769,-0.0625,0.015767344078486234,-0.03418803418803418,-0.06427818756585879,0.03944174757281549,0.011803278688524488,-0.06355715017939512,0.0
2014-06-30,0.023828785761565108,0.01993617991186758,0.032551329633286885,0.08961303462321801,0.06130790190735702,0.06130790190735702,0.06481481481481466,0.06542056074766345,-0.32320000000000004,0.900596421471173,-0.6758474576271186,-1.9440298507462686,-0.2987012987012987,0.0467299360429132,-0.05702811244979911,-0.04266666666666663,0.03863401172818204,0.03539823008849563,0.11036036036036023,0.03794512551079987,0.008425145819831448,-0.03721948549534759,0.0
2014-09-30,0.0011288187424958185,0.006227466404457482,-0.010156636438582,0.07995846313603328,0.007702182284980763,0.007702182284980763,0.026086956521739202,0.021929824561403688,0.33096926713947994,-0.7604602510460251,3.019607843137255,-1.8379446640316206,0.35690235690235683,0.021681285108899218,-0.05281090289608181,-0.044568245125348294,0.0016605778811027427,-0.017094017094017144,0.053752535496957465,0.030371203599550034,-0.01124678663239076,-0.039226833428084085,0.0
2014-12-31,0.007083038633824312,0.016597571809298106,-0.014325215711097017,-0.08903846153846151,-0.29299363057324845,-0.29299363057324845,-0.2923728813559322,-0.28755364806866957,0.13143872113676736,2.5633187772925763,-0.12682926829268293,-1.7122641509433962,-0.1873449131513648,0.06347062795408509,-0.13938848920863312,-0.1428571428571428,-0.0009946949602122057,0.0608695652173914,0.09913378248315685,0.04694323144104806,-0.02144946376340595,-0.11952662721893503,0.0
2015-03-31,0.0015267486361045801,0.0005097508046780774,0.0038868421942068743,-0.07346421785940471,0.22702702702702693,0.22702702702702693,0.2455089820359282,0.2349397590361446,-0.1562009419152276,0.25,-1.6201117318435754,-2.9403973509933774,0.4473282442748092,0.011156462585034,-0.02194357366771149,-0.027210884353741416,0.006195375594645558,0.008196721311475308,0.16112084063047294,0.03232533889468203,0.0026569246097642996,-0.016801075268817023,0.0
2015-06-30,0.014654769405882284,0.023130895539769325,-0.00494916167261461,0.15014809751651859,0.3832599118942732,0.3832599118942732,0.38942307692307687,0.3951219512195123,-0.2409302325581395,-1.0,-3.978978978978979,-1.5392491467576792,-0.16666666666666663,-0.040365984930032295,0.06517094017094016,0.05244755244755228,0.003518416712479322,-0.04065040650406504,-0.0301659125188537,0.031313131313131404,-0.01954289499834383,0.045112781954887105,0.0
2015-09-30,-0.02083333333333337,-0.02350430390552749,-0.014481475215699535,-0.03506339144215531,-0.4394904458598726,-0.4394904458598726,-0.4359861591695502,-0.43356643356643354,-0.009803921568627416,-inf,-0.8810483870967742,-2.569620253164557,0.3139240506329113,-0.014582164890633798,-0.07923771313941819,-0.08637873754152814,-0.015558233811767352,-0.016949152542372947,-0.07931570762052875,0.0318315377081293,0.006418918918918992,-0.0706344015696534,-0.050000000000000044
2015-12-31,0.04711538461538467,0.06699401162705998,0.00027465925086689325,-0.03941695750359264,0.29356060606060597,0.29356060606060597,0.29447852760736204,0.2901234567901232,0.4418316831683169,11.022222222222222,-38.898305084745765,1.971774193548387,0.7100192678227359,0.05179282868525892,0.05119825708060999,0.036363636363636376,-0.29760712298274894,0.06034482758620685,0.14358108108108092,0.03654485049833878,-0.044645854313527966,0.05066854327938053,0.0
2016-03-31,0.5302346482230429,0.5122967049473584,0.5753217779303244,0.46975849540500114,-0.35724743777452417,-0.35724743777452417,-0.5355450236966824,-0.5358851674641147,-0.12446351931330468,-0.6683097145204354,-1.022808586762075,-1.9280868385345997,-0.3853521126760563,0.039231601731601895,-0.1968911917098446,-0.20350877192982453,0.5656789732213596,0.4878048780487805,-0.012555391432791718,0.03067765567765579,0.029515108924806688,-0.19156061620897513,0.0
2016-06-30,0.02272030847016171,0.020135985624892827,0.028956140924243368,0.1483204885851388,0.65375854214123,0.65375854214123,0.5816326530612246,0.5876288659793816,0.11078431372549025,-0.34551083591331266,0.6372549019607843,-0.8830409356725146,-0.0733272227314391,0.07567473748155851,-0.18967741935483873,-0.18942731277533043,0.027628782511891492,-0.31693989071038253,0.2296185489902769,0.03065304309195893,0.006143344709897747,-0.19055509527754766,0.0
2016-09-30,0.01003102313939186,0.004080476557175361,0.02426629399059843,0.0797771305559074,0.8732782369146006,0.8732782369146006,0.8709677419354838,0.8701298701298701,0.48631950573698157,0.5156102175969726,0.44311377245508976,0.7625,-0.13946587537091992,0.027027027027026973,0.19745222929936324,0.20108695652173925,0.023734488871380632,0.0,0.24513381995133798,0.02974137931034493,0.013907734056987753,0.1740020470829069,0.0
2016-12-31,-0.012508497620666192,-0.016987252948747367,-0.0020052923178698334,-0.04210155975137797,0.18382352941176472,0.18382352941176472,0.18965517241379315,0.1875,-0.13598574821852727,-0.35018726591760296,-0.03734439834024894,-1.8156028368794326,0.13218390804597702,0.002356637863315081,0.15957446808510634,0.1719457013574659,-0.002982202982202975,-0.016000000000000014,-0.16658524670249142,0.02888237756383405,0.010705921712947486,0.14559721011333915,0.05263157894736836
2017-03-31,0.007391135643923796,0.0020805122364608852,0.019658208182288917,-0.08055827619980416,-0.32111801242236027,-0.32111801242236027,-0.32463768115942027,-0.32456140350877194,-0.30378006872852237,-0.9423631123919308,2.6982758620689653,-0.32173913043478264,0.07918781725888335,0.04905956112852672,0.13761467889908263,0.1505791505791505,0.0171748359706676,0.04878048780487809,-0.10961313012895657,0.028071602929210737,0.012247600132406555,0.13546423135464236,0.0
2017-06-30,0.012555368491678376,0.008018399362823558,0.022854705021940536,0.0796271637816246,0.19396157365050315,0.19396157365050315,0.19742489270386265,0.19913419913419905,-0.3810463968410661,-3.7333333333333334,-0.31818181818181823,2.0,0.220131702728128,0.059913342297923,0.10282258064516125,0.1174496644295302,0.026180990324416564,0.04651162790697683,-0.07965766951942066,0.02809655718242987,0.010137344669718829,0.11327077747989267,0.0
2017-09-30,0.02816158244778766,0.03966654533509706,0.002423086853760692,0.061914158855451484,-1.053639846743295,-1.053639846743295,-1.053763440860215,-1.0541516245487366,1.8245614035087718,-9.823170731707316,-0.09914529914529913,-1.893162393162393,-0.1611410948342329,0.0011981956583029252,-0.2742230347349177,-0.27327327327327333,0.004991680532445919,-0.029629629629629672,-0.10729613733905574,0.026558891454965483,-0.024927160893493006,-0.26791089704996984,0.0
2017-12-31,-0.0033178579527145535,-0.01073377338673176,0.01388916407441898,-0.06910569105691056,-22.9,-22.9,-22.933333333333334,-22.533333333333335,-0.383399209486166,-0.24049758120248788,-0.3377609108159393,0.7224880382775121,-0.3308823529411765,0.05026399155227024,-0.032745591939546626,-0.02892561983471076,0.014164827078734454,0.04580152671755733,0.43189102564102577,0.027371578552680687,0.01726427622841964,-0.015625,0.0
2018-03-31,0.010531546742345244,0.014190763918860538,0.0022473227546313534,-0.022956955708047455,-0.2941943900848011,-0.2941943900848011,-0.2948328267477204,-0.28792569659442735,-0.49542124542124544,-0.1983621474067334,-5.489971346704871,-4.5055555555555555,1.9024725274725274,-0.02178430189690994,-0.013020833333333148,-0.017021276595744705,-0.0014511155450753765,-0.03649635036496357,0.0005595970900951208,0.02591240875912404,-0.008159268929503916,-0.01253132832080206,0.0
2018-06-30,-0.0073882723766300895,-0.007923808875346827,-0.006161405424376598,0.0867066785851105,0.1959334565619224,0.1959334565619224,0.19827586206896552,0.19999999999999996,1.9872958257713247,-0.5698070374574347,-2.414167198468411,-1.8019017432646591,-0.4789398958826313,-0.0990818144442922,-0.006596306068601621,-0.008658008658008587,-0.0006357856494095815,-0.09848484848484862,-0.09787472035794187,0.025257915332621783,0.000987166831194486,-0.014382402707275754,0.0
2018-09-30,0.0008953406472715919,0.0016042826625943807,-0.000725902964430758,0.02820211515863691,-0.04868624420401857,-0.04868624420401857,-0.04316546762589912,-0.04347826086956508,0.03280680437424066,1.287598944591029,-0.6502707581227437,-1.0553359683794465,0.050862851952770294,0.01734104046242768,0.3359893758300132,0.33624454148471616,0.0045442152140324765,0.025210084033613578,0.01859888406695598,0.025329632199861285,-0.0016436554898093814,0.33304721030042916,0.0
2018-12-31,0.0005188330431049604,0.006072805139186288,-0.012211882043428712,-0.12845714285714283,-0.7116165718927701,-0.7116165718927701,-0.7067669172932332,-0.7045454545454546,-0.06882352941176473,-0.06805074971164937,-0.2683870967741936,2.267857142857143,0.15816767502160767,-0.0412679425837319,-0.22564612326043731,-0.2287581699346405,-0.006966434452184922,-0.049180327868852514,-0.2860620815581253,0.025380710659898442,-0.012512347711557514,-0.22021893110109458,-0.050000000000000044
2019-03-31,0.02131476834494639,0.013051362603121008,0.040606614724121526,0.03278258589037497,1.9295774647887325,1.9295774647887325,1.9102564102564101,1.8846153846153846,-0.1648768161718257,-0.16707920792079212,0.11111111111111116,-0.7103825136612022,0.03955223880597014,0.03173736743605726,-0.016688061617458172,-0.012711864406779627,0.041727405247813376,0.0431034482758621,0.329923273657289,0.02409240924092404,0.01867289096365443,-0.011560693641618491,0.0
2019-06-30,0.018494633696533924,0.014471561113352127,0.027638238945659532,0.08265617064499753,0.10576923076923084,0.10576923076923084,0.11013215859030834,0.11111111111111116,0.04841149773071107,1.3982169390787518,-1.3158730158730159,-1.4716981132075473,-0.017946877243359638,0.08729498904088895,-0.04960835509138384,-0.047210300429184504,0.032447087633374005,0.04132231404958686,0.09423076923076934,0.02417015791169841,0.009165302782324192,-0.03759398496240607,0.0
