Quarter end,Assets,Current Assets,Liabilities,Current Liabilities,Shareholders equity,Revenue,Earnings,Earnings available for common stockholders,EPS basic,EPS diluted,Cash from operating activities,Cash from investing activities,Cash from financing activities,Cash change during period,Cash at end of period,Price,ROE,ROA,Book value of equity per share,P/B ratio,P/E ratio,Equity to assets ratio,Net margin,Asset turnover,Current ratio
1996-03-31,0.05647771363679377,0.03966854724964741,0.054878973166910816,0.057611869623549916,0.057435090479937,0.09439293356010325,0.08114399733954114,0.08114399733954114,-0.4782608695652174,-0.4782608695652174,-20.113452188006484,-0.33625000000000005,0.5116279069767442,-2.450067476383266,-0.20530581145667381,0.45542949756888174,0.05868452146514369,0.07658505963590723,0.061224489795918435,0.23362445414847177,-0.15465523957927552,0.0007993605115907965,0.07861060329067637,-0.006849315068493178,-0.0170120630992886
1996-06-30,0.05647771363679377,0.03966854724964741,0.054878973166910816,0.057611869623549916,0.057435090479937,0.09439293356010325,0.08114399733954114,0.08114399733954114,-0.4782608695652174,-0.4782608695652174,-20.113452188006484,-0.33625000000000005,0.5116279069767442,-2.450067476383266,-0.20530581145667381,0.45542949756888174,0.05868452146514369,0.07658505963590723,0.061224489795918435,0.23362445414847177,-0.15465523957927552,0.0007993605115907965,0.07861060329067637,-0.006849315068493178,-0.0170120630992886
1996-09-30,0.10319962736702548,0.12233078097076744,0.11877844311377239,0.1198666766161729,0.093893086080586,0.0,0.0,0.0,0.0,0.0,-20.113452188006484,-0.33625000000000005,0.5116279069767442,-2.450067476383266,0.3747929922426567,0.30846325167037847,0.05868452146514369,0.07658505963590723,-0.0673076923076924,0.23362445414847177,-0.15465523957927552,-0.008466453674121355,0.07861060329067637,-0.006849315068493178,0.0022026431718060735
1996-12-31,0.06865921288740573,0.08455467869222089,0.07542443640411922,0.07423037626049478,0.06452583387835187,0.1941847349291892,0.1713318978775762,0.1713318978775762,0.16666666666666674,0.16666666666666674,-0.7401000593572458,0.10384718859295128,-0.3730769230769231,-1.0621219171707772,-0.016927661193178234,0.1029787234042554,0.05868452146514369,0.07658505963590723,0.16494845360824728,0.18230088495575214,-0.15465523957927552,-0.003866602223296378,0.07861060329067637,-0.006849315068493178,0.009628466771324007
1997-03-31,0.06846484063366631,0.09683434425702475,0.012701067048893178,0.01542469605491692,0.10288389467087722,0.07344360018471097,0.334296218487395,0.334296218487395,0.357142857142857,0.357142857142857,1.6202283849918433,-0.35096271021203995,5.104294478527607,-14.372659176029963,0.2302657035986071,-0.24228395061728403,0.05868452146514369,0.07658505963590723,0.09734513274336298,-0.34955089820359286,-0.15465523957927552,0.032346757237587065,0.07861060329067637,-0.006849315068493178,0.08018036695345687
1997-06-30,0.09624109339666909,0.10277479237909137,0.1421073324159623,0.14709835064141719,0.0702460002673917,0.07952523415654755,0.2471954339696909,0.2471954339696909,0.1578947368421053,0.1578947368421053,0.22450504295853557,0.7243710101389411,-2.024120603015075,-0.5489427251085282,0.11600660498519111,0.12423625254582471,0.05868452146514369,0.07658505963590723,0.0,0.024165707710011697,-0.15465523957927552,-0.023813253955820124,0.07861060329067637,-0.006849315068493178,-0.038625785710858285
1997-09-30,0.07183445770627928,0.04623058590046858,0.053305564639666736,0.04407640146270464,0.08304098437451213,0.11351615707868423,0.316080164115512,0.316080164115512,0.09090909090909083,0.09090909090909083,-0.01393125889770186,0.43771777003484313,-1.66045142296369,0.24837007140639544,0.09443622442988331,0.10326086956521752,0.05868452146514369,0.07658505963590723,-0.008064516129032251,0.10337078651685383,-0.15465523957927552,0.01043171240571339,0.07861060329067637,-0.006849315068493178,0.0020463166300657143
1997-12-31,0.02736119684810623,0.016995943668651092,-0.05359827439701936,-0.059897648638998935,0.07498221803571781,-0.006766978446522964,-0.13189448441246998,-0.13189448441246998,0.08333333333333348,0.04166666666666674,-0.41249871094152835,-0.15873977582550747,-0.7384843982169391,-0.9089778662024373,0.00785407725321896,0.11001642036124792,0.05868452146514369,0.07658505963590723,0.12195121951219501,0.11914460285132389,-0.15465523957927552,0.04637865311308764,0.07861060329067637,-0.006849315068493178,0.08178512726004894
1998-03-31,0.04444640805867284,0.04256665611937316,-0.06181366116444509,-0.05962672261004809,0.09947335008360225,0.05142567025336153,0.08480662983425424,0.08480662983425424,0.0769230769230771,0.08000000000000007,0.09777075653852907,-0.2189413035649982,1.125,5.5683060109289615,0.051185964314610644,-0.03698224852071008,0.018601190476190466,0.04198250728862973,0.0869565217391306,-0.14194722474977262,-0.15465523957927552,0.052671523982999346,0.043220338983051,0.0,0.10866061973387375
1998-06-30,0.0997743936830231,0.11239077999456892,0.17839001766784457,0.19164567186568449,0.06503529488305526,0.07632517640461689,0.07231983702571942,0.07231983702571942,0.0714285714285714,0.07407407407407396,0.5647585545251039,1.4455970493314894,-0.5975935828877006,-1.3198835274542429,-0.01557626088717845,0.02611367127496167,-0.009495982468955444,0.008393956351427034,0.06000000000000005,-0.0551431601272534,-0.05760368663594473,-0.03157894736842115,0.011372867587327473,0.0,-0.06648947215415935
1998-09-30,0.1354531001589825,0.15764155142951508,0.2159490230989083,0.2256060165908138,0.09609731141332145,0.38068568286082294,-0.021253858940869175,-0.021253858940869175,-0.2666666666666666,-0.2413793103448275,0.39127324749642356,-0.6007163728909417,-4.122923588039868,-11.964889466840052,0.2881010678792617,-0.09356287425149701,-0.0803834808259587,-0.07658157602663707,-0.03144654088050314,-0.1447811447811448,-0.15403422982885084,-0.03454437164979152,-0.11967871485943771,0.048275862068965614,-0.05547646587774702
1998-12-31,0.09752396093982885,0.07818450202810823,0.10798140156185787,0.10359357922597812,0.0918520892257535,-0.09783656869732926,0.13672206720854052,0.13672206720854052,0.36363636363636354,0.36363636363636354,-0.39566654425266246,1.513456090651558,-1.7138297872340424,-1.1922438330170777,-0.009200837020590047,0.06688687035507845,-0.019246190858059342,-0.0264423076923076,0.08441558441558428,0.10104986876640432,0.08757225433526017,-0.00524367674275128,-0.017335766423357657,-0.013157894736842146,-0.022985257406622384
1999-03-31,0.21853626015457173,0.012494247583985318,0.1546897279250663,0.16472174494081715,0.25367668170304536,0.010235854537004707,0.16157950907150487,0.16157950907150487,0.16666666666666674,0.13333333333333353,-0.8282693242586291,-0.8739551047243355,-0.13412816691505214,-1.3318938926588526,0.00867364212359134,0.11300309597523217,-0.038021259198691704,-0.04567901234567917,0.22754491017964074,0.026221692491060544,0.061387191070953806,0.028837209302325473,0.01578458681522732,-0.06000000000000005,-0.1306946921853156
1999-06-30,0.021145097721354755,0.021521259914096813,-0.08291585932715573,-0.08323686394230279,0.07389689042699366,0.025014088394613054,0.08866225652333704,0.08866225652333704,0.05714285714285716,0.0588235294117645,9.89313517338995,10.673621460506707,-0.540447504302926,-0.9107806691449815,0.0007672021098057424,-0.18150208623087627,-0.03102422439439012,-0.018111254851228997,0.05365853658536612,-0.33333333333333326,-0.23134702053079614,0.05168776371308015,0.031078610603290757,-0.04255319148936154,0.11424134871339842
1999-09-30,0.0898504421910451,0.03515016685205774,0.14240049043219338,0.08570981584123016,0.06710108525662295,0.03950586809685164,0.06312769010043051,0.06312769010043051,0.05405405405405417,0.05555555555555558,-0.010589916839916835,-1.477722456274735,-57.157303370786515,162.9375,0.12567677638829,-0.06966864910790149,-0.006578947368421018,0.005928853754940899,0.06481481481481466,-0.11672473867595812,-0.12280130293159608,-0.020919902564837334,0.1170212765957448,-0.10370370370370374,-0.04658570575353371
1999-12-31,-0.06641377740687349,-0.11720395443799703,-0.11212580014565521,-0.05579571419749274,-0.04522825078052484,-0.27556207972195534,-1.109788044772565,-1.109788044772565,-1.1025641025641026,-1.1052631578947367,-1.5489526561166196,-1.8228220203099945,-0.18967587034813926,-4.365993137628669,-0.3757980761045373,-0.12876712328767126,-0.29271523178807946,-0.28028814669286184,-0.047826086956521685,-0.18145956607495062,-0.2298551800965467,0.02268403336748137,-0.1976190476190477,-0.09917355371900816,-0.06499269158488208
2000-03-31,0.03276231959433096,0.08111694034301853,-0.0071016135124926105,-0.006442329703391203,0.04994301928041489,0.1232474633848355,-2.121475054229935,-2.121475054229935,-2.25,-2.25,-1.2328947368421053,0.13900617083468658,-1.1214814814814815,-0.8794125420017367,-0.07259915899534042,0.1939203354297696,-0.29900124843945075,-0.2875341219290264,0.041095890410958846,0.2530120481927711,0.5843780135004824,0.016599885518030932,-0.24925816023738878,-0.05504587155963303,0.08810228351292504
2000-06-30,0.02306755340410871,-0.018588783678800236,0.18722349641836145,0.18936651087266587,-0.0438371093646166,0.046598310098290296,-0.34558349451966475,-0.34558349451966475,-0.4,-0.4,-1.9738058551617874,0.7436555460507557,0.7493224932249323,2.537883531621791,-0.2769539962255827,-0.39596136962247586,-0.4434550311665182,-0.44955300127713915,-0.04824561403508765,-0.4192307692307693,-0.16250760803408404,-0.06531531531531531,-0.4216073781291172,-0.04854368932038844,-0.17486787418543792
2000-09-30,0.01570229627624231,-0.0032065254801183496,0.09678541672389018,-0.02895596184713023,-0.02533047301774105,0.04125370713036425,-0.08571428571428574,-0.08571428571428574,0.0,0.0,1.8111814345991561,-0.4065412919051513,2.1185127807900854,-0.46008849557522125,-0.20680654893054473,-0.1133720930232559,-0.8448,-0.8468677494199536,0.018433179723502224,-0.06953642384105962,0.5832122093023255,-0.04036144578313261,-0.8405466970387243,-0.030612244897959218,0.026553075057521358
2000-12-31,-0.005915457122779855,-0.002831279888129923,0.0789618672365433,0.08824227915681071,-0.05424985738733601,-0.09154423847024595,-16.46551724137931,-16.46551724137931,-16.0,-16.0,0.6838649155722327,-0.30490493248828876,0.38015399900645797,-0.5379445992460252,-0.12047008547008542,-0.239344262295082,-6.257731958762886,-6.0606060606060606,-0.14027149321266974,-0.25266903914590744,3.564149644250631,-0.048650345260514816,0.0,0.010526315789473717,-0.08371698570390118
2001-03-31,0.11324227069552317,0.008725711416716297,-0.03827436538208606,-0.04882328293585669,0.21167842853408936,0.02486735623559677,-0.7488851727982162,-0.7488851727982162,-0.7777777777777778,-0.7777777777777778,-1.888467966573816,-0.8091179385530228,-1.5759920813461712,-1.0595956012770487,0.008162868665273715,-0.2693965517241379,0.4490196078431372,0.42215568862275465,0.15263157894736845,-0.1523809523809524,0.0,0.08841966347740038,0.0,-0.03124999999999989,0.060557979637710035
2001-06-30,-0.06572331777811224,-0.03554490168370583,-0.0459920839232848,-0.029780751264190553,-0.07589780180120387,-0.036879673691366466,4.969755826859045,4.969755826859045,5.1,5.1,0.9045648357160772,1.4662512980269988,-0.13013591626308385,42.76190476190476,0.3543303291724902,0.04424778761061954,1.3897158322056837,1.376842105263158,-0.07762557077625565,-0.0898876404494382,0.0,-0.010912397696271725,0.0,-0.032258064516129115,-0.005984291235506811
2001-09-30,-0.04071749982422834,-0.06446790841143668,-0.08265661497465993,-0.10746514311659316,-0.01839157856934437,0.018066810549605572,-0.8351847548222171,-0.8351847548222171,-0.819672131147541,-0.819672131147541,-0.4355698953051952,-0.36,-0.40840517241379315,-0.43539173014145816,0.14771716309028138,-0.11016949152542377,0.10532276330690826,0.11868910540301147,0.024752475247524774,-0.03703703703703709,0.0,0.023291449586270385,0.0,-0.022222222222222254,0.04816254860153024
2001-12-31,-0.10909046489114471,-0.01189509992898452,-0.08621593050512477,-0.07463145288637829,-0.12047030201035358,-0.1292232207141143,7.03835307388607,7.03835307388607,6.363636363636364,6.363636363636364,0.6507232851143256,1.2000000000000002,0.8017607771706132,0.08431703204047225,0.1395572367605109,0.053968253968254,0.3391393442622952,0.3657957244655581,-0.12077294685990325,0.025641025641025772,0.0,-0.012728361784965503,0.0,0.0,0.06784731362929275
2002-03-31,-0.018904401657691472,0.03791806771221018,-0.10635172927187497,-0.12622115329553918,0.026294033536981676,0.005558107487367847,-1.1596267190569745,-1.1596267190569745,-1.1604938271604939,-1.1604938271604939,-0.20233215547703176,-2.242523923444976,-0.19106992417860147,1.344367918240391,0.2871058144913341,0.09337349397590367,-0.09755164498852342,-0.08811594202898543,0.0219780219780219,0.2437499999999999,0.0,0.04595783406643417,0.0,0.022727272727272707,0.18780815777678184
2002-06-30,-0.06481468541241575,0.018034560573742642,0.8930702208613819,0.4440060817364406,-0.4959216139262952,0.049761698110334596,0.09978021978021978,0.09978021978021978,0.0769230769230771,0.0769230769230771,0.6147780632586162,-0.6628158844765343,0.7837950426994376,0.14347990902198626,0.2498255998308847,0.04683195592286493,-0.46121237812632476,-0.512396694214876,-0.4946236559139785,0.025125628140703515,0.0,-0.460991879350348,0.0,0.04444444444444429,-0.29500000000000004
2002-09-30,-0.004281471242037593,-0.012206823675164902,-0.02680636740421838,0.027385199103195923,0.03379030312776399,0.20255000652732047,5.838329336530776,5.838329336530776,5.928571428571428,5.857142857142856,0.937342258312301,-1.6088508208422554,-0.40121438580102753,1.384468755179844,0.4866295688649087,-0.19736842105263164,-1.8119590873328089,-1.7157757496740547,0.03191489361702127,0.5882352941176472,0.0,0.03820285176217397,6.714285714285714,0.08510638297872353,-0.03853873946206354
2002-12-31,0.0386051275894026,0.08026338440351188,0.048062763883881976,0.15668015478946162,0.02355674813820996,-0.24625776491164586,-0.9124755252929659,-0.9124755252929659,-0.9175257731958762,-0.9166666666666666,-0.8697819314641745,-0.4736225087924971,-0.10179407176287047,-0.9920753536547218,0.0025940337224383825,-0.14754098360655732,2.5891472868217056,2.1056466302367944,0.020618556701030855,-0.1728395061728395,-0.9066177210097556,-0.014511531484840634,2.092592592592593,0.0,-0.0660403618649964
2003-03-31,-0.06339412155718038,-0.06357743288542861,-0.1299562168055175,-0.13667888787045523,0.04505086387857249,0.10819504232744959,0.358931552587646,0.358931552587646,0.375,0.375,1.0326228795128318,-0.8062360801781737,0.35692574902301355,13.412280701754385,0.03728921268241758,-0.2576923076923078,0.19681425485961124,0.014662756598240234,0.04040404040404044,-0.2723880597014926,-0.7619816908993,0.1159610833552458,-0.022754491017964007,0.03921568627450989,0.08464346919007526
2003-06-30,-0.011228110776826394,0.027671755725190872,-0.0038730601195422487,0.014580715941464817,-0.02120446448047697,0.06532851985559573,-1.4552825552825552,-1.4552825552825552,-1.4545454545454546,-1.4545454545454546,0.29606248662529433,12.494252873563218,-0.46031999999999995,1.886488131466829,0.10376553474531769,0.41450777202072553,-0.16444845477103542,-0.13930635838150285,-0.01941747572815533,0.35897435897435903,0.43665158371040724,-0.010131950989632488,-0.16237745098039225,0.028301886792452935,0.012914748918046337
2003-09-30,0.029455937023354917,0.1503054604379941,-0.051339315744864056,-0.010935347158030573,0.1409867119815027,-0.027055602244693278,-5.9179708580679975,-5.9179708580679975,-6.2,-6.2,-0.01816230496161153,-2.555366269165247,-0.812926178476134,0.38039008961518195,0.12977114368687626,0.6336996336996337,-0.6530777537796977,-0.635997313633311,0.10891089108910901,0.6679245283018869,0.91496062992126,0.10830754582242341,-0.6217995610826628,-0.03669724770642202,0.16303831807392344
2003-12-31,0.04600985221674869,0.06594208859457895,-0.016117595337030055,0.025480514900370288,0.11731529859856438,0.031193401878012672,0.10183254691100618,0.10183254691100618,0.0769230769230771,0.03846153846153855,-0.06676196081728747,-1.173603504928806,0.13470681458003164,-0.10654548231879635,0.1026266383590968,0.5044843049327354,0.39221789883268476,0.4944649446494467,0.0714285714285714,0.35520361990950233,3.1381578947368425,0.06808419243986252,0.43133462282398427,0.03809523809523818,0.039477520555134316
2004-03-31,0.060338644119373175,0.08722326725510055,0.018788782945233562,0.04665978849626007,0.10233157791228731,0.033911128524528156,-0.20565680709092715,-0.20565680709092715,-0.2142857142857143,-0.22222222222222232,-0.059374718443102936,-2.637223974763407,-0.6438547486033519,-0.01401949051119844,0.09176983546036088,0.06110283159463492,0.08831749580771375,0.14567901234567882,0.13333333333333353,-0.010016694490818101,-0.28060413354531,0.0396139151417656,0.15405405405405426,0.0,0.03870750589027261
2004-06-30,0.07673438151268552,0.047645665309164364,-0.004279852857951294,-0.008904441542012753,0.15240719449179974,-0.052203797352568415,1.3397693079237714,1.3397693079237714,1.272727272727273,1.3333333333333335,1.214080459770115,-3.658959537572254,-2.392156862745098,0.8762788278134213,0.15771254500138476,0.02106741573033699,0.6055469953775037,0.7198275862068966,0.13970588235294112,-0.09780775716694778,-0.1267955801104973,0.07040618955512579,0.8185011709601873,-0.05504587155963303,0.057085763663858424
2004-09-30,0.03268201981228458,0.033139392091601216,-0.016042058896664435,-0.006307344201967657,0.07200564210478033,-0.038934539237853616,-0.46383024327510447,-0.46383024327510447,-0.48,-0.4693877551020408,-0.4186891628812459,-0.04420289855072468,-7.208450704225352,-0.5021949078138719,0.06781485468245418,-0.1691884456671251,-0.08093410108765187,-0.032581453634085156,0.06451612903225801,-0.2710280373831775,-0.5340082252451755,0.038127936393205664,0.027044430135222175,-0.058252427184466105,0.03969754253308144
2004-12-31,0.05830245377283694,0.0728338388392491,0.00675826913218347,-0.0024605478263770575,0.09648536325757773,0.15633786652894943,0.2915250849490305,0.2915250849490305,0.3076923076923077,0.3076923076923077,0.11736250651187019,6.235784685367703,-1.1978221415607986,-0.19381787802840433,0.051199066213921895,0.01490066225165565,-0.03828750435085282,0.005181347150259086,0.09090909090909105,-0.0461538461538461,0.014935505770536261,0.03603133159268923,0.03824451410658303,-0.030927835051546393,0.07547911547911546
2005-03-31,0.036340884874561885,0.02490926456542497,0.025410053574117963,0.04105454150187704,0.04377560975609751,-0.06178200133985068,-0.13386984446335992,-0.13386984446335992,-0.1470588235294119,-0.1470588235294119,0.031903556680431544,5.919740150880134,-9.928899082568808,-7.376971790443293,-0.5093064598439857,0.13866231647634586,-0.02062975027144398,0.013530927835051498,0.04999999999999982,0.043010752688172005,0.07759197324414724,0.007224462365591489,0.06763285024154597,-0.05319148936170204,-0.015489353924883487
2005-06-30,-0.04049866928141199,-0.05328214112647711,-0.03425050358102055,-0.06196438754447542,-0.04467365193902062,0.03143098934228972,-0.10703118020191194,-0.10703118020191194,-0.06896551724137923,-0.10344827586206884,0.15903956625572846,-1.4597074588897974,4.588492165425122,-1.4607106745630507,0.29161476131155784,0.08452722063037243,-0.19512195121951226,-0.18054672600127153,-0.03174603174603163,0.03350515463917514,0.02172563625077606,-0.004503753127606425,-0.17929864253393668,0.0,0.009235624448879154
2005-09-30,0.06098209019720047,-0.03686962547642292,0.05926317542855908,0.06187067607370378,0.062143189100604124,0.012807199723087637,-0.08604302151075538,-0.08604302151075538,-0.07407407407407418,-0.11538461538461542,-0.738987581444562,-2.1259552042160736,-1.0210056995771282,-2.1491613105502427,-0.2594522850948989,0.17569352708058128,-0.05509641873278226,-0.04654771140418923,0.060109289617486183,0.2119700748129678,0.4106925880923449,0.0011729222520107108,-0.04824259131633357,0.0,-0.09298261749287218
2005-12-31,-0.0029555836864989526,-0.00014308374078131347,-0.05986517345585318,-0.0623296618232837,0.03538168185042245,0.07687147160831365,0.6628352490421456,0.6628352490421456,0.6399999999999999,0.7391304347826086,1.8815873693193939,-1.2642756845307748,-22.48140043763676,-1.409658277061592,0.14352454805061354,0.04044943820224711,0.02818270165208947,0.039056143205858485,0.04123711340206193,-0.018518518518518712,0.06804478897502153,0.03849372384937233,0.037653874004344834,0.0,0.06631514905698643
2006-03-31,0.07863242673320348,0.11967192336155885,0.052121361976931846,0.05247317006053942,0.09484875444839869,0.05592712312665293,-0.013429888084265929,-0.013429888084265929,-0.024390243902438935,-0.025000000000000022,1.2006515622686216,-2.7440779278282044,-1.3166955281654273,0.48468198468198476,0.18634345123034324,0.12419006479481642,0.04442344045368607,0.05873140172278757,0.08415841584158423,0.07966457023060824,0.06733870967741917,0.014987912973408513,0.036985345429169536,0.022471910112359605,0.06385507797641665
2006-06-30,0.09350426694302638,-0.03139355696267243,0.02879597436978565,0.059236865757006374,0.13154045554643634,-0.05642692551734885,0.5553182970772721,0.5553182970772721,0.5499999999999998,0.5641025641025641,-0.8494044815288339,-0.5652449860370652,-2.963975554840785,-1.2901199955141864,-0.045570244585560915,0.17291066282420764,0.17239819004524892,0.19970414201183462,0.12785388127853903,0.08349514563106797,0.08122402720060462,0.03477294379167972,0.24427994616419912,-0.03296703296703296,-0.08558659217877096
2006-09-30,0.2499461781829755,-0.1497837880632915,0.7934479538293056,0.2155738969453873,-0.0405210828123822,0.04089000047189839,-0.9192980950746524,-0.9192980950746524,-0.9193548387096774,-0.9180327868852459,1.9037086684539766,8.615328467153285,-10.493940386505077,-1.3446076536528797,0.016453652009412734,0.0016380016380015405,-0.15939791586260132,-0.2034525277435265,-0.028340080971660075,-0.11290322580645162,-0.21348707197763794,-0.23231548258401102,-0.13953488372093037,-0.07954545454545447,-0.30053763440860204
2006-12-31,-0.04618765995128682,-0.14996519140294162,-0.1042388596474797,-0.20716175826686212,0.011803362124455541,0.05733877365975282,0.39340776182881454,0.39340776182881454,0.40000000000000013,0.40000000000000013,-1.0470108486573824,-0.7899339558187202,-1.1049680869415215,-12.35614133482894,-0.18382539855467195,-0.0654129190515127,-0.2598714416896234,-0.2886996904024769,0.02083333333333348,-0.03838383838383841,0.05064415815193235,0.06076354187487509,-0.2445003142677561,-0.04938271604938271,0.0721123611208161
2007-03-31,0.04693057180318605,0.09771047318974024,0.09773744301785792,0.16387735010925164,0.0019972925589755164,-0.03581343995540742,-1.157954979015643,-1.157954979015643,-1.1428571428571428,-1.1428571428571428,-27.158756137479543,-0.31273489447817293,-0.9692686935086278,-1.2994369814302646,0.06744160177975522,-0.025371828521434714,-0.3746898263027295,-0.4047878128400435,0.004081632653061051,-0.044117647058823484,0.26173361522198735,-0.04296212549462963,-0.36023294509151416,-0.07792207792207795,-0.056833735253861706
2007-06-30,-0.007131795735171198,-0.024663783681034057,0.04493675708625422,0.07314875942124655,-0.05758085830509474,0.09073019967092089,5.5772946859903385,5.5772946859903385,6.000000000000001,6.000000000000001,-0.3135831821310142,-0.6065832369334314,80.86096256684492,-1.9892792347022925,-0.06250325646342858,-0.010771992818671583,-0.9494047619047619,-0.9524680073126143,-0.0325203252032521,-0.015384615384615219,0.5388739946380698,-0.05079740106320152,-0.951885565669701,-0.014084507042253502,-0.0911478128671136
2007-09-30,-0.04313024234207352,-0.16255115961800815,0.027177103272263192,-0.009823585576695049,-0.11866106295557899,-0.13492136297383528,2.163789937568858,2.163789937568858,2.428571428571428,2.428571428571428,-1.1363594932093701,-1.2999198075380916,0.8568722236738959,3.863454484828276,-0.32424831879064075,-0.1333938294010888,-8.019607843137255,-7.76923076923077,-0.11764705882352933,-0.10491071428571441,14.597778745644598,-0.07902924704418168,0.0,0.0,-0.15427311435523106
2007-12-31,0.12573878963809926,0.3130476268050595,0.16927614835533444,0.20924152213305725,0.07122731232112067,0.19334998586106145,-0.7659895531050493,-0.7659895531050493,-0.75,-0.75,-9.10360962566845,4.25668449197861,-1.7170448548812665,-2.241541256727572,0.5957331315590355,-0.25445026178010477,0.5502793296089385,0.4602272727272727,0.06190476190476191,-0.1546134663341645,0.0,-0.04842342342342343,0.0,0.0,0.08585813179897506
2008-03-31,0.02584589925989289,0.053495152514134725,0.13600611986558153,0.07067625714469195,-0.12470596044623483,-0.10484587587132954,1.4310515873015874,1.4310515873015874,1.3333333333333335,1.3333333333333335,2.837663944568176,-1.3903017972193963,-2.4623687567461485,-0.6781621890272524,0.1201513230458402,-0.2106741573033708,0.4108108108108106,0.2957198443579767,-0.08071748878923779,-0.256637168141593,0.0,-0.14674556213017753,0.0,-0.02857142857142847,-0.01606226196390137
2008-06-30,-0.003778182576272826,-0.00847083366630641,-0.01970755327051854,-0.045626768237211235,0.02447625367333406,0.20467004180316106,-1.1689451132421955,-1.1689451132421955,-1.1428571428571428,-1.1428571428571428,-1.0734889519387842,2.266724587315378,-0.9909078708984769,-1.8985929993136583,-0.09638620740427173,0.1654804270462633,-0.1583652618135376,-0.2132132132132133,0.019512195121951237,0.26984126984127,0.0,0.028571428571428692,0.0,0.014705882352941124,0.03895994614607878
2008-09-30,-0.04147233833798458,-0.046660982510615345,-0.062448377661531884,-0.12121720002095004,-0.005871085942704912,-0.006033748706726905,1.0736714975845412,1.0736714975845412,1.5,1.5,-1.921029540801404,-0.39773936170212765,-9.70110701107011,-0.6322321940042008,-0.039228865601417584,-0.0671755725190839,-0.6995447647951442,-0.7099236641221374,-0.019138755980861233,-0.08750000000000002,0.0,0.03694714131607335,0.0,0.02898550724637694,0.08487891795577873
2008-12-31,-0.01068514869911763,0.09700413361039062,-0.01435433130389785,-0.009071078635881413,-0.004812100058173341,0.005996683861459129,6.535235876528829,6.535235876528829,6.6,6.3999999999999995,9.026040012702445,-0.42481784058291017,-0.9864291772688719,-5.835150571131879,0.1974221176370825,-0.27004909983633396,-3.5,-3.4473684210526314,-0.004878048780487698,-0.2534246575342465,0.0,0.00598179453836134,5.837837837837838,0.028169014084507005,0.10698021649869349
2009-03-31,-0.008190405215233287,-0.01764390940359528,-0.0014188748705755705,0.02467762113265648,-0.018925276256657964,-0.19227000943128436,-1.3193692997372082,-1.3193692997372082,-1.3157894736842106,-1.3243243243243243,-0.9097618142658052,1.6760076775431862,26.03125,-1.1860939597315436,-0.03068179806313409,0.3094170403587444,0.07272727272727275,0.08602150537634423,-0.019607843137254943,0.31192660550458706,-0.9184642233856893,-0.010858324715615209,0.07905138339920947,0.013698630136986356,-0.04127326679255461
2009-06-30,-0.0030785279967318058,-0.019129293046070472,0.012723029658513463,0.017121860454195836,-0.028575650399916053,-0.011823654109938464,-0.1379477250726041,-0.1379477250726041,-0.16666666666666663,-0.16666666666666663,4.826956826956827,-0.7194089800602497,-18.34335260115607,-2.4145989613387187,0.04477625570776245,-0.04109589041095896,-0.37664783427495296,-0.37623762376237624,0.0,-0.020979020979021046,-0.10102739726027399,-0.025614218504965924,-0.3516483516483516,-0.04054054054054057,-0.035664040517726536
2009-09-30,0.011583788550123764,-0.0011618068622374356,-0.014112074019840937,-0.0018986172987696115,0.05480890485232992,0.19835952736033047,-3.1782706344750142,-3.1782706344750142,-3.3,-3.3,-1.483284139509668,0.8231083844580778,-0.9888014931342488,-3.3285743422394454,-0.09979633401221999,-0.13035714285714284,0.8640483383685802,0.873015873015873,0.05499999999999994,-0.12857142857142856,0.39142857142857146,0.0429184549356223,0.887005649717514,0.0,0.0007294478080093203
2009-12-31,0.06706657648501335,0.15499083380744683,0.04731219063342307,0.12977364054233753,0.09812577627471875,0.2053397918840525,1.521072303131847,1.521072303131847,1.4347826086956523,1.391304347826087,-5.0869998753583445,2.0493550196298376,-2.482142857142857,-3.0084961023035826,0.22266133260831578,0.10677618069815176,0.4716369529983795,0.4872881355932204,0.09478672985782,0.04508196721311464,-0.41752224503764546,0.029063786008230563,0.4491017964071857,0.028169014084507005,0.02237772432393048
2010-03-31,-0.05028786037627764,-0.08167859827338342,-0.06758291428894292,-0.15962128966223132,-0.024353668300411302,-0.30313475391347855,-1.1067941311793876,-1.1067941311793876,-1.1071428571428572,-1.1090909090909091,-0.5859103385178408,-0.4805039543866103,-8.598393574297189,-0.7981335310278662,0.03676231168150457,0.14285714285714302,0.07819383259911894,0.09686609686609682,-0.0216450216450218,0.04705882352941182,-0.22444183313748522,0.027243189202699414,0.10537190082644621,-0.013698630136986356,0.0927563097105375
2010-06-30,-0.014017499121117938,-0.010449902057001581,0.0157306162268942,0.05132452347603689,-0.05664874909905604,0.053337588183672846,-0.9281953087601723,-0.9281953087601723,-1.0,-1.0,-0.7407571070849904,-0.3382899628252788,5.3451374207188165,-3.762799740764744,-0.09796546811085749,0.05032467532467533,0.13993871297242078,0.1558441558441559,-0.03982300884955747,0.07116104868913853,-0.051212121212121264,-0.043309002433090105,0.1420560747663553,0.01388888888888884,-0.058785150388203755
2010-09-30,0.05226454980489259,0.07814187683449303,0.057959904429245146,0.5697934406098311,0.04347645983973636,0.049706241952760744,-16.573333333333334,-16.573333333333334,inf,inf,8.100852272727273,0.4895666131621188,-0.646064139941691,-3.044334975369458,0.22202501762103322,0.04791344667697062,-0.22580645161290325,-0.22696629213483144,0.05069124423963123,0.09090909090909105,-0.09773235388054935,-0.00839267548321454,-0.2013093289689034,-0.0273972602739726,-0.31318452793567175
2010-12-31,0.03463405992160218,0.09795238875564238,-0.024737791812337928,-0.0008929691593544398,0.12751805145712858,0.4558376367028458,10.600171232876713,10.600171232876713,10.428571428571429,10.0,0.004370220071796549,-0.2108477011494253,-1.1343845610731937,0.04830751577739534,0.19046295395477486,0.24041297935103234,0.35416666666666674,0.37790697674418605,0.12280701754385981,0.1826923076923077,0.5946902654867257,0.09002308284175431,0.33196721311475397,0.028169014084507005,0.09890997174000815
2011-03-31,0.02314767866553402,-0.03123717389903291,0.011242938833093463,0.009650470520453203,0.03925703086185517,-0.25982540480455396,-0.9401431839988191,-0.9401431839988191,-0.9375,-0.935064935064935,-0.4423310023310023,4.465862539827037,2.690017513134851,-1.0885872737886748,-0.014173136419356691,0.14863258026159332,0.09487179487179476,0.10970464135021096,0.03515625,0.02168021680216814,-0.17536071032186462,0.015529411764705792,0.0923076923076922,0.013698630136986356,-0.04050330639235855
2011-06-30,-0.002934423912142714,0.00903361344537812,-0.04484912591660828,-0.028188179693244164,0.0522551551242576,0.084395894512306,5.041923551171394,5.041923551171394,4.799999999999999,4.799999999999999,-0.5797246837206711,-0.7398925760919348,-0.6540104413858567,-1.7928336079077432,0.011398491254248633,0.08281573498964812,0.24121779859484782,0.2889733840304183,0.049056603773584895,0.04774535809018565,-0.05087483176312246,0.0553753475440224,0.2619718309859156,0.027027027027026973,0.03828850387671112
2011-09-30,0.0017192294592820456,0.01061489346935951,-0.02146019089692819,-0.29999887078378895,0.02942333834156119,-0.010735141047580443,0.07540816326530608,0.07540816326530608,0.06896551724137945,0.06896551724137945,2.5474075056358574,1.0396990555466625,-3.345679012345679,3.6197402597402597,0.052064610935149025,0.020076481835563875,0.13396226415094326,0.18289085545722705,0.02877697841726623,-0.027848101265822822,-0.23057288712422008,0.02766190998902296,0.1618303571428572,0.013157894736842035,0.44380934820687745
2011-12-31,0.08124261837443192,0.17382630760303397,0.06232087527566477,0.22093348389525191,0.10274008305388072,0.204085636073438,1.266913369389885,1.266913369389885,1.32258064516129,1.225806451612903,0.1673208478187731,-0.6329461622979125,4.758479532163743,0.9563701787923085,0.09681691708402895,-0.10965323336457355,-0.11591791458679979,-0.08852867830423938,-0.055944055944055826,-0.13541666666666663,-0.26022852930335416,0.01986754966887405,-0.05283381364073014,-0.038961038961038974,-0.038630994189387646
2012-03-31,0.848628284098808,0.21865127653101823,1.0140421292670565,0.31610564748058856,0.667585793968424,-0.8333789998296763,-1.076263027918463,-1.076263027918463,-1.0694444444444444,-1.0724637681159421,-1.4039453037435552,57.37930297199059,-30.325581395348838,-0.7711231175997241,0.020203147672731347,0.22526315789473683,-0.24717691342534498,-0.2571819425444596,0.6444444444444444,0.2981927710843373,0.29845540607872434,-0.09782153330540422,0.12271805273833691,-0.33783783783783783,-0.07405685441020204
2012-06-30,-0.020898104951997065,-0.10268522585709039,0.01131092021312341,-0.02285907419243649,-0.06347427599565358,0.9155555555555555,1.5526893523600438,1.5526893523600438,1.4,1.4,-0.5677025527192009,-0.9672209200117199,-1.1184545432508337,-13.924158714213963,-0.25593793515018903,0.16237113402061842,-0.42833333333333334,-0.4456721915285452,-0.05180180180180194,-0.29234338747099764,0.25594781273983114,-0.04341769212909219,-0.19241192411924135,-0.30612244897959173,-0.08162972527078394
2012-09-30,0.01479884854434621,-0.09717440675381783,0.051110171851521,0.04503082191780816,-0.03703292667670188,0.10904872389791187,-2.215867555364438,-2.215867555364438,-2.166666666666667,-2.166666666666667,-1.9765266825600587,5.4668156424581005,-0.6825703093024615,0.20344318358464175,-0.4139530531493958,0.07464892830746495,-0.2609329446064139,-0.28903654485049834,-0.040380047505938266,0.1311475409836067,0.6055606477238009,-0.0512135922330097,0.03914988814317688,-0.32352941176470595,-0.13613996719518873
2012-12-31,0.024642816771270004,0.055169389581222195,-0.03636515239338922,-0.12633172646805335,0.11969834441457317,0.014644351464435212,7.782316534040673,7.782316534040673,8.0,7.2142857142857135,-0.3470422535211267,-0.9469228376930785,-0.09707128384601216,-0.8166919624115995,-0.12947925457904697,-0.06052269601100402,0.8915187376725837,0.8598130841121496,0.11633663366336622,-0.020289855072463836,0.18154138915318763,0.09286262471220263,2.2475780409041985,-0.4347826086956522,0.20777576853526236
2013-03-31,0.24497036500528435,0.18504686543526727,0.43970446415985953,0.16852276265102262,-0.016152123018880582,-0.8185567010309278,-1.0436130798969072,-1.0436130798969072,-1.0396825396825398,-1.0434782608695652,9.04515386827725,87.9345703125,-29.434006527947776,-4.184620805073549,0.47367317795333364,0.13836017569546133,-0.005213764337851923,-0.06783919597989951,-0.024390243902438935,0.020710059171597628,-0.32919954904171367,-0.20973782771535587,0.08485250248591303,-0.15384615384615385,0.014148824674352412
2013-06-30,-0.015149141214756634,-0.009741105998208655,-0.006092536763636747,0.032042166489582025,-0.03292019036532334,3.3636363636363633,-1.868421052631579,-1.868421052631579,-2.0,-2.0,-0.34995848483980874,-0.9830787644533266,-1.0810174805482715,-1.1311851749412254,-0.04216599694178724,-0.029581993569131937,0.1278825995807129,0.06738544474393526,-0.025000000000000022,-0.005797101449275366,-0.02953181272508998,-0.018068720379146863,0.17170791322945322,-0.09090909090909083,-0.040451760537388304
2013-09-30,0.04418722012565501,0.1382553868609646,0.0970384422196322,-0.08114547337710609,-0.062395386482409165,-0.046875,6.31632110579479,6.31632110579479,5.999999999999999,5.999999999999999,0.27418076109936584,0.023577763357127468,-2.396900597741864,-13.39089184060721,0.5454747960386483,0.11133200795228637,0.1477695167286246,0.07323232323232332,-0.03962703962703962,0.13994169096209919,-0.03513112320633349,-0.10196078431372546,0.24458930899608866,-0.10000000000000009,0.23871067005154245
2013-12-31,0.050175617157718344,-0.0826834057188024,0.01187589960517399,0.16985986053753988,0.14054659573396888,20.34229508196721,2.6616044179625056,2.6616044179625056,2.714285714285715,2.542857142857143,0.7925956652494037,26.081994928148774,-0.87609749912834,-2.2157903692360046,-0.4291127913471182,0.16398330351818724,0.006477732793522151,-0.05647058823529427,0.14320388349514568,0.21227621483375958,0.0010256410256410664,0.08599261001007719,-0.8453802639849152,5.000000000000001,-0.21587380449633597
2014-03-31,-0.024882703640215498,-0.0559947933138083,0.020423368656520946,0.02214699074074078,-0.119725433791802,-0.9082096660214459,-1.114603798297315,-1.114603798297315,-1.1153846153846154,-1.1209677419354838,-0.7057927417177677,-0.9390723515824958,-12.335379892555641,-0.4944438224262442,-0.3800061014738215,0.021516393442623016,-0.033789219629927536,-0.06982543640897754,-0.10615711252653925,-0.10759493670886067,-0.03637295081967218,-0.09743272502319822,-0.12059620596205967,0.05555555555555536,-0.07642958973546654
2014-06-30,-0.015730468621379723,-0.05176875570488049,-0.04293431559442806,-0.044925181314295126,0.05028416213957376,0.051603905160390484,-2.945800865800866,-2.945800865800866,-1.6666666666666667,-1.6666666666666667,1.167267483777938,0.15292008196721318,-0.29205596930715416,-0.8905406527697035,-0.06708972444685757,-0.04714142427281853,0.15820149875104073,0.14209115281501328,0.04750593824228022,0.06619385342789585,0.017012227538543367,0.06716929403701166,0.11248073959938365,0.03508771929824572,-0.007203498842294764
2014-09-30,0.12874271157796668,0.05080862154156529,0.17062394627983934,0.056766177412088226,0.036131347654307255,2.3109283819628645,0.4000177983447539,0.4000177983447539,0.40000000000000013,0.40000000000000013,-0.28446138026976353,22.879360142190624,-7.417960406771016,-2.287051087506323,0.09255756429376882,-0.016315789473684172,0.006470165348670065,-0.0046948356807511304,0.027210884353741527,-0.05986696230598665,-0.1578672242550967,-0.0818882466281311,-0.1578947368421053,0.18644067796610164,-0.0056145806340156534
2014-12-31,0.015740213751652687,0.01904986977675671,-0.024514426376409992,0.062490183319496406,0.11630903100447743,1.4811531621028347,1.9472412916348842,1.9472412916348842,1.8571428571428572,1.714285714285714,2.25625528317836,-0.9585135977521608,-1.2362548118713523,2.385733935940263,0.2868272544156083,0.027822364901016527,-0.07357142857142862,-0.08018867924528306,0.10816777041942593,0.0,-0.011793916821849715,0.0989856593214411,0.09375,-0.15714285714285714,-0.040913829047949934
2015-03-31,-0.042797860269087384,-0.14876108141191768,-0.059101312145718676,-0.07172347524919753,-0.0072049603976573895,-0.9833711384312365,-1.0034939395246516,-1.0034939395246516,-1.0,-1.0,-0.36182391651415446,0.6255886970172684,-0.20870826675637033,-1.5131746952988974,-0.11438403125444685,0.034357105674128086,0.033924441017733065,0.0641025641025641,-0.015936254980079556,-0.0660377358490567,0.09484924623115587,0.0369191597708467,0.15187969924812017,-0.08474576271186429,-0.08296349968299987
2015-06-30,0.000544173449077423,0.07136999151794998,-0.017064703527989278,0.04738856691104121,0.036977491961414755,-0.04854368932038833,-167.9814814814815,-167.9814814814815,inf,inf,-0.9844204446071552,-2.4419535076222667,0.1603209607567022,1.0427505089346303,-0.2638367490030529,0.18470055359838944,0.16554809843400453,0.18795180722891547,0.028340080971659853,0.20454545454545436,0.0892139988525531,0.03652547575199505,0.3067885117493472,-0.09259259259259267,0.02291358024691359
2015-09-30,-0.015681048577737777,-0.0021784893185863297,-0.023969714574860856,-0.00877521652955393,0.0005747126436781436,0.04081632653061229,-0.45362463494880045,-0.45362463494880045,-0.4347826086956522,-0.4782608695652174,89.15404699738903,-1.4620646766169154,-0.45373359895582877,-2.6864134647325875,0.6044010556183901,-0.041631265930331396,-0.04350607805502238,0.0,-0.003937007874015852,-0.06918238993710679,-0.2077956281274691,0.016582765768433427,0.3536463536463539,-0.26530612244897955,0.006662160857391131
2015-12-31,0.1407422861937886,0.019594037191363656,0.16587417958385697,0.06948104240737596,0.09266259701053925,98.57617647058824,1.961231393775372,1.961231393775372,1.8461538461538458,2.0,-0.07208433490688981,19.365358732788074,-7.485873574782025,-0.2980302035456336,0.26444216332537684,0.004432624113475336,-0.05886287625418063,-0.04665314401622711,0.0869565217391306,0.009009009009008917,0.03191489361702127,-0.042237110399067856,-0.39704797047970486,0.5833333333333333,-0.046614233646652514
2016-03-31,-0.07831828970984,-0.19369517939415182,-0.15394531565819147,-0.06821464793926912,0.07605745721271395,-0.9958648271054675,1.044554116114881,1.044554116114881,1.0270270270270272,1.0833333333333335,-0.40023408239700375,-1.9002943434209925,-2.4510977398902583,-1.3680665980731457,-0.07697649624898517,-0.18314210061782876,0.9474058280028432,1.0297872340425531,0.09818181818181815,-0.2477678571428572,-0.16011597938144329,0.16757907542579087,1.0611995104039167,0.0,-0.134708249496982
2016-06-30,-0.018762586257088376,-0.14200387326869368,-0.022901864321296816,0.034935818146834885,-0.012119198150451926,0.0,-1.1883912207768987,-1.1883912207768987,-1.2,-1.2,-0.5203340878932168,-1.097167637891313,-0.818959220395147,4.324777636594663,-0.4440653180599561,0.08914100486223653,-0.27810218978102197,-0.25366876310272535,-0.01655629139072845,-0.008902077151335397,-0.4702723436900652,0.0067725970304766125,-0.24703087885985753,-0.01754385964912264,-0.1709103592605511
2016-09-30,0.0012561634512548991,-0.021271682328971697,0.002840747015947942,-0.06453043663019231,-0.001259275657741532,-0.09523809523809523,-0.417131332305137,-0.417131332305137,-0.4666666666666667,-0.4666666666666667,-0.5666937889883374,0.22309390980939092,-1.341320606179886,-0.9629885935188278,-0.029563692507100225,-0.06448412698412698,-0.21587462082912035,-0.1938202247191011,-0.0033670033670034627,-0.0479041916167664,0.26430123099203473,-0.002587322121604174,-0.18217665615141954,-0.017857142857142905,0.04613658673397847
2016-12-31,0.055548650361283425,0.5526662302867928,0.036078322304736066,0.06854464359226964,0.08658360704816892,0.13157894736842102,-7.791675147567678,-7.791675147567678,-8.0,-7.625,3.3783174762143213,-0.5625029695443531,-0.9839988467637307,-17.01611863313991,0.48792033312382155,-0.018027571580063628,0.17214700193423593,0.22996515679442497,0.08783783783783794,-0.01572327044025168,0.20561282932416947,0.029312581063553722,74.70491803278688,-0.9818181818181818,0.4530831099195711
2017-03-31,-0.037580396310772035,-0.1645232370321894,-0.07568996442323284,-0.2970433035927794,0.020341309044570544,52.828372093023255,-1.024095302315127,-1.024095302315127,-1.0178571428571428,-1.0188679245283019,1.4499914221993482,0.3471980886185926,-221.14864864864865,-0.034217624089207366,0.31670032869985354,0.1166306695464363,-0.7101210121012101,-0.7025495750708215,0.013975155279503104,0.025559105431310014,-0.06413301662707849,0.06023185483870974,-0.979912363386238,12.0,0.1885608856088561
2017-06-30,0.015019068104430433,0.013524336471409715,0.03759430399619812,0.18378570429642171,-0.016063136056956417,0.03947516222965319,17.537935323383085,17.537935323383085,24.0,24.0,-0.8434866839390333,0.11487303506650548,-0.8663270108239723,-1.1828602392563878,-0.04398259544433747,0.0730174081237911,-0.35104364326375703,-0.34285714285714286,-0.018376722817764146,0.05919003115264787,2.884263959390863,-0.03066318041359639,-0.663284717818643,1.0,-0.14382179447376597
2017-09-30,-0.023362175059718493,-0.11217823473053201,-0.05163835431201114,-0.1539019071307468,0.017692307692307674,-0.06177914288920572,-1.113656949243517,-1.113656949243517,-1.12,-1.12,-2.0457833122063978,-0.012364425162689763,-0.7070258686667688,5.251880556188739,-0.28762440093543207,0.029292474087426745,0.48245614035087714,0.5144927536231882,0.014040561622464809,0.04705882352941182,0.570961840041819,0.04217753800882784,0.03766478342749524,0.46153846153846145,0.04931556522527414
2017-12-31,0.025759151110618994,0.3752551170114957,0.05122942179804135,0.21430835647868607,-0.008702089564623261,0.4459211021773317,8.788665879574971,8.788665879574971,7.666666666666668,7.333333333333334,-5.358288770053476,0.06303536130024168,20.331243469174503,-1.0648995515368067,0.026203444722508573,0.024518388791593626,-0.8678500986193294,-0.8660287081339713,0.01538461538461533,0.011235955056179803,-0.3511355128525081,-0.03364705882352936,-0.9092558983666061,0.47368421052631593,0.13252699784017286
2018-03-31,0.08247033930853398,-0.005990692734595959,-0.055508357929778485,-0.15987531931556143,0.2804418536823974,-0.35872179414513095,-1.585815945000603,-1.585815945000603,-1.6538461538461537,-1.6800000000000002,-0.2615787321063394,-0.13298898071625342,-0.2726805133731752,1.5679775280898878,0.06557165399512255,-0.004273504273504147,-3.3134328358208953,-3.392857142857143,0.2742424242424244,-0.019444444444444486,13.935897435897436,0.18285853420988563,0.0,-0.0535714285714286,0.18315660996262118
2018-06-30,-0.024530448810992977,-0.06989844834412129,-0.010737858624307206,-0.036694940019309286,-0.03912782348098409,0.1227127227557212,-0.24984558369363807,-0.24984558369363807,-0.23529411764705888,-0.23529411764705888,-0.4245170152428217,0.3314798633727858,-0.2633439973059437,-4.335812732443666,-0.2052745655012722,0.057510729613733824,-1.1935483870967742,-1.1940298507462686,-0.033293697978596826,-0.16997167138810187,0.0,-0.014820913956360648,-0.48,-0.018867924528301883,-0.03449387491940681
2018-09-30,0.009456000195346759,0.059871379998256424,-0.0035462688081512317,-0.04141818698472066,0.02362352040734983,0.044809464031149604,-2.045217510635378,-2.045217510635378,-2.0,-2.0,0.12997112608277184,-0.3779978522849302,-0.9208685714285714,-2.1351652675760757,0.2932088831670421,0.08279220779220786,4.2666666666666675,4.6923076923076925,0.02091020910209096,0.11945392491467555,0.0,0.01399916422900116,4.461538461538462,0.0,0.10570951585976629
2018-12-31,0.06961111189503333,0.3705033447445776,0.051731666578551216,0.18823383313771136,0.08857579615717737,0.3031259545871092,4.756581106807589,4.756581106807589,4.769230769230769,4.615384615384615,1.8438554052672824,-0.4645117974295032,1.5436164067013287,3.168929458663123,0.945220193340494,0.016866566716641662,3.4367088607594933,3.608108108108108,0.0879518072289156,-0.0030487804878047697,-0.708901287553648,0.017720997321244658,3.809859154929577,-0.03846153846153855,0.1534001691025486
2019-03-31,-0.003916690813232759,-0.09225440750462954,0.0068272539060754145,-0.12218663610006064,-0.014927053292642545,-0.3566025941553368,-1.2960770897479759,-1.2960770897479759,-1.2933333333333334,-1.3013698630136985,-0.49170959626213007,0.7603439011284256,0.21757892346127639,-0.6165327050997782,0.18633419078530933,0.09325469959454491,-0.10699001426533516,-0.1055718475073314,0.034330011074197087,0.003058103975535076,-0.8438356972252529,-0.011135857461024523,-0.09224011713030744,-0.020000000000000018,0.03408733898837579
