Quarter end,Assets,Current Assets,Liabilities,Current Liabilities,Shareholders equity,Revenue,Earnings,Earnings available for common stockholders,EPS basic,EPS diluted,Cash from operating activities,Cash from investing activities,Cash from financing activities,Cash change during period,Cash at end of period,Price,ROE,ROA,Book value of equity per share,P/B ratio,P/E ratio,Cumulative dividends per share,Equity to assets ratio,Net margin,Asset turnover,Current ratio
1993-12-31,0.049464680854444776,0.13178733639951679,0.06711888221741247,0.14371219868884255,0.03935350930136372,0.1674753878139601,0.30942878523322515,0.30942878523322515,0.29824561403508776,0.26530612244897966,0.12610875944805477,-1.0236180945875886,0.08502772643253231,-6.3335914370302895,-0.15301570928757613,-0.007507507507507505,-0.015693967631191796,-0.0075642965204235635,0.049645390070921946,-0.0746268656716419,0.10066555740432626,1.1538461538461542,-0.00959421201635735,-0.008797653958944385,0.0,-0.010461743306861893
1994-03-31,0.049464680854444776,0.13178733639951679,0.06711888221741247,0.14371219868884255,0.03935350930136372,0.1674753878139601,0.30942878523322515,0.30942878523322515,0.29824561403508776,0.26530612244897966,0.12610875944805477,-1.0236180945875886,0.08502772643253231,-6.3335914370302895,-0.15301570928757613,-0.007507507507507505,-0.015693967631191796,-0.0075642965204235635,0.049645390070921946,-0.0746268656716419,0.10066555740432626,1.1538461538461542,-0.00959421201635735,-0.008797653958944385,0.0,-0.010461743306861893
1994-06-30,0.02417494478938198,0.04039127496938222,0.03692095056420075,0.050557823368383215,0.0166798516865605,0.0,0.0,0.0,0.0,0.26530612244897966,0.12610875944805477,-1.0236180945875886,0.08502772643253231,-6.3335914370302895,0.9635636525216618,-0.027231467473525006,-0.015693967631191796,-0.0075642965204235635,0.013513513513513598,-0.0746268656716419,0.10066555740432626,0.0,-0.007305065904398944,-0.008797653958944385,0.0,-0.009659282041424522
1994-09-30,0.026700892419882827,0.06007406001723137,0.017198816145690632,0.006838514850242783,0.032399685203438056,-0.07728145550522314,-0.34565196685398614,-0.34565196685398614,-0.33783783783783783,0.26530612244897966,-0.3994729225737379,-22.531010452961674,-0.7640096834932305,-0.7682986191171572,0.11370093786930169,0.046656298600311175,-0.015693967631191796,-0.0075642965204235635,0.030000000000000027,0.03456221198156695,0.10066555740432626,0.4285714285714286,0.005599104143337197,-0.008797653958944385,0.0,0.052892080745341685
1994-12-31,0.03961939746692167,0.014650373582611786,-0.027985217478112667,-0.05026960560314386,0.07956773214008561,0.08084867729629153,0.38165938864628823,0.38165938864628823,0.3673469387755104,0.26530612244897966,-0.27296593068589226,0.270560248567822,-3.028495440729483,-0.17433289105115735,0.08429473430715162,0.043090638930163294,-0.015693967631191796,-0.0075642965204235635,0.06472491909385125,0.011135857461024523,0.10066555740432626,0.40000000000000013,0.038339166401527125,-0.008797653958944385,0.0,0.06834731311641629
1995-03-31,0.06660258232650396,0.15391836546000204,0.05755794532772951,0.10785535886904518,0.07141470236225822,0.18791638975493496,0.31974294142435733,0.31974294142435733,0.29850746268656714,0.26530612244897966,0.944152519536513,-0.04777552761962989,-0.2543922082787039,2.992366752968485,0.3103727096057747,0.09544159544159547,-0.015693967631191796,-0.0075642965204235635,0.06382978723404253,0.028634361233480066,0.10066555740432626,0.2857142857142856,0.004596292324191786,-0.008797653958944385,0.0,0.04158578145895353
1995-06-30,0.03924939938965011,-0.009743593936519912,0.041364913931524194,0.07238065532476035,0.038138415154355565,0.0011026434656797868,-0.15430669753332804,-0.15430669753332804,-0.16091954022988508,0.26530612244897966,0.09625420146228203,1.6705411840239694,-2.131129421221865,-1.7154197927032437,-0.16945314713835125,0.02860858257477239,-0.015693967631191796,-0.0075642965204235635,0.040000000000000036,-0.032119914346895206,0.10066555740432626,0.22222222222222232,-0.0010675613847794807,-0.008797653958944385,0.0,-0.07657900186373989
1995-09-30,0.02321767294701571,0.028825663030707327,0.035738052533271336,0.04442558580914291,0.016622031226524614,-0.06598072186730342,-0.22692089862186138,-0.22692089862186138,-0.21917808219178092,0.26530612244897966,0.1348176806756689,-0.7432871703688864,1.3838500488584882,-2.165679456122529,0.2378289096080508,0.04867256637168138,-0.015693967631191796,-0.0075642965204235635,0.016483516483516425,0.008849557522123908,0.10066555740432626,0.2272727272727273,-0.006564885496183281,-0.008797653958944385,0.0,-0.014980265518478642
1995-12-31,0.13802940571249223,-0.013333279831147071,0.29227511969460274,0.5100642277511827,0.05524603969570219,0.09721534371846108,0.3296703296703296,0.3296703296703296,-0.33333333333333326,0.26530612244897966,-0.23809258537128852,5.769813087759005,-2.1230855226383456,-3.010216394497627,-0.3862307379224005,0.13261000602772754,-0.009965122072745358,-0.03125000000000011,0.04594594594594592,0.11403508771929838,0.10066555740432626,0.18518518518518512,-0.0726909482096203,-0.014053254437869755,-0.020618556701030966,-0.346598670430744
1996-03-31,0.05874707111051247,0.16261455409409642,0.03265300324290976,0.09021131166369423,0.07589742221747975,0.25879595912277686,0.3213957759412305,0.3213957759412305,0.2894736842105263,0.26530612244897966,0.3510272720625869,-0.7736901262320595,-0.5302110292653792,-1.897541584964051,0.5648020682939932,0.046301224055348644,-0.003019627579265216,-0.019669551534224894,0.08010335917312661,0.0,0.014361300075585781,0.15625,0.016241299303944245,-0.02700675168792188,0.010526315789473717,0.066411149825784
1996-06-30,-0.027015816280894778,0.017432204208019497,-0.001332396157930238,-0.10537005156140256,-0.043217779026666014,-0.06197328330090013,-0.1660875608061153,-0.1660875608061153,-0.16326530612244905,0.26530612244897966,-0.2261391925533066,-0.0962496020375676,-5.606667372956175,-1.4341170525815177,-0.15669087749037114,-0.026958290946083485,0.007067137809187329,-0.012841091492776902,-0.0454545454545453,-0.09842519685039375,-0.06222056631892692,0.1351351351351351,-0.016634050880626194,-0.016962220508866643,0.0,0.13729334117493308
1996-09-30,0.03413123049257982,0.08206724550861155,0.049790789215625075,0.08413703472779854,0.02382019793154022,-0.05908157319436813,-0.22266666666666668,-0.22266666666666668,-0.2195121951219512,0.26530612244897966,0.4898737009944474,0.19920526441867348,-0.6961217965917192,-2.5114515576857244,0.2808349447865248,0.06377417668583396,-0.001002506265664227,-0.021138211382113914,0.022556390977443552,0.11353711790392995,0.033373063170440975,0.11904761904761907,-0.00995024875621886,-0.020392156862745092,0.0,-0.0018961158354400265
1996-12-31,0.038490585994014115,0.05467669696599975,-0.0020475529648904534,-0.024153373535603095,0.06586000072558584,0.09316152976183933,0.3677101200686106,0.3677101200686106,0.375,0.26530612244897966,-0.5156658514947687,0.16971000188005259,-2.4114026236125126,-0.32519054575929507,0.14795823349018544,0.04127764127764122,0.01003512293025599,0.014119601328903775,0.06127450980392157,0.01764705882352957,0.018454440599769306,0.1276595744680853,0.026298157453936488,-0.006405124099279402,0.02083333333333326,0.080766795233435
1997-03-31,0.03868675143175371,0.11427251030775332,0.06405329426422979,0.12592218886518447,0.02265161466766452,0.1312899580644351,0.2927574854992945,0.2927574854992945,0.27272727272727293,0.26530612244897966,1.628614901535122,0.13973299044672371,-2.470240223064274,0.26738273055299144,0.16335063811377903,-0.0014157621519584884,0.025832091405861846,0.02129402129402136,0.018475750577367167,-0.05780346820809257,-0.03775009437523591,0.09433962264150941,-0.015505141178390858,0.018533440773569776,0.010204081632652962,-0.010333439863641103
1997-06-30,0.023217243613314453,-0.02379567064360677,0.01337649178510536,0.024628324683179326,0.029689792484164146,-0.04145224472690723,-0.22567149699872668,-0.22567149699872668,-0.2142857142857143,0.26530612244897966,-0.5148010367546483,-0.987863243343293,-0.05828075422152523,-0.30133612299217394,0.098102142550347,0.07277882797731561,-0.01937046004842602,-0.017642341619887758,0.03174603174603163,0.053169734151329306,0.029423303256178812,0.10344827586206917,0.006465517241379226,-0.011867088607595111,-0.010101010101010055,-0.04730893433799788
1997-09-30,0.034981057650272485,0.008427305488993175,0.066972204851101,0.1556411000596154,0.01427290819807081,-0.03806883494489144,-0.17461436066087233,-0.17461436066087233,-0.18181818181818188,0.26530612244897966,0.9425992203706659,142.22875816993465,-1.2020319378283826,0.4039157711188188,0.12542289079511937,0.044052863436123246,-0.008395061728395103,-0.00897959183673469,0.013186813186813362,0.011650485436893065,0.026295731707317138,0.09375,-0.02009553615549331,-0.007205764611689314,0.0,-0.12733743856279311
1997-12-31,0.035033286405945496,0.04423202836966689,-0.09565306356789782,-0.028765338034932753,0.12402303616883059,0.10546770431912234,0.398254435063087,0.398254435063087,0.38888888888888884,0.26530612244897966,-0.3324766866942045,-0.43678825307008207,-3.4391054313099043,-0.7111054109515067,0.03219589257503941,0.16118143459915624,-0.009960159362549792,0.004118616144975329,0.09978308026030369,0.14587332053742808,0.1355365763089491,0.08571428571428585,0.08606488485459751,0.001612903225806539,0.0,0.07509548779698338
1998-03-31,0.05400851970181053,0.07638467340886312,0.026821841639687483,0.07258738729609338,0.06890301395876319,0.1405046575600204,0.29316778614560013,0.29316778614560013,0.28,0.26530612244897966,0.6519739116676726,-0.5425459128555996,0.20784868489992658,7.644843216972756,0.26964692026371284,0.16497093023255816,-0.012575452716297786,0.009844134536505456,0.06311637080867838,0.058626465661641536,0.13342053629823414,0.09210526315789469,0.014084507042253502,0.004830917874396157,0.010204081632652962,0.0035527187330643972
1998-06-30,0.04582839082805745,-0.1060317435494953,0.036658321378004066,-0.005500108324360653,0.05065452107168622,-0.005438663620831785,-0.15057712486883523,-0.15057712486883523,-0.171875,0.0,-0.4896580835795694,5.456114456645806,-2.4182535895545048,-1.642193404003438,-0.13638868479059518,0.048970679975046894,-0.00356597045338769,0.016246953696181787,0.04267161410018572,-0.012658227848101222,0.015868436237738148,0.08433734939759052,0.0045787545787545625,0.0112179487179489,0.0,-0.10104404176167048
1998-09-30,0.04352996074665416,0.08395816113669463,0.04882571354918075,0.0663859772112485,0.04077997892821594,-0.0705578525089694,-0.23903644224830145,-0.23903644224830145,-0.2264150943396227,-0.35483870967741926,0.6298767646016223,-0.630888767637726,-0.569368404954886,-2.1915824915824915,0.18818462192917162,0.06987808504311599,-0.036809815950920144,-0.014388489208633004,0.04448398576512447,0.025641025641025772,0.021868787276341894,0.06666666666666665,-0.0025828015800668513,-0.006339144215530834,-0.010101010101010055,0.016419703644373174
1998-12-31,-0.01878204019599161,-0.06545348731068656,-0.1500928165789167,-0.2233643933919105,0.04993222138419551,0.05332195348860269,0.366801948051948,0.366801948051948,-0.31707317073170727,-0.32499999999999996,-0.31213005134503524,-0.7100692867347698,-12.389218367129514,-2.374095789771122,-0.21762922353994185,0.04057809894385778,-0.017515923566879144,0.0032441200324411223,0.040885860306643984,-0.0031250000000000444,0.020289049471929,0.08333333333333348,0.06991622239147,0.00797448165869219,0.0,0.20337536117677968
1999-03-31,0.08788793333639044,0.24716394456430346,0.17575432408110303,0.30851968538196983,0.05066766172522308,0.18768119579814013,0.3400439456024704,0.3400439456024704,0.3214285714285714,0.33333333333333326,0.8322070675759454,-1.0739717443317762,-0.8888930463441936,-2.349491304101955,0.3908603526755263,0.05341880341880345,0.006482982171799101,0.014551333872271588,0.03436988543371511,0.010971786833855912,0.0280577499318988,0.06730769230769229,-0.034168564920273425,0.013449367088607334,0.0,-0.046930422919508885
1999-06-30,0.010387100366543445,-0.05056634829316664,-0.019990398826283506,-0.027854125936802587,0.024787017332400296,0.01762461925380343,-0.20407711056946598,-0.20407711056946598,-0.2432432432432432,-0.13888888888888884,-0.45003468286328185,-92.820562187139,-0.006510818623186365,-1.4240968537022998,-0.11446064949285684,0.089503042596349,-0.015029522275899043,-0.0031872509960160222,0.015822784810126445,0.05426356589147274,0.03974562798092207,0.06306306306306286,0.014298349056603765,-0.01795472287275568,0.010204081632652962,-0.023361007729745142
1999-09-30,0.02092854371465558,0.11375832457182544,0.01954175264285629,0.02850295360749011,0.02155720356162938,-0.12313134971164663,-0.18596881959910916,-0.18596881959910916,-0.1785714285714286,-0.25806451612903225,0.47667564940258655,-0.49003598117907554,-0.26880596593316575,-1.8310801706714575,0.10742151216793605,-0.04282057249243654,-0.0027247956403270157,0.007993605115907298,0.02024922118380057,-0.057352941176470495,-0.08053007135575951,0.06779661016949157,0.0005813108559802327,0.007154213036566048,0.010101010101010166,0.08289851673799609
1999-12-31,0.031296385825811734,0.08463086446425994,-0.02270425570508061,-0.034452734156224296,0.05572764945567554,0.10464919195171318,0.3645690834473325,0.3645690834473325,0.3913043478260869,0.34782608695652173,-0.06847631348693806,-0.49763578800213804,-0.35344794282402936,0.5753242542153048,0.15280876494023898,0.18915633357646477,0.004918032786885407,0.0063441712926251,0.047328244274809306,0.16536661466458646,0.15853658536585358,0.0714285714285714,0.023674655047204007,0.0047355958958168465,0.0,0.123382599750961
2000-03-31,0.011439405847474049,0.14230699147658776,0.02656812829947297,0.04472099671539809,0.005103286077599911,0.15225871465460972,0.3599498746867167,0.3599498746867167,0.34375,0.35483870967741926,0.9058436766185844,-3.082370273367163,12.398781070745699,1.2577787840739902,0.2992763396628981,-0.024330402780617377,0.03317020119630221,0.04176516942474384,0.010204081632652962,-0.06827309236947787,-0.056459330143540654,0.05925925925925912,-0.006242905788876207,0.025137470542026863,0.010000000000000009,0.09339759036144568
2000-06-30,1.716562587860826,0.012067721915300034,5.601291201577251,-0.02842636703266732,0.05483859384868639,0.0025998267169846656,-0.17515019719140468,-0.17515019719140468,-0.16279069767441867,-0.0714285714285714,-0.5765843149127315,-3.4770854950790806,-0.7044130894301692,-1.6107564067110545,-0.14068211376309137,0.0752305113160101,0.020526315789473504,-0.27609682299546157,0.04906204906204903,0.06321839080459779,0.024340770791074995,0.06293706293706292,-0.6116504854368932,0.02452107279693494,-0.28712871287128716,0.04165197461212977
2000-09-30,-0.010061293174170372,-0.022035913762069037,-0.024993809095828046,-0.011816440291578134,0.029912381421212997,-0.07985031907532825,-0.22516645069037933,-0.22516645069037933,-0.2222222222222221,-0.3076923076923077,0.8612270462317853,-0.27817780810180415,-0.8400193111355853,-1.486294724376931,0.07961311039012342,0.14383161177158432,-0.0036101083032490378,-0.2089864158829675,0.028885832187070193,0.09054054054054061,0.07599009900990095,0.0592105263157896,0.040073529411764675,-0.004487658937920802,-0.20833333333333337,-0.01032454618541867
2000-12-31,0.2623422969767,0.06483681267859986,0.336318887779949,-0.05525439654862929,0.07486767201261202,0.061213105640447685,0.19630911188004618,0.19630911188004618,0.1785714285714286,0.18518518518518512,-0.3766769804375858,-0.056757980629305704,1.444549226706903,-1.3188078087910289,-0.023509608238586388,0.09422388822627359,-0.03105590062111807,-0.23910171730515195,0.0668449197860963,0.06443618339529111,0.06280193236714982,0.06211180124223592,-0.1484623541887592,-0.019534184823440937,-0.22807017543859642,0.12711103510197086
2001-03-31,-0.05776076044050671,-0.07831732855775275,-0.04864025184854304,0.08335164462977862,-0.08649649762313016,0.12513430729509123,0.39259544928654067,0.39259544928654067,0.39393939393939403,0.40625,1.2751564664851176,-1.68412981770894,27.989314096134557,3.123046310857216,-0.09926488200560335,-0.12768607910308305,0.004273504273504258,-0.16666666666666663,-0.07017543859649134,-0.18277066356228178,-0.1339826839826841,0.06432748538011701,-0.030303030303030276,-0.006130268199233679,-0.15909090909090906,-0.14922995220392998
2001-06-30,-0.09838591781548511,0.04833023153660321,-0.13274651874623444,0.018930235076217272,0.014359420073454254,-0.021766121880146927,-0.11728053170866792,-0.11728053170866792,-0.13043478260869568,-0.04444444444444451,-0.013668253491609827,-2.09422393001676,-0.7345384524280036,-1.8532108663501208,0.09402750518124048,-0.04748304177079621,0.02872340425531905,0.02083333333333326,0.02156334231805923,0.024216524216524427,-0.0674831292176955,0.05494505494505497,0.125,0.01619121048573624,0.0,0.028847868735509374
2001-09-30,-0.06847877672928027,-0.044423796644029734,-0.08296923596156014,0.005424789694920218,-0.027827501272602362,-0.132322372170129,-0.22901960784313724,-0.22901960784313724,-0.20000000000000007,-0.2790697674418604,-0.18918510381005915,-2.3310109085475195,1.2801979106093722,0.2749607707185344,0.10957803154570178,-0.11019490254872566,0.033092037228541926,0.026530612244897833,-0.02242744063324542,-0.12934631432545207,-0.134280353792549,0.05208333333333348,0.04375951293759517,0.02200303490136557,0.0,-0.049577464788732484
2001-12-31,0.057441859781288684,-0.002482961878932821,0.05459998096559038,-0.05804817487171776,0.0649622115540307,0.045491494095030616,0.34587995930824,0.34587995930824,0.34375,0.35483870967741926,-0.12968336033483618,-3.0346305158323625,-1.0337486232118243,-1.6306931614085052,-0.062285042756484166,0.12742207245155868,0.072072072072072,0.10934393638170992,0.05937921727395401,0.15335463258785942,0.09752321981424172,0.054455445544554504,0.006926722566533039,0.06013363028953256,0.05405405405405417,0.05900323742647395
2002-03-31,0.09119370542960503,0.0171123431314677,0.11580785109986791,0.08087659507891143,0.026692039911494936,0.11243596180432447,0.3312925170068026,0.3312925170068026,0.3255813953488371,0.3333333333333335,0.42593240691015954,-0.06396670843439978,-13.279916617809915,0.395518493306104,-0.09269333751329156,0.03250513730618354,0.042483660130719025,0.07347670250896066,0.026751592356688114,-0.024930747922437657,-0.031593794076163695,0.05633802816901423,-0.05901520637219404,0.0672268907563025,0.0,-0.05898815931108703
2002-06-30,-0.04949545023172175,-0.05760369511426977,-0.07511173824423445,0.03159403019990714,0.023458964522778958,-0.013218996853536558,-0.18438085505024693,-0.18438085505024693,-0.1929824561403508,-0.1071428571428572,-0.26628596092935075,0.11071101362487501,0.5900354890217443,2.293924439638702,-0.33651780864243674,-0.0922742898498281,0.008508732646663741,0.023372287145241977,0.05086848635235741,-0.11647727272727282,-0.15030585493737247,0.004444444444444251,0.07656791073489799,0.03149606299212593,0.0,-0.08647906657515458
2002-09-30,-0.1411935487506868,-0.11197913431397988,-0.1683022829491191,-0.024482284058842008,-0.071424395385011,-0.10764064257829009,-0.26768995162020115,-0.26768995162020115,-0.23913043478260876,-0.31999999999999995,-0.3171730454241355,-1.4130178064379164,1.2572663944270959,-0.37547265744552716,-0.3167599303964648,-0.2535379708989436,0.003552397868561208,0.027732463295269127,-0.06375442739079118,-0.28938906752411575,-0.2828248200205691,0.0486725663716816,0.08148677626876344,0.006997455470737934,0.025641025641025772,-0.08970698722764836
2002-12-31,0.2106873759834913,0.15651677223803984,0.2810583362542065,-0.028821950448765232,0.04847053839120674,0.022050361787469885,0.24377376425855513,0.24377376425855513,0.25714285714285734,0.2647058823529411,0.6032231363075831,-0.1089765212968169,-0.8221462523500408,-2.682414407720793,0.7799915350352431,0.06435246995994648,-0.008407079646017723,-0.022222222222222143,0.04665825977301408,0.13800904977375583,0.0468451242829826,0.05063291139240511,-0.13417052214144076,-0.0031585596967782514,-0.025000000000000022,0.1908770771431716
2003-03-31,0.06980266161930815,0.20744506202835877,0.07684838539874339,0.12952546227036077,0.04995813507999114,0.1323729422844393,0.2587030455882915,0.2587030455882915,0.25,0.2558139534883721,0.4487492887699407,-2.0254428767156214,0.34756051955822587,-0.48983681111009314,0.2235532928041899,-0.14651279478173596,-0.031682284694332874,-0.0357142857142857,0.053012048192770944,-0.18489065606361843,-0.15114155251141548,0.04819277108433728,-0.018320610687022953,-0.025348542458808687,0.0,0.06898304301621772
2003-06-30,-0.024384783829566214,0.0520771612730373,-0.04233640231332647,0.3236622870917327,0.027471491181088492,0.0030334068291268945,-0.3422083244785816,-0.3422083244785816,-0.34545454545454557,-0.2962962962962963,-0.27507000254554714,-0.9680156581461037,0.0587397321098202,0.020167788634207984,0.18639308128480803,-0.017048794826572733,-0.07649769585253463,-0.08417508417508424,0.03318077803203656,-0.06585365853658531,-0.005917159763313529,0.04597701149425282,0.05287713841368591,-0.07347204161248377,-0.02564102564102566,-0.20517807745504846
2003-09-30,-0.05643357702162144,-0.09512553526716494,-0.07588369347453272,-0.145713166461792,-0.004065923816428008,-0.1000659670980597,-0.10070614298241565,-0.10070614298241565,-0.08333333333333326,-0.1578947368421053,-0.5878574456291369,22.017039208501284,-0.4338336799063379,-1.2640708076440481,-0.041487911798034016,0.10885167464114831,-0.043912175648702645,-0.0533088235294118,-0.0033222591362125353,0.07310704960835523,0.1872294372294372,0.04395604395604402,0.055760709010339804,-0.025263157894736765,-0.02631578947368418,0.059220185980749296
2003-12-31,0.3198468279963873,-0.11414016255009596,0.44602073828075994,-0.024736257081850233,0.004632093453887487,0.06227078546071363,0.1731075186040545,0.1731075186040545,0.18181818181818188,0.1875,1.3869401168451803,4.30448072468498,1.4888580246913579,7.820841950535833,-0.3817983281929347,0.021305285868392643,-0.050626304801670075,-0.09902912621359228,0.012222222222222134,0.024330900243308973,0.033728350045578726,0.04912280701754401,-0.23889471843301857,-0.05255579553635714,-0.05405405405405406,-0.09169319231953987
2004-03-31,0.029366574409366297,-0.037227297597082654,0.024582434487529836,0.0971508968976087,0.0465697370112792,0.16090346941009082,0.3135444920815469,0.3135444920815469,0.3076923076923077,0.3157894736842106,0.4670875167634656,-0.4764145705341949,-0.14757540809451175,-1.0393310352444673,0.024290654954944202,0.11275415896487995,-0.04782847718526673,-0.08620689655172409,0.04610318331503849,0.09976247030878849,0.14682539682539697,0.04682274247491636,0.016544117647058876,-0.05775075987841938,-0.02857142857142847,-0.12248473886502376
2004-06-30,-0.16931526290495746,-0.02643402897371505,-0.2069561592589546,-0.03210421431781074,-0.036806953902236206,-0.016783450824559787,-0.29428809325562033,-0.29428809325562033,-0.31372549019607854,-0.28,-0.5482131436992548,-0.49024676850763804,0.09128777592427362,-8.041580451275987,-0.16698834481404978,0.05529188419553854,-0.007505773672055405,-0.018867924528301883,-0.02728226652675758,0.008639308855291628,0.08227604767397145,0.04472843450479247,0.1595840867992766,-0.02741935483870972,0.0,0.0058615136876007945
2004-09-30,0.1262712317415462,0.09666318920013084,0.17009959122808538,-0.061348975132660466,-0.0007634278204468048,-0.11081823542666469,-0.01759875407050826,-0.01759875407050826,0.028571428571428692,-0.02777777777777779,0.02404132800449288,-3.245296809814571,0.2221595175990152,-3.732295529280067,0.547725239060979,-0.0811783224645829,0.011634671320535306,-0.04086538461538458,0.0021574973031284195,-0.05567451820128477,-0.06962699822380103,0.042813455657492394,-0.11267056530214425,-0.0024875621890546595,-0.02941176470588236,0.1683529713114753
2004-12-31,0.18505118533372888,0.38478695790998474,0.22634835504015904,0.5667138372452383,0.04488546668405524,0.07489262310196576,0.20148827109785206,0.20148827109785206,0.19444444444444442,0.19999999999999996,0.598796479590112,-1.9611963620337354,-0.9484067540249277,-0.9293467545137724,0.025003511474592788,0.053597650513949935,0.009200690051753835,-0.01253132832080206,0.04413347685683533,0.049886621315192725,0.03398243604429152,0.04692082111436946,-0.11818980667838319,0.0016625103906897643,0.0,-0.11614140860509725
2005-03-31,0.16259130788230558,0.07045206185308905,0.19838714630759635,0.05907661191091429,0.019997974020436127,0.1782613624507421,0.35292659424317185,0.35292659424317185,0.34883720930232553,0.357142857142857,-0.16472758029274248,-0.5588045267918551,16.48350951374207,-3.2443461873006667,-0.05474765209965016,0.0060394889663184514,0.032478632478632585,-0.03299492385786795,0.019587628865979534,-0.036717062634989195,-0.018833087149187522,0.04201680672268915,-0.12257100149476818,0.010788381742738773,-0.06060606060606066,0.010790028525362594
2005-06-30,-0.15736642849403404,-0.010745454788454456,-0.1915145991652435,0.01685487697860455,0.0024538784208794073,-0.020047995647440975,-0.23526247816745527,-0.23526247816745527,-0.2413793103448275,-0.21052631578947356,0.08583837059831168,0.6772403042184325,-0.15682955044721492,0.7309853696347253,-0.08772146417244442,-0.007850380974370852,0.0298013245033113,-0.013123359580052507,0.011122345803842304,-0.026905829596412634,-0.048550997365449766,0.040322580645161255,0.18909710391822832,0.019704433497536922,-0.032258064516129115,-0.027177914110429358
2005-09-30,-0.10099437270508482,-0.046835243520749414,-0.12522673555763209,-0.09586888992037701,-0.00952660880390055,-0.11107095054414429,-0.14980774061407065,-0.14980774061407065,-0.13636363636363635,-0.15555555555555556,0.040840962195039854,-0.8352367942994747,0.3022090705267637,-1.7771029824708702,0.08540086118515489,0.003956248545496921,-0.002679528403001119,0.0,-0.006000000000000005,-0.00691244239631339,-0.046677215189873444,0.04134366925064592,0.10219675262655215,-0.011272141706924255,0.03333333333333344,0.05423472283534081
2005-12-31,0.19401926980955753,0.04679785499988198,0.2455583656670699,0.10437564173446012,0.022203990434130016,0.05229205356270161,0.18045454545454542,0.18045454545454542,0.18421052631578938,0.18421052631578938,0.24041811846689898,7.339743589743589,-0.6464757709251101,-0.9531812725090036,0.0033059412487013162,0.04659248956884565,0.0005373455131649774,-0.0026595744680851796,0.016096579476861272,0.05336426914153147,0.029460580912862966,0.04466501240694787,-0.14428076256499134,-0.00895765472312704,0.0,-0.052102649997008976
2006-03-31,0.1012036487288821,0.13391406391045324,0.11821854519008035,0.029644198104773922,0.032087296572687274,0.13254690692922155,0.42703118983442434,0.42703118983442434,0.4222222222222223,0.4222222222222223,0.1514847512038524,-0.8237253394824494,1.415368639667705,69.41025641025641,0.2588966296366033,0.009966777408637828,0.01772287862513422,0.03200000000000003,0.03861386138613865,-0.0066079295154185536,-0.00644901249496177,0.04513064133016642,-0.06278481012658244,0.019720624486442073,0.0,0.10122428373091008
2006-06-30,-0.15786136163121267,-0.05264100624925372,-0.19251938013639402,-0.09956935472667916,-0.005327773917072065,-0.08000492085622901,0.8988127361036158,0.8988127361036158,0.9375,0.90625,-0.41035023523261893,-14.925872093023257,2.213671539122958,1.0517115804806991,0.42132814836972776,-0.010526315789473717,0.387335092348285,0.40051679586563305,0.03145853193517634,-0.04656319290465627,-0.04665314401622711,0.04318181818181799,0.18152350081037283,0.410153102336825,0.0,0.05214899713467025
2006-09-30,-0.04659131832914398,-0.035461439885716706,-0.052010149684568296,-0.0021599105179928024,-0.02723068733781353,-0.011544461778471127,-0.6340770214580076,-0.6340770214580076,-0.6290322580645161,-0.6229508196721312,-0.5056146572104019,-1.0324600772361967,-0.1487625418060201,-1.8864039758608449,-0.2627591286962012,0.006205673758865382,0.01901863826550021,0.012915129151291449,-0.01848428835489846,-0.023255813953488302,-0.2817021276595745,0.039215686274509665,0.020118884316415064,0.004571428571428671,0.0,-0.03338779956427007
2006-12-31,0.20614438386374312,-0.06516672837758364,0.2624721286355556,-0.013760581345908518,0.010020691188289854,0.04441738816738816,0.1561165048543689,0.1561165048543689,0.17391304347826098,0.17391304347826098,0.9731022115959354,4.729903536977492,-0.5821153543925821,-0.7867440929114938,-0.07600628033114476,0.05947136563876665,0.022023142963792264,0.007285974499089409,0.010357815442561424,0.07857142857142851,0.028436018957346043,0.048218029350104885,-0.16270730614074402,0.005688282138794021,0.0,-0.05212148532146277
2007-03-31,0.041461840681762174,-0.05491484354977749,0.04779095686948809,-0.30813247109543407,0.013916871243545348,-0.05474720435214364,0.3063486731609002,0.3063486731609002,0.29629629629629606,0.29629629629629606,0.8618600424113905,-4.061167227833895,-1.072583678074464,-12.067605633802817,0.9104811925542597,0.022245322245322274,0.013513513513513598,0.00723327305605781,0.00838769804287054,0.011037527593819041,-0.009792626728110543,0.04600000000000004,-0.02623126338329762,0.039592760180995334,-0.032258064516129115,0.36600879800261565
2007-06-30,-0.19056644463276318,-0.17064392071787793,-0.20172123174254297,0.01444513680394266,-0.14039774909412728,-0.5080619376056273,-0.49961429673437907,-0.49961429673437907,-0.4714285714285714,-0.5142857142857142,-0.6973641392775789,-0.8265811182401467,-52.89119170984456,-1.6046491897853568,-0.28813422276126943,-0.042302216798861036,-0.2828828828828829,-0.3034111310592459,-0.1044362292051757,-0.05021834061135377,-0.06166375799883661,0.9847036328871892,0.062122045079714194,-0.205658324265506,-0.09999999999999987,-0.18247095173854377
2007-09-30,-0.035483640975800146,-0.0849830568931692,-0.037002930096274644,0.09342193433102519,-0.0291380951455934,0.8495821727019499,0.5282631038026722,0.5282631038026722,0.5135135135135136,0.6176470588235294,0.48655913978494625,-4.446088794926004,-0.7111333000499251,-0.5338852251999439,-0.18866424352567013,-0.009556169038012374,0.07487437185929635,0.038659793814433074,-0.019607843137254832,0.10574712643678152,0.417234965902046,0.02215799614643532,0.006211180124223503,0.0657534246575342,-0.03703703703703709,-0.16315341211540513
2007-12-31,0.07167951196928013,0.004190624695448841,0.08030272296115992,-0.10479546499157344,0.035955101142479906,0.07936746987951815,-0.02084734364492269,-0.02084734364492269,0.0,0.0,0.16021699819168167,-1.7840490797546011,1.4853093674386448,-0.6745936183022276,-0.07566848663026737,0.00836192109777012,0.028517999064983535,0.032258064516129004,0.04210526315789487,0.02910602910602922,-0.034120734908136496,0.027332704995287616,-0.03292181069958844,0.016709511568123503,0.0,0.12174798040837098
2008-03-31,0.18985903425943063,7.999741200828158,0.21944644381954648,13.754292886074506,0.06203646477132252,0.12887772661736663,0.4203296703296704,0.4203296703296704,0.4285714285714286,0.4363636363636363,1.1860972568578552,-21.429186228482003,-7.7485396383866485,-3.9990749306197966,0.24551306323362354,-0.1239634275994046,0.04499999999999993,0.02163461538461542,0.07171717171717162,-0.15959595959595962,-0.1281702898550724,0.026605504587155826,-0.10744680851063826,-0.01074589127686476,0.03846153846153855,-0.3900198468953785
2008-06-30,-0.27584933868285766,-0.3239072609633358,-0.31636891559462843,-0.3294770867810136,-0.0748526951334837,-0.09063941990771263,-0.4354448742746615,-0.4354448742746615,-0.4375,-0.430379746835443,-0.32468273206901466,-2.514066300247046,-2.8784468900704834,-3.243059839605182,-0.442147504104092,0.04951456310679614,0.035667681600696,0.0588235294117645,-0.057492931196983954,-0.019230769230769273,0.0072727272727273196,0.025915996425379895,0.27711561382598315,-0.10031948881789132,0.18518518518518512,0.008273682253416403
2008-09-30,0.01864382499662942,0.028725762803779142,0.03584452357458501,0.04260275868431984,-0.044405566913036654,-0.011643711489670139,0.18586723768736624,0.18586723768736624,0.22222222222222232,0.19999999999999996,-0.15920608108108103,-1.063356944093094,-1.0673754196563754,-1.6585533553355336,0.5219618528610355,-0.003006475485661464,-0.010079798404031948,-0.0022222222222221255,-0.04299999999999993,0.05637254901960764,-0.05002578648788025,0.025261324041811806,-0.06159589360709283,-0.037642045454545414,0.03125,-0.013276784067859038
2008-12-31,0.3798708684736256,0.48106381659190034,0.4766975915840046,0.5059180106634809,-0.0048546685043096005,0.009993123997249498,0.08522932466594435,0.08522932466594435,0.09090909090909083,0.09259259259259256,-0.2882973380210949,17.395887402675186,13.465722195082234,-1.1910628523700146,-0.06552563735319394,-0.14451403386685213,0.02460755197284681,-0.04454342984409798,0.0010449320794148065,-0.1067285382830625,-0.14060803474484262,0.028037383177570208,-0.2789656887120836,0.0022140221402213722,-0.030303030303030276,-0.016538964679499224
2009-03-31,-0.12549384011270648,-0.14569360793372743,-0.15220538997942035,-0.16023814071016174,0.03199867705727932,0.07779240230563245,0.3394342762063227,0.3394342762063227,0.3333333333333335,0.35593220338983067,0.6002117148906139,-1.4425416463183027,-1.5037035369340568,-1.639344262295082,0.04483102153421714,-0.010032537960954602,0.016149068322981464,0.02331002331002341,0.03862212943632559,-0.010389610389610393,-0.02653190145293749,0.027272727272727337,0.18000000000000016,-0.003681885125184081,0.0,0.017292161520189975
2009-06-30,-0.1310292585280246,-0.15432845087451286,-0.171731749779794,-0.1796830922776157,0.06611917876815232,-0.11247736556196575,-0.12372670807453412,-0.12372670807453412,-0.1250000000000001,-0.1250000000000001,-0.05733186328555673,0.22455735936043952,0.017856344701202342,14.417094017094017,0.6615079947190847,0.0019172829361819854,0.0851670741646291,0.08428246013667429,0.0653266331658291,-0.034120734908136496,-0.002595717066839809,0.026548672566371723,0.22735242548217416,0.11086474501108645,0.0,0.030914355094797674
2009-09-30,-0.036115921220273184,-0.04759972758755593,-0.062259412554732885,-0.06996582481619507,0.06226280389283434,-0.002277472006073311,-0.19449957470938473,-0.19449957470938473,-0.18571428571428572,-0.19999999999999984,-0.4299415204678363,-0.9263642735556223,-0.7131628060160281,-1.756735780019958,-0.3012845980664812,0.007381082558775454,-0.032669921141569636,0.0021008403361344463,0.05660377358490565,-0.05434782608695654,-0.08848405985686403,0.02586206896551735,0.10190476190476194,0.014637391882900808,-0.03125,0.024098568581264912
2009-12-31,0.21127757702743066,0.2641187925998052,0.2698792999717816,0.29331002063746836,0.01660771135479311,0.04831653034049843,0.11158042942625834,0.11158042942625834,0.10526315789473695,0.10714285714285698,0.7611817808781289,-15.168887680174056,-4.775107164727496,-1.231941391941392,0.10001263583522868,0.12618724559023065,-0.03105590062111807,0.04612159329140453,0.016964285714285765,0.06609195402298851,0.11777301927194861,0.025974025974025983,-0.16076058772687984,0.011147540983606596,0.032258064516129004,-0.022558386411889675
2010-03-31,0.18201014226880052,0.21618043520123242,0.21789023521026363,0.22967132820637848,0.03312514135597344,0.1083287969515514,0.27802406586447126,0.27802406586447126,0.26984126984127,0.2903225806451615,0.4298695246971109,0.005604714101998143,-0.013139218946429332,0.4144030322173089,0.12859686405146165,0.023373493975903603,-0.04086538461538458,-0.05010020040080165,0.03687445127304656,0.005390835579514919,0.012132822477650018,0.025316455696202445,-0.1261585993820804,-0.007133592736705552,-0.03125,-0.01104172323287178
2010-06-30,-0.2322058411602289,-0.26383968332508656,-0.26386072659297233,-0.2771898204887896,-0.07736220803933791,-0.10883267845448596,-0.48488602576808726,-0.48488602576808726,-0.4750000000000001,-0.4750000000000001,-0.3555483135082288,-2.4700616518104255,-2.7266077665913295,-2.4368021438142025,-0.16371501272264632,-0.14998822698375314,-0.11319966583124486,-0.11814345991561181,-0.05673158340389495,-0.17962466487935658,-0.15015772870662458,0.024691358024691246,0.2021213906894519,-0.11365120836054887,0.0,0.01848631829413372
2010-09-30,0.1495298225759618,0.15067191833918092,0.17485140273016797,0.1807831559629367,0.05070360838854504,0.023928719055711145,0.33958633958633966,0.33958633958633966,0.357142857142857,0.3333333333333335,-0.43792667509481664,-1.5395751642473188,-1.409215317609539,0.45041964563257686,-0.2839408507271953,0.12354570637119111,-0.008949599623174653,-0.0574162679425837,0.047576301615798844,0.1895424836601307,0.25463994060876005,0.024096385542168752,-0.08627450980392148,-0.01842299189388341,-0.032258064516129115,-0.025518914547578375
2010-12-31,0.05768987884931143,0.06590158571918137,0.07015707223093526,0.0766810404902587,0.00328313096044619,0.07907957297927704,0.1134649910233394,0.1134649910233394,0.10526315789473695,0.10714285714285698,0.9118308591992803,-0.5229684529682124,-0.5081132953355822,-1.2764680668666952,0.10962862241862847,0.09319526627218933,-0.005703422053231932,-0.027918781725888242,-0.003427592116538092,0.0439560439560438,0.09349112426035511,0.02491349480968874,-0.05150214592274671,-0.026276276276276267,0.0,-0.009958506224066355
2011-03-31,0.27360740715792575,0.3182799627349615,0.31680472536424054,0.3326887094053639,0.07252926102915724,0.13783929833312558,0.36665591744598514,0.36665591744598514,0.3492063492063491,0.37096774193548376,0.348235294117647,3.286067393058919,3.8510198049068878,1.2883720930232556,0.22608562456919667,0.10757780784844373,0.005258126195028634,-0.03394255874673635,0.06620808254514188,0.11052631578947358,0.1071428571428572,0.024307900067521926,-0.1578054298642534,-0.014649190439475768,-0.033333333333333326,-0.010803762689764462
2011-06-30,-0.17689271186929634,-0.20784684327652958,-0.20264449083241298,-0.21155232956870085,-0.029719912825893924,-0.08409746830818687,-0.42944785276073616,-0.42944785276073616,-0.42352941176470593,-0.42352941176470593,-0.15270506108202442,-1.8584744665576047,-1.9745414660898177,-1.7164634146341462,-0.13211318633268787,0.07859906332722466,0.004755111745126106,-0.027027027027027084,-0.010483870967741948,0.011848341232227444,0.0566959921798631,0.02373104812129201,0.17864338482202813,-0.00704225352112664,-0.0344827586206895,0.004707654646455062
2011-09-30,-0.1816124048215011,-0.2144418982979691,-0.22059380967057418,-0.2342571714426509,0.0014641288433381305,0.006142555143392681,0.25186104218362293,0.25186104218362293,0.26530612244897966,0.24489795918367352,-0.3485066941297631,-0.19359216912067123,-0.21023935172448294,-0.3356973995271868,-0.1011227868144523,-0.05852369265622048,0.008518693800284138,0.04166666666666674,0.004074979625101838,-0.0491803278688524,-0.0846438482886217,0.02318094011590488,0.22393162393162402,-0.009456264775413725,0.0714285714285714,0.02586449254990164
2011-12-31,0.15932077572608327,0.19030462278435922,0.19549111404027086,0.2089382696789166,0.027113237639553533,0.023984142715560042,0.23885034687809714,0.23885034687809714,0.24193548387096775,0.24590163934426235,0.36452734745494775,-1.733411536696078,-1.6295088197105487,-1.5864768683274022,0.06597806069341017,0.007218768798877173,0.03331769122477701,0.05066666666666664,0.022727272727272707,0.0049261083743843415,-0.01263264274886311,0.025173064820641855,-0.11405959031657353,0.03261734287987261,0.0,-0.015438019548734694
2012-03-31,0.21215414168031432,0.25541117442595707,0.25159683674245303,0.2672204859360823,0.044351708074534146,0.13166860240030975,0.20639999999999992,0.20639999999999992,0.20779220779220786,0.21052631578947367,0.5366079703429101,0.5259388038942976,0.5704547741221451,3.050970873786408,0.25073236685946076,0.0989448536731039,0.010445049954586727,0.038071065989847774,0.04761904761904767,0.07352941176470584,0.042476970317298024,0.023941068139963217,-0.138202837624803,0.0030816640986133237,0.03333333333333344,-0.009278159213212067
2012-06-30,-0.2174059899279004,-0.25028387500558813,-0.24963927155637233,-0.2604546221188331,-0.05306198308707366,-0.09801238411275703,-0.4288240495137047,-0.4288240495137047,-0.4301075268817204,-0.42391304347826086,-0.24743667068757536,-2.254523082532015,-2.4186914390966603,-1.3505092869982025,-0.07026605008708187,-0.03007246376811601,0.007640449438202301,0.039119804400978175,-0.043939393939393945,-0.07305936073059371,-0.05449189985272451,0.023980815347721673,0.2097560975609758,0.0,0.06451612903225823,0.013766622963101716
2012-09-30,-0.02178773669095102,-0.04702730207190442,-0.03441491407404407,-0.03822387841338415,0.02922800130847225,0.0003413487066676879,0.18150154798761609,0.18150154798761609,0.18867924528301883,0.18867924528301883,-1.1304347826086956,-0.9133125060544416,-0.8765692738439306,2.681196581196581,-0.2782120018086687,0.0677997758685096,-0.008920606601248937,-0.014117647058823568,0.02694136291600646,0.1157635467980298,0.05244029075804768,0.023419203747072626,0.05241935483870974,-0.009216589861751223,-0.030303030303030276,-0.009237875288683584
2012-12-31,0.10568900713572482,0.14932881706615042,0.1292712377470504,0.13813190402262077,0.016304606925485077,0.04181990521327017,0.2803799541434655,0.2803799541434655,0.2857142857142858,0.26984126984127,-7.889400921658986,-4.994552311775388,-3.45156864538553,-1.6350127699094497,0.24476463218185063,-0.003148504460381285,0.0027002700270026825,0.004773269689737347,0.017746913580246826,-0.028697571743929284,-0.009866798223976292,0.024599542334096114,-0.08093869731800774,-0.0031007751937985883,0.03125,0.009883449883449913
2013-03-31,0.2051095109510952,0.24973505030414778,0.24765451258042592,0.2625940994948601,0.025925288884024233,0.13337943081738124,0.23484267075978504,0.23484267075978504,0.23456790123456783,0.23749999999999982,0.3785953177257526,1.3693394412001259,1.3977539827631236,-0.061060329067641694,0.18462865770364512,0.07808387436392339,0.01750448833034124,0.016627078384798155,0.02501895375284313,0.05909090909090908,0.06278026905829592,0.024567280848687867,-0.14903595622720156,0.0038880248833592645,0.0,-0.01015603360723838
2013-06-30,-0.19663747967823775,-0.23907740204221506,-0.2239831930772619,-0.22995158553481643,-0.05657587904467243,-0.0975500112384805,-0.5299357779158897,-0.5299357779158897,-0.53,-0.5252525252525253,-0.06922206048843604,-2.083446484444182,-2.2234428244666784,-0.7998442367601246,0.031194999089640074,0.10107421875000022,-0.02514336127040151,-0.032710280373831724,-0.05177514792899407,0.07296137339055786,0.07501172058134098,0.023433242506812002,0.1745254133496632,-0.03718048024786991,0.0,-0.011845909896465057
2013-09-30,-0.0863639321806986,-0.19713751383534983,-0.10697440774286571,-0.11456042178807091,0.00046850514547891464,0.01035402953211162,0.44821507271925953,0.44821507271925953,0.44680851063829796,0.44680851063829796,-0.8587315377932233,-0.6588884348181447,-0.600964045429687,-11.702334630350194,-0.32375963745512326,0.06208425720620836,0.020814479638008976,0.021739130434782483,0.0031201248049921304,0.11999999999999988,0.08416921064108163,0.02289669861554855,0.09541188738269035,-0.0016090104585678722,0.030303030303030276,-0.09326033603926742
2013-12-31,0.2998680519515762,0.535529906159975,0.3767868261158942,0.39935340694265586,0.010609094432243893,0.05042963797717981,0.14729153986609855,0.14729153986609855,0.1617647058823528,0.1470588235294117,3.8179581795817956,-4.485443872049839,-3.6946932270916335,-1.2146882385020905,0.10278503046127074,0.06972860125260971,-0.004432624113475225,-0.044917257683215084,0.010108864696734221,0.06785714285714306,0.05148833467417546,0.024986985944820406,-0.22275107091861024,-0.029008863819500408,0.0,0.09723089735581936
2014-03-31,-0.045021371647469555,-0.05475045741476292,-0.0649621218028088,-0.0674433023331702,0.05713829192298481,0.11304814268472585,0.3835543766578249,0.3835543766578249,0.379746835443038,0.3846153846153846,0.899157518509063,-1.2343404484469345,-1.2816573226409291,2.4199830651989838,0.31875937179385994,0.007676294561540509,0.025378450578806833,0.054455445544554504,0.05619707467282531,-0.0033444816053512794,0.014537107880642663,0.02437785678009141,0.10716472749540706,0.009958506224066355,0.02941176470588225,0.01366223908918407
2014-06-30,-0.12418673916904621,-0.15390762660238566,-0.1533968859654975,-0.16341826987004082,0.0081770227173108,-0.07707831325301207,-0.446510736196319,-0.446510736196319,-0.44036697247706424,-0.44444444444444453,-0.18739077833042073,1.4406199579523786,1.2231554193087808,-0.22604605100272346,0.18707360861759414,-0.007359586830213094,0.023013460703430244,0.04225352112676073,0.010932944606413919,-0.06040268456375841,-0.036953242835595757,0.023797719385225458,0.15099557522123908,0.020542317173377178,0.028571428571428692,0.01132534631224269
2014-09-30,-0.05751956994480789,-0.0015483831009468485,-0.03942635384039561,-0.031315877530533665,-0.12636802494677823,-0.16001435984465262,0.022514721163837903,0.022514721163837903,0.016393442622950838,0.016666666666666607,-0.37435897435897436,-0.9464922472855483,-0.9210426898375519,-0.38547664747280874,0.09684412179874968,0.06581685744016652,-0.008064516129032362,-0.027027027027026973,-0.12833453496755587,0.05535714285714288,0.02192638997650742,0.4915254237288138,-0.07304180682364259,0.0,-0.02777777777777779,0.030726515502082163
2014-12-31,0.4401137443268528,0.5165119759318275,0.5590505643785273,0.5877077459163274,-0.05750519108334906,0.03399642551868842,0.12296747967479682,0.12296747967479682,0.12903225806451601,0.13114754098360648,-0.39476467477525123,-52.09284912017971,-32.388995215311006,-2.691306611140031,-0.14933124971273615,-0.04173785696851362,-0.00042789901583217826,-0.06481481481481488,-0.043837882547559937,0.0981387478849407,-0.01992337164750968,0.015909090909090873,-0.34577501296008284,-0.004025764895330131,-0.05714285714285705,-0.04480560294513769
2015-03-31,-0.14701940781231682,-0.1616525207076388,-0.1599988424373009,-0.16468498947517285,-0.057190197006663945,0.13918009995115166,0.476923076923077,0.476923076923077,0.48571428571428577,0.492753623188406,2.7444298820445607,-1.4325744308231174,-1.5146715851409236,-0.8701138811942136,-0.022800950940134013,0.09488028527763626,0.03852739726027399,-0.02722772277227714,-0.045847750865051995,0.14637904468412954,0.12783424550430045,0.015659955257270708,0.10538827258320138,0.0024252223120453387,-0.030303030303030276,0.0036661026508741923
2015-06-30,-0.10770926475383547,-0.12147788538947579,-0.11360134297132407,-0.11724027908460766,-0.07137753229949206,-0.11874525843586103,-0.3133169934640523,-0.3133169934640523,-0.3173076923076924,-0.30097087378640786,-0.48500758371251895,-0.37048769332407294,-0.35832543537495554,3.011848341232228,-0.09360831582439455,-0.021751773874607472,0.12407254740313278,0.027989821882951516,-0.06436990027198541,0.024193548387096753,-0.005199306759098854,0.01541850220264318,0.04086021505376336,0.07096774193548394,-0.0625,-0.004870281914395536
2015-09-30,0.038350372238413755,0.047446648987129025,0.05116599533601862,-0.01941453951323502,-0.03708017053135071,0.015832615937418026,0.0011897679952408424,0.0011897679952408424,0.028169014084507005,0.0,-0.7888536474852741,-0.9141058070071578,-1.2640372943158478,-10.12817483756645,0.9427194534252425,-0.11117717003567174,0.08984231756508998,-0.0024752475247523664,-0.027131782945736593,-0.04986876640419946,-0.14599303135888497,0.015184381778741596,-0.0723140495867769,0.015060240963855387,0.0,0.06823529411764717
2015-12-31,0.16053379406229729,0.1817034010359191,0.19977075707308556,0.22118831171273512,-0.09157271824111268,0.03426676492262337,0.01426024955436711,0.01426024955436711,0.027397260273972712,0.0277777777777779,3.2864806866952794,-20.37625313283208,3.724587011624858,-1.2522324317328848,-0.12239771407039912,0.1331103678929766,0.07537012113055175,0.032258064516129004,-0.08466135458167323,0.16574585635359096,0.09343125254997964,0.01617826617826612,-0.21752041573867853,-0.005934718100890191,0.03333333333333344,-0.03233480176211445
2016-03-31,0.2813594155315229,0.3129571050388118,0.3061947200174824,0.3320890350836667,0.07061005182825353,0.1573209832561453,0.5597539543057997,0.5597539543057997,0.5599999999999998,0.5810810810810809,0.772465581977472,0.6804960468237158,0.8160913160913161,-1.3758337609030271,0.05241690221474826,-0.01617473435655259,0.06664580725907387,-0.0625,0.0761697497279652,0.07464454976303325,-0.0313432835820896,0.01592069690597775,-0.16413662239089177,0.008955223880596774,-0.06451612903225812,-0.01438586907038153
2016-06-30,-0.14582909540425937,-0.1563168798991862,-0.15945125090085455,-0.17116604701921834,-0.004796589092201153,-0.10786184818075484,-0.47042253521126765,-0.47042253521126765,-0.4700854700854701,-0.4700854700854701,-0.06919926564044632,-1.69005262803429,-1.771756292847902,0.7044368600682593,0.08489154824233358,0.057482299291971684,-0.017307128190084953,-0.09487179487179487,-0.007077856420626971,-0.01764057331863289,0.013097072419106404,0.015671200473092783,0.1645856980703746,-0.053994082840236546,-0.0344827586206895,0.017921478060046292
2016-09-30,-0.21370735058392487,-0.2373697481544491,-0.23223964234314232,-0.2546377143112192,-0.05165565869332378,0.006452280725967929,0.3074468085106383,0.3074468085106383,0.32258064516129026,0.306451612903226,-0.49962069488696703,0.22192632665012124,0.25573844062248385,-2.659991990388466,-0.1298925135533202,0.013163867453472422,0.043880597014925415,0.022662889518413554,-0.04073319755600813,0.02020202020202011,0.04448669201520916,0.015429403202328995,0.20662768031189072,0.003909304143862258,0.0,0.023141845902531877
2016-12-31,0.1648930903329897,0.1886821890705812,0.2026436403399441,0.2334267739050051,-0.10235053292863694,0.024135212040179654,0.3856794141578519,0.3856794141578519,0.3902439024390243,0.3950617283950615,0.5503335354760461,-1.6897271762571457,-1.5764694752774975,-0.8277442702050664,-0.02571490311892244,0.04592293906810019,0.13640263082642257,0.11080332409972282,-0.09766454352441611,0.09020902090209026,0.017837641062977916,0.01634174311926606,-0.22940226171243938,0.09501557632398772,0.03571428571428559,-0.03627816214298385
2017-03-31,0.09641394620919308,0.10350451434172725,0.09862011977570373,0.10505426883479041,0.07548950224109463,0.141766812841027,0.15071442552358594,0.15071442552358594,0.1578947368421053,0.15929203539823034,0.6186192059456288,-0.4067199364732741,-0.4451798771037325,-5.065826330532213,0.10731184385627679,0.058470764617691184,0.05762455963764479,0.07730673316708248,0.07882352941176474,0.17356205852674078,-0.05221745350500717,0.016078984485190517,-0.018867924528301883,0.01849217638691325,0.034482758620689724,-0.0013805798435343464
2017-06-30,-0.15222353206752115,-0.17349877513007916,-0.1647632368034453,-0.18129796669275233,-0.030732860520094607,-0.10144247683827845,-0.5477121959516924,-0.5477121959516924,-0.5530303030303031,-0.5419847328244275,-0.4475592073465442,-2.8396631531983716,-3.3975285920862364,-1.740957630037892,-0.071807711567351,0.01770538243626052,0.021889126814180315,0.03240740740740744,-0.02399127589967287,-0.05674978503869299,-0.019245283018867965,0.0158245419211549,0.1431623931623931,-0.022346368715083664,0.06666666666666665,0.009493087557603586
2017-09-30,-0.04085260892953202,-0.050709305636782886,-0.045035087190916534,-0.05129142504502626,-0.005934121196882081,0.004567997911772315,0.5099661526889807,0.5099661526889807,0.5423728813559323,0.5,-0.4647856517935258,-1.0443508048625216,-0.7169782870928829,8.755462575546257,1.1878866350165445,0.10488120091460384,0.03795110593713624,0.011210762331838486,-0.004469273743016644,0.13217866909753861,0.11081185071181232,0.015578026783273913,0.036448598130841114,0.005714285714285783,0.0,0.0006390943120606618
2017-12-31,0.24913421066652464,0.26924838561927067,0.28089706916616475,0.31690977353234384,-0.005615419638791974,0.05086397297648437,0.1643835616438356,0.1643835616438356,0.16483516483516492,0.16666666666666674,0.7588884348181446,2.5328092959671906,-5.041749406693467,-4.705966450629051,1.2783732246186217,0.025373402915241927,-0.031628532974428025,-0.053215077605321515,-0.004489337822671247,0.029790660225442744,0.001731901627987531,0.016953713670613713,-0.2037871956717764,-0.04332386363636376,0.0,-0.036131386861313786
2018-03-31,-0.010775499208674266,-0.016162642947903483,-0.014231440650214311,-0.013682890883173315,0.024928774928774988,0.14143537120603322,0.3756149732620322,0.3756149732620322,0.37735849056603765,0.38095238095238093,1.636849442379182,-0.3888942633259166,-1.1104973037747154,-1.0533523647866676,-0.029935496904717196,0.021586521586521634,0.03683113273106331,0.032786885245901676,0.03156708004509601,0.026583268178264507,0.04287690179806347,0.016671077004498658,0.03510758776896927,0.009651076466221431,0.0,-0.0025558500567965936
2018-06-30,-0.15832794362936986,-0.17213411169086124,-0.16003476844763376,-0.17222083111057884,-0.14136801350143946,-0.10138099106417542,-0.8309749650132172,-0.8309749650132172,-0.8287671232876712,-0.8206896551724138,-0.3786236672834611,-0.13471584612949183,6.6066587138054444,15.637261990841168,-0.5134140082856696,0.08787149974231245,-0.05786416443252895,-0.08843537414965985,-0.13661202185792354,0.05407463823305392,0.049734748010610064,0.0179593961478397,0.020787746170678245,-0.10588235294117654,0.03125,9.490367277220635e-05
2018-09-30,0.008843663973123972,-0.06533853354134167,-0.026500857887960083,-0.04525278165031432,0.35241068331599035,0.0013861266799253258,3.6494940202391906,3.6494940202391906,3.6399999999999997,3.4230769230769225,-0.7884288145207033,-0.17178924259055983,-0.7408505724184143,-0.690879063568407,-0.3261643814677244,0.10746150809317001,0.016125207493478788,0.052238805970149294,0.3531645569620252,0.28251445086705207,0.2103600758054327,0.017642546663257486,0.339764201500536,0.04523026315789469,0.0,-0.021066616056177656
2018-12-31,0.037138496981294455,0.05764139952396685,0.0398467830862701,0.04337868878993567,0.018188424382320267,0.054977130476649094,0.10447170557973884,0.10447170557973884,0.10344827586206917,0.10434782608695659,4.243297587131368,-0.9635520212060967,-1.1812180227760356,-1.5041240978535946,0.24401696799219663,-0.02003422215884787,0.0009334889148191472,0.08983451536643039,0.023386342376052305,-0.27549295774647886,-0.08272442588726514,0.019849246231155915,-0.01759999999999995,0.032258064516129226,0.06060606060606055,0.013668088406359136
2019-03-31,0.24197102016940542,0.29168691963412097,0.26166486499189245,0.2927395212051398,0.10124058019689741,0.09740722781596745,0.35023289143676095,0.35023289143676095,0.359375,0.36220472440944884,0.3095998977374408,43.163636363636364,24.603217972070432,7.113321558055221,1.591447848285923,0.04030556566024024,-0.010258801585451227,0.03470715835141003,0.1014625228519197,0.016329704510108956,-0.015078236130867784,0.019462921901946206,-0.1131921824104235,0.04878048780487787,0.0,-0.0007650377737401515
