Quarter end,Assets,Current Assets,Liabilities,Current Liabilities,Shareholders equity,Revenue,Earnings,Earnings available for common stockholders,EPS basic,EPS diluted,Cash from operating activities,Cash from investing activities,Cash from financing activities,Cash change during period,Cash at end of period,Price,ROE,ROA,Book value of equity per share,P/B ratio,P/E ratio,Cumulative dividends per share,Equity to assets ratio,Net margin,Asset turnover,Current ratio
1996-05-04,0.10760969727306846,0.19282366558509323,0.32999888438511027,0.32999888438511027,0.009588592034092791,0.29158393999558796,-1.1156803744567034,-1.1156803744567034,-1.1333333333333333,-1.1333333333333333,-0.8491725768321513,-1.4378867206092336,inf,-0.2813527477689056,-0.08568068544548357,0.5384615384615385,0.12515644555694605,0.7783902976846746,0.0,0.3643410852713178,0.4571766095688128,inf,-0.08845987609854489,0.09433962264150919,0.028571428571428692,-0.10312276762934991
1996-08-03,0.10760969727306846,0.19282366558509323,0.32999888438511027,0.32999888438511027,0.009588592034092791,0.29158393999558796,-1.1156803744567034,-1.1156803744567034,-1.1333333333333333,-1.1333333333333333,-0.8491725768321513,-1.4378867206092336,inf,-0.2813527477689056,-0.08568068544548357,0.5384615384615385,0.12515644555694605,0.7783902976846746,0.0,0.3643410852713178,0.4571766095688128,inf,-0.08845987609854489,0.09433962264150919,0.028571428571428692,-0.10312276762934991
1996-11-02,0.18728430566967957,0.27477212350667335,0.42684188452397587,0.42684188452397587,0.0481857293611494,0.12225116358512311,5.199421965317919,5.199421965317919,4.25,4.25,6.639498432601881,2.140217391304348,11.642857142857142,3.8424836601307186,-0.45378820358914684,0.36250000000000004,0.12515644555694605,0.7783902976846746,0.032258064516129004,0.3643410852713178,0.4571766095688128,inf,-0.11727516990674891,0.09433962264150919,0.028571428571428692,-0.10661660124025718
1997-02-01,-0.044604391231378826,-0.07956473994209845,-0.2282730105230154,-0.2282730105230154,0.10056843703049734,0.5587981635086117,1.9953379953379953,1.9953379953379953,2.1428571428571432,2.1428571428571432,-6.8110381616741895,0.023883696780893082,-0.8785310734463276,-4.4293426913213665,2.84906929804889,-0.29357798165137616,0.12515644555694605,0.7783902976846746,0.09375,-0.31534090909090906,0.4571766095688128,inf,0.15201432408236348,0.09433962264150919,0.028571428571428692,0.19270203145895692
1997-05-03,-0.09695937992357706,-0.17822668112798268,-0.1898583109034584,-0.1898583109034584,-0.0454711776626886,-0.5040722509255116,-1.5632684824902725,-1.5632684824902725,-1.5454545454545454,-1.5454545454545454,-1.5731384387247114,0.29986477349560503,-0.6976744186046512,-1.7897119017632241,-0.5845423294295868,-0.33766233766233766,0.12515644555694605,0.7783902976846746,-0.02857142857142847,-0.39419087136929465,0.4571766095688128,inf,0.05704072116879089,0.09433962264150919,0.028571428571428692,0.01436275294997058
1997-08-02,0.05695377519302114,0.07818325799320291,0.2097163454004074,0.2097163454004074,-0.014906008109104363,0.4135549284683029,-1.309477756286267,-1.309477756286267,-1.3055555555555556,-1.3055555555555556,-0.6480625885541798,0.08452535760728219,-0.3846153846153846,-0.5078494891602292,-0.6924479349274244,0.3137254901960784,0.12515644555694605,0.7783902976846746,-0.02941176470588236,0.34931506849315075,0.4571766095688128,inf,-0.06807822379061901,0.09433962264150919,0.028571428571428692,-0.10869565217391297
1997-11-01,0.27663409543686557,0.430737686104693,0.5842056171624002,0.5842056171624002,0.0989612955368635,0.21753966503789512,4.603571428571429,4.603571428571429,4.545454545454545,4.545454545454545,-2.96166637493436,-0.27673860911270987,5.25,-1.8345316455696201,1.878932968536252,0.6417910447761195,0.6262513904338154,0.7783902976846746,0.1212121212121211,0.6903553299492386,0.4564248074584514,inf,-0.13916061849163786,0.5632183908045978,0.02777777777777768,-0.09691135652276628
1998-01-31,0.07598275990190984,0.0959327508208292,-0.11705155043830962,-0.11705155043830962,0.2367281344482881,0.46517702236372993,1.5111536010197577,1.5111536010197577,0.8852459016393441,0.639344262295082,2.2932096011421432,-0.18401856763925728,24.72,3.335881567770902,2.829809139146274,0.5727272727272725,0.7886456908344734,0.7783902976846746,0.21621621621621623,0.40540540540540526,-0.04397439465627606,inf,0.14937683284457481,0.7720588235294119,0.006006006006006093,0.24123724823437098
1998-05-02,0.03446251597085537,0.0,-0.055772686017004136,0.0,0.08810897718262711,-0.3513728041639558,-0.6316624365482233,-0.6316624365482233,-0.7739130434782608,-0.76,-0.9784322757200531,1.2584315318976027,-0.47356143079315705,-1.11432329564536,-0.0844723836307616,0.8323699421965318,0.34302103250478,0.34345939243645374,0.06666666666666665,0.5042735042735045,0.004657933042212514,inf,0.05198532929357347,0.3526970954356845,-0.005970149253731294,0.0
1998-08-01,0.06632840404579898,0.07173596947488603,-0.012790332705586938,-0.06784966751254928,0.10714611017215026,0.2611691776837122,0.645650301464255,0.645650301464255,0.6153846153846152,0.6666666666666667,-3.6030150753768844,0.1977329974811084,0.06499261447562787,0.9603427172582619,-0.18087365044947368,0.5173501577287065,0.14350797266514803,0.17212736502076598,0.10416666666666674,0.4232954545454546,0.022602144305998273,inf,0.038199181446111785,0.1855828220858895,-0.012012012012012074,0.1497286760444656
1998-10-31,0.22088029050838975,0.26602564102564097,0.42077338844289014,0.42077338844289014,0.12892610333101762,0.18561054950648614,0.45200460588296876,0.45200460588296876,0.45238095238095233,0.44999999999999973,-9.228764478764479,0.3509088177857893,-1.3855755894590847,-1.9714035964035963,0.2144984282799316,-0.04158004158004147,0.06050796812749004,0.09133858267716533,0.1132075471698113,-0.13173652694610782,-0.2547463870784924,inf,-0.07533946561541827,0.10219922380336355,-0.012158054711246202,-0.10892177977363338
1999-01-30,0.08179016302647701,0.11121979286536243,-0.16430999034951532,-0.16430999034951532,0.22426720647773268,0.4295958891244265,0.7943190829788769,0.7943190829788769,0.8032786885245904,0.7758620689655173,1.5834017595307919,0.8975870121205383,-4.284172661870503,2.585936495693534,0.6333295493245545,0.351409978308026,0.05259450575252411,0.0916305916305915,0.23728813559322037,0.21379310344827607,0.13003802281368815,inf,0.13184904468656256,0.08098591549295775,0.012307692307692353,0.32973362131029504
1999-05-01,0.07584333579839586,0.054859421115310836,-0.0658231661394788,-0.0658231661394788,0.13182801246056464,-0.3176948668978494,-0.508095946000241,-0.508095946000241,-0.7545454545454545,-0.7572815533980582,-1.0487660907666811,-0.5353061822443598,0.43044906900328583,-1.3144649578777559,-0.12193494578815678,0.3418940609951844,-0.026767789426723088,0.00991407799074695,0.12328767123287676,0.08428030303030298,0.12516823687752354,inf,0.0518973214285714,0.03800217155266017,-0.027355623100303927,0.12916698893959322
1999-07-31,0.16186598633161053,0.14820836912504598,0.2591278798953742,0.2591278798953742,0.13014158909360773,0.2281780418695496,0.3843829126847995,0.3843829126847995,0.33333333333333326,0.3999999999999999,-7.2025139664804465,2.5698612862547288,-0.29785604900459417,0.6038531691746467,-0.22272353090172237,0.19138755980861255,-0.02544121017648404,-0.00785340314136107,0.12195121951219523,0.061135371179039444,0.06788277511961738,inf,-0.027188328912466808,0.03556485355648542,-0.04375000000000007,-0.08808822522090554
1999-10-30,0.19652839405040923,0.2275095519277528,0.3183318630659344,0.3183318630659344,0.15226473629782844,0.24700697718695053,0.4358959230633075,0.4358959230633075,0.44444444444444464,0.4285714285714286,3.3598288673722134,0.9527358790490656,-0.8658669574700109,-1.2081882152249628,0.05965498278987358,0.008032128514056103,-0.0011759172154279796,0.01715039577836408,0.15217391304347827,-0.1020576131687243,-0.09941192943153188,inf,-0.03708248125426039,0.042424242424242475,-0.02287581699346397,-0.06888004206414777
2000-01-29,0.12400832955629593,0.14301510600322143,-0.027284010576871243,-0.045653229723166544,0.18691215537047667,0.28169722443004486,0.5257016066072235,0.5257016066072235,0.5576923076923077,0.52,0.09580621836587122,-0.28675832127351664,1.6829268292682928,7.3827244793444855,0.47191896671023303,-0.06772908366533859,0.0023546032493524383,0.012970168612191912,0.17924528301886777,-0.19065077910174155,-0.18905472636815912,inf,0.05606682712728306,0.056201550387597,-0.04013377926421413,0.19768473701193923
2000-04-29,-0.01724624113155193,-0.13706857808822293,-0.16913910370921037,-0.17143341815097535,0.03451026650182798,-0.3763720767276868,-0.6604454498936199,-0.6604454498936199,-0.6666666666666667,-0.6578947368421053,-1.494681937440103,-0.8479760576240235,-16.442424242424245,-2.7340854478067853,-0.5559734137710398,-0.3482905982905983,-0.10382898754991776,-0.09122919334186952,0.040000000000000036,-0.44733861834654587,-0.43404907975460116,inf,0.0525539616570585,-0.03394495412844034,-0.059233449477351874,0.04149126056646346
2000-07-29,0.02377823432191728,-0.03040962515392387,0.2656677750624308,0.27127180411104734,-0.04241874947465363,0.17403468558812119,-0.7797430203045685,-0.7797430203045685,-0.7777777777777778,-0.7692307692307693,-1.146727220757773,-0.4371037704371038,2.0190345368916796,-0.6679192991521243,-0.4158040230561111,-0.4049180327868852,-0.21231979030144177,-0.21275096865093335,-0.03076923076923077,-0.42827868852459017,-0.40785907859078585,inf,-0.06457776079480315,-0.18423551756885093,-0.03703703703703709,-0.23731608730800313
2000-10-28,0.17943716209966953,0.2094700090585071,0.3270941262120557,0.33481495796695326,0.12602758546992243,0.35310105896821176,9.524306805905654,9.524306805905654,9.5,9.166666666666666,10.822077922077922,0.1440426793123888,-1.0218394540136497,-4.613692623240682,2.5720614145482004,0.5537190082644627,-0.006655574043261225,-0.012080536912751683,0.11904761904761907,0.6057347670250897,0.8375286041189929,inf,-0.04534313725490213,-0.0034924330616997734,-0.007692307692307665,-0.0939116424997879
2001-02-03,0.2904410891065581,0.19932630786601435,0.3941309290972985,0.19964448305261961,0.2462378492699393,0.4985270558445647,0.6816191062752344,0.6816191062752344,0.12698412698412698,0.11475409836065587,1.2490753963894687,23.927720207253888,104.49702380952381,0.214741456922535,0.8806071111486915,0.7996453900709222,0.04824120603015092,0.017663043478260976,0.22695035460992918,0.607142857142857,0.6830635118306354,inf,-0.03423192126658092,0.001168224299065379,0.015503875968992276,-0.0002339619110010016
2001-05-05,0.014247411821466383,-0.04217334408666262,-0.11165604986569799,-0.11711264725405135,0.07428983260582811,-0.40635398622720853,-0.6837039900706046,-0.6837039900706046,-0.6901408450704225,-0.6911764705882353,-1.1013350700097688,-0.875100030138951,-0.8507348999915366,-1.3154867399220185,-0.14673351018389458,0.0630541871921182,-0.06327900287631827,-0.08010680907877177,0.06358381502890187,-0.1333333333333333,-0.07880133185349625,inf,0.059223157583813135,-0.03267211201866971,-0.04961832061068694,0.08485444163624445
2001-08-04,0.03544045477075364,-0.035292344588529034,-0.06805459260971158,-0.0763897326852977,0.07625357268531752,0.16237060123713953,-0.015374718559022171,-0.015374718559022171,-0.045454545454545525,0.0,-0.1640424164524421,2.2205857879846898,1.0274050274050275,0.9594504877176855,-0.3369604356035656,0.1612604263206674,0.0051177072671442225,0.013546202225447557,0.07065217391304346,0.09134615384615374,0.12931726907630536,inf,0.039319576129392075,0.053075995174909574,-0.03614457831325313,0.04447991716640054
2001-11-03,0.10015903826562367,0.14709797928340973,0.2090569053047786,0.263498902327723,0.06297338238476513,0.2437378587649457,1.0084934012805435,1.0084934012805435,1.0476190476190474,1.0,-4.810686142610033,-0.09802351117426689,-1.6833224573506107,-0.9336426188490409,-0.03372319429911119,-0.32003192338387865,-0.08316361167684982,-0.07732696897374702,0.06598984771573613,-0.36563876651982374,-0.39687055476529165,inf,-0.03367319559967785,-0.04696449026345939,-0.033333333333333326,-0.09211069805865335
2002-02-02,0.07219519814352027,0.11921672888978363,-0.027637876025524144,-0.024247078116458876,0.1109704716045885,0.27674552259121876,0.4280788497820571,0.4280788497820571,0.4186046511627908,0.40476190476190466,2.986735259998991,0.4008478702987597,-0.8517053206002728,-43.20227808326787,1.472865347973297,0.03403755868544622,-0.1192151055164754,-0.09829280910501803,0.10476190476190461,-0.02777777777777779,0.025353773584905648,inf,0.03609607108149371,-0.07572115384615385,-0.02155172413793094,0.14704276615104628
2002-05-04,0.017603137110332456,-0.0027325873607915163,-0.021122758087291804,-0.03820143788931718,0.030767729239202346,-0.40147964678009906,-0.7103093253154753,-0.7103093253154753,-0.7049180327868853,-0.711864406779661,-1.1568536909355431,-0.2687046314282793,-1.125114995400184,-1.5616164248420152,-0.33450481712657565,-0.04086265607264483,-0.08995376208490968,-0.07802639127940336,0.030172413793103647,-0.1333333333333333,0.019551466359976954,inf,0.01299745410692732,-0.04551365409622876,-0.03524229074889873,0.03684753292083154
2002-08-03,0.02509191995477411,0.043172757342896606,0.06377795335919179,0.06298972360519772,0.012602922904198843,0.14872630832730582,-0.2074225507155213,-0.2074225507155213,-0.2222222222222221,-0.17647058823529405,-1.484776384240029,-0.4122581366737501,-15.132352941176471,-0.8208935436828848,-0.09002615489696308,-0.19171597633136084,-0.09792147806004614,-0.09707529558182948,0.01673640167364021,-0.2142857142857143,-0.1686407219402143,inf,-0.012301587301587147,-0.0681198910081744,-0.031963470319634646,-0.018629738724608935
2002-11-02,0.056099125032063046,0.07872139709565618,0.13417248577811036,0.14850813448316358,0.029620950305426774,0.17307023616719341,1.684623015873016,1.684623015873016,1.714285714285714,1.6428571428571428,1.364279178104983,-0.48458610846812555,4.95369406867846,-1.5690229459659513,0.05629496732145789,-0.33382137628111275,-0.07834101382488479,-0.07718814610613378,0.04115226337448541,-0.34615384615384603,-0.29850746268656714,inf,-0.02504352484264105,-0.04532163742690065,-0.03301886792452846,-0.060770250253371794
2003-02-01,0.0003130452147934726,0.008594354032699147,-0.18707209620765608,-0.19582651762995273,0.07031691635328419,0.3126623957529422,0.4366061860241677,0.4366061860241677,0.42105263157894735,0.4864864864864866,2.1280743112487244,-0.9212663836071626,-0.19732587608144714,11.866666666666667,0.6857256750667267,0.20879120879120894,-0.08666666666666667,-0.07617625093353242,0.07114624505928857,0.160427807486631,0.2562862669245649,inf,0.07005494505494503,-0.07197549770290956,-0.004878048780487698,0.25420211662170566
2003-05-03,0.025207091492555955,0.015773187684339884,0.061779478447670844,0.07443532552653509,0.01482989946006974,-0.40625445017231065,-0.8352968412388105,-0.8352968412388105,-0.8333333333333334,-0.8363636363636364,-1.144370831130558,85.52168815943728,-0.7888949373979314,-2.1066725641349677,-0.4501763260438193,-0.06181818181818177,-0.0997566909975669,-0.09458367016976554,0.014760147601476037,-0.12442396313364057,-0.030792917628945315,inf,-0.010141206675224668,-0.07920792079207917,-0.014705882352941346,-0.05459960291197874
2003-08-02,0.01836516119185405,0.016542920711322573,0.02399126336360502,0.007737058340180791,0.01669493520986398,0.15485955498907011,0.2656567234109011,0.2656567234109011,0.22222222222222232,0.22222222222222232,-2.3601869887027656,-0.950191726623579,-0.4894275399690562,-1.1412910666773246,0.1156841662381376,0.19573643410852704,-0.054054054054053946,-0.047321428571428514,0.014545454545454639,0.17894736842105274,0.2787926926131852,inf,-0.0016859032550901043,-0.03584229390681004,-0.01492537313432829,0.008750437521876098
2003-11-01,0.07671864017860841,0.09686589696639114,0.2621215353009194,0.2693180780420348,0.021282916268063,0.10901781608342853,0.2511105626850938,0.2511105626850938,0.27272727272727293,0.27272727272727293,0.8263833199679229,14.878400435255713,-0.4181818181818182,-3.1477410490584337,-0.22269710378117458,-0.0016207455429497752,-0.23357142857142865,-0.23430178069353336,0.021505376344086002,-0.013392857142857206,0.024844720496894235,inf,-0.051441932969602644,-0.21003717472118955,-0.030303030303030276,-0.13587786259541978
2004-01-31,0.038048245482460885,0.0846219878088541,-0.015347873267749446,-0.028542209477411373,0.057778741879768836,0.38377474585339755,2.486931650064109,2.486931650064109,2.571428571428571,2.4999999999999996,3.7972714442527833,-1.1090133461255118,1.5677083333333335,-6.967110709716264,1.7095758673480388,-0.08766233766233766,-0.08108108108108125,-0.09179926560587504,0.05263157894736836,-0.10859728506787325,0.14787878787878794,inf,0.019035880580662967,-0.07058823529411773,-0.02083333333333337,0.1165274654673949
2004-05-01,0.02771795609840111,0.046175681048964856,-0.06159863776586372,-0.0670669452746846,0.05843988379138376,-0.3233028196924148,-0.2898399049612491,-0.2898399049612491,-0.30000000000000004,-0.30612244897959173,-1.0170174096665163,-7.631148829168631,-5.413116970926302,-1.2451598663051018,-0.15468081042797344,0.41103202846975084,0.26267748478701836,0.2628032345013478,0.05666666666666664,0.3401015228426396,0.5131995776135163,inf,0.029834699637145468,0.2632911392405064,0.0,0.12137668129180756
2004-07-31,0.0695383494048134,0.07023899151472834,0.03288843538069819,0.030024325657614925,0.0807150007485844,0.18213556174558954,0.1799099852630741,0.1799099852630741,0.17142857142857149,0.17647058823529416,-15.236650019208605,-0.17967009527420963,0.1936571165926153,-1.2804887459807075,0.051325259238687915,0.22698612862547307,0.20642570281124506,0.20917822838847377,0.05362776025236582,0.16287878787878785,-0.05687369155617583,inf,0.01043977554482578,0.21442885771543096,-0.005319148936170137,0.039030178634424706
2004-10-30,0.1118478617521601,0.1504609884489514,0.10338496523700358,0.18275053398806507,0.11431446903063525,0.21667226549566565,0.9595260599513908,0.9595260599513908,0.9512195121951221,0.925,1.5633601381618005,0.01880796232629356,-2.4844050827878323,3.622340425531915,0.2256607253988081,0.21891058581706058,0.36884154460719043,0.39011473962930276,0.11077844311377238,0.1563517915309447,-0.03921568627450989,inf,0.0021955314477590804,0.36963696369636967,0.016042780748662944,-0.027285634915735435
2005-01-29,0.22363640663056583,0.22239010319510477,0.3944176499902865,0.17880464884639902,0.17434849221700954,0.21964678376977176,0.7323812641044636,0.7323812641044636,-0.15000000000000002,-0.15584415584415579,0.0,0.0,0.0,1.2924288718701638,0.00477068911983336,0.2757166947723442,0.2966926070038911,0.2926984126984127,0.12938005390835583,0.14929577464788735,-0.12591451675009624,0.5,-0.040206185567010166,0.36626506024096384,-0.05263157894736836,0.036967696896617275
2005-04-30,0.0486712495333006,0.02363104731525789,-0.09826666626283798,-0.15670937555524844,0.09902479122685737,-0.26056500892496515,-0.4503644481568768,-0.4503644481568768,-0.47058823529411775,-0.46153846153846156,-0.7171791605697262,0.3985934664246824,-2.008300907911803,-1.2143184788347194,-0.0900273030345996,0.21678783873099805,0.020630157539384797,0.027013752455795625,0.09307875894988049,0.0759803921568627,-0.13436123348017626,1.0,0.047932330827067604,0.08201058201058209,-0.05555555555555558,0.2138376327304996
2005-07-30,0.07910598596662455,0.12204112852013349,0.10062876182287184,0.12430235606997031,0.07305445771299324,0.1306134765285154,0.04968067591771752,0.04968067591771752,0.05555555555555558,0.05714285714285716,2.295205836373111,1.8107461476074613,-0.8193979933110368,0.9286839235956872,-0.19081255143868514,0.07930472569255853,0.004410143329658167,0.0057388809182208345,0.06331877729257651,-0.011389521640091105,-0.043256997455470625,0.8333333333333335,-0.0055092889173605775,0.06275468622656866,-0.05294117647058816,-0.001991579902689833
2005-10-29,-0.024151946118010303,-0.03581771760936092,0.09519115744244533,0.104400226549616,-0.05856975389262242,0.12535065845866122,0.2637239524983195,0.2637239524983195,0.26315789473684204,0.2702702702702702,0.08328344384326036,-1.4603970395163968,-71.55887939221273,-1.2828517587939698,0.06669859483158724,-0.09511826874685458,-0.005854372484449311,-0.014740846409890596,-0.020533880903490842,-0.14976958525345618,-0.18244680851063833,0.4545454545454546,-0.035300180365885,0.019938650306748684,-0.03105590062111807,-0.12698292411841972
2006-01-28,0.12394519604391196,0.17907397688924576,0.2541678160727372,0.3636219658889941,0.08025599652987458,0.32320116330399107,0.4667348608837971,0.4667348608837971,0.5208333333333333,0.5106382978723405,0.0,0.0,0.0,-3.208083499888963,-0.395830536873921,-0.14015572858731917,-0.020242914979757054,-0.029922779922779807,0.08595387840670865,-0.12195121951219501,-0.1802212101496421,0.3125,-0.038862179487179516,-0.042105263157894646,0.012820512820512775,-0.1353259454298198
2006-04-29,0.007230098234421112,-0.014681605519528573,-0.12427987744863889,-0.18545280582263846,0.05845431447481375,-0.316522037188942,-0.4034275299653155,-0.4034275299653155,-0.410958904109589,-0.4084507042253521,-0.43426623010990384,-1.1375679613932281,-0.9336729543665081,-2.275369606758524,0.2914524741628297,0.242561448900388,-0.006761833208114076,-0.013930348258706537,0.050193050193050315,0.1450617283950617,0.2039682539682539,0.2857142857142858,0.050854522717799,0.0,-0.012658227848101222,0.2096439566323116
2006-07-29,0.0737717791471737,0.09474871478936064,0.12436351827561976,0.1496033052800967,0.057467956396007214,0.1529359069575138,0.12380759398965013,0.12380759398965013,0.11627906976744184,0.11904761904761907,4.037508063772925,10.28132118451025,0.03530844155844148,3.279000078858134,0.9656763875376693,0.14992191566892243,0.011724659606656473,0.0020181634712412855,0.0625,0.09433962264150941,0.10876730388925515,0.2592592592592593,-0.015205606240909608,0.009419152276294973,-0.012820512820512886,-0.04771916235580509
2006-10-28,0.05973167734482887,0.037007107347976964,0.14515386594099877,0.16659087016354324,0.030461856766878848,0.15600189930369934,0.40008876683449146,0.40008876683449146,-0.06249999999999989,-0.06382978723404253,-0.6311221689656434,1.436193841494195,5.893081144649157,-2.2909095376752298,-0.63418417542356,0.17926663648709829,0.02990654205607468,0.021148036253776592,0.03460207612456756,0.11083743842364546,0.12247324613555288,0.23529411764705865,-0.027658431793770255,0.036547433903576954,-0.012987012987012991,-0.11108528933302353
2007-02-03,0.079981785519053,-0.008752235625404281,0.12347612939328911,0.16561951002182074,0.0634197362369231,0.39793046000947885,0.48753281489920264,0.48753281489920264,0.5333333333333332,0.5227272727272727,2.182814576762086,0.2514701311618077,0.11412201259649968,-0.7074406829667559,-0.5071855200633579,0.23262955854126677,0.06787658802177865,0.0641025641025641,0.07692307692307687,0.19068736141906872,0.12870762711864403,0.09523809523809534,-0.015327257663628857,0.03975993998499616,0.026315789473684292,-0.1495751633986928
2007-05-05,-0.07366147350117036,-0.10672194709969673,-0.2195635702910701,-0.3587794051217902,-0.014966358853943262,-0.3708567700708367,-0.47542271858496665,-0.47542271858496665,-0.4782608695652174,-0.4776119402985075,-1.242068030602864,-1.6328703979654686,0.3296028788729519,-1.163535516192521,0.16830440095753052,-0.045157271877919625,0.0047586675730793004,0.006024096385542244,-0.009316770186335477,-0.11359404096834269,-0.15532613796339745,0.17391304347826098,0.06338521946431075,0.005772005772005651,0.0,0.3930753564154785
2007-08-04,0.003493595888941492,0.0194548821253131,0.06223608542348802,0.06098713333039796,-0.015229568082515632,0.14827739367000548,0.03267741525961654,0.03267741525961654,0.0277777777777779,0.05714285714285716,-2.186659972192183,-0.6089274688935631,0.09834633804574211,4.363636363636363,0.7726784255849608,-0.1245923026744945,0.007780784844384492,0.007830492860432914,0.0031347962382446415,-0.11554621848739488,-0.15888888888888886,0.18518518518518512,-0.018594223921930664,-0.01147776183644178,0.019230769230769162,-0.03914266799073163
2007-11-03,0.07323783568739639,0.059254140861695115,0.20145257755295898,0.2868041855803056,0.029156889757193216,0.05866701555342879,0.22229051927616061,0.22229051927616061,0.2432432432432432,0.21621621621621623,0.8825061025223759,-2.5117004053999814,-0.30774204823488294,-1.349367651967511,-0.15228303305123791,-0.09165424739195238,-0.01812688821752273,-0.021937842778793404,0.03281249999999991,-0.09501187648456055,-0.12021136063408189,0.15625,-0.04111797903789294,-0.019593613933236664,-0.0062893081761006275,-0.17684379754830182
2008-02-02,-0.058070236223808136,-0.11681558948519544,-0.07163773840066634,-0.06681517791581493,-0.05262473461472139,0.3371084152849848,0.4129000462655643,0.4129000462655643,0.4565217391304348,0.4666666666666668,0.5920412632549561,-0.5555909581718089,1.7279669788695058,-1.5936305732484075,0.10663920592694298,-0.16324856439704682,-0.01025641025641022,-0.008411214953271018,-0.010590015128593033,-0.1889763779527559,-0.16741741741741745,0.12162162162162149,0.005745515695067205,-0.031088082901554515,0.025316455696202445,-0.05356956021344139
2008-05-03,0.0004363702561467342,-0.20968639367419184,-0.043987663500348995,-0.06870417727777811,0.017908724143281818,-0.3567396456302535,-0.6875333679767083,-0.6875333679767083,-0.6865671641791045,-0.6818181818181819,-1.1851468410974078,-5.4500119493348205,-1.2393633019457233,18.865611587982833,1.914312301289839,-0.03823529411764692,-0.08186528497409329,-0.09048067860508946,0.013761467889908285,-0.029126213592232997,-0.03336339044183945,0.12048192771084354,0.017556081928382206,-0.09549274255156592,0.006172839506172645,-0.15138003463905358
2008-08-02,0.04111811912796126,0.06514175505311859,0.0713893160061505,0.10099533872058863,0.029936165690707783,0.07576581050816644,0.3630481831643695,0.3630481831643695,0.38095238095238093,0.38095238095238093,-2.760904842903787,-1.2545604267735988,-1.384863715445583,-0.9318021217317725,0.04479685901643227,-0.20540265035677885,-0.06395786305492845,-0.0709844559585493,0.03016591251885381,-0.21666666666666667,-0.1399253731343284,0.10752688172043001,-0.01081747227166907,-0.05405405405405406,-0.018404907975460016,-0.032567632116027645
2008-11-01,0.013414217888639612,0.056150460705616245,0.08630999227787783,0.09566389691870936,-0.014596706650527924,0.09468580097704038,-0.28792766291721683,-0.28792766291721683,-0.27586206896551724,-0.27586206896551724,-0.1615721978571032,0.053023909985935314,-0.01999095886282587,-2.3564545934530097,-0.058159540451059755,-0.16292495189223855,-0.16077170418006426,-0.1639709983268265,-0.016105417276720435,-0.18723404255319154,-0.12039045553145344,0.09708737864077666,-0.027685492801771905,-0.16785714285714282,0.006250000000000089,-0.03604291036401985
2009-01-31,-0.003927627764569563,0.01958271723010263,-0.05449911782003525,-0.049338166743174594,0.017494894584360043,0.20115352582635304,-0.23173880386818135,-0.23173880386818135,-0.23809523809523803,-0.2857142857142857,1.4864857706620054,-0.5278649659409643,0.06714161242376093,-7.836228287841191,0.4221435717783779,-0.3095785440613027,-0.3836206896551724,-0.3835890593729153,0.016369047619047672,-0.2984293193717277,-0.18865598027126995,0.08849557522123908,0.021497722095672023,-0.35729613733905585,-0.0434782608695653,0.07245297075805546
2009-05-02,-0.025655454362124908,-0.02809612269400308,-0.1348934904308161,-0.19258617642739628,0.01734454387447837,-0.3243047190445538,-0.328862546210015,-0.328862546210015,-0.3125,-0.2666666666666666,-1.0754359242019151,-0.15951766328370875,-0.09283896066471353,-1.3881356535354614,-0.11521267920446532,0.33407325194228643,-0.13286713286713292,-0.12770562770562766,0.014641288433382194,0.31343283582089554,1.1246200607902734,0.08130081300813008,0.04418118466898946,-0.11352253756260433,-0.012987012987012991,0.20375998610628687
2009-08-01,0.05070671202641308,0.1468633250311333,0.12635804154413988,0.22409206230790812,0.025383858748351917,0.07452784867627682,0.30067829016251646,0.30067829016251646,0.27272727272727293,0.27272727272727293,-7.712086981078791,-1.0012622012790307,-0.07507412113511225,-2.493646282204089,0.19449531645841645,0.178036605657238,-0.20788530465949817,-0.20471464019851116,0.023088023088023046,0.15909090909090917,0.3326180257510729,0.07518796992481191,-0.024025627335824917,-0.19020715630885132,-0.019736842105263164,-0.0630838593327322
2009-10-31,0.04257742820275845,0.061088203613772096,0.059479292524659666,0.060226854906543226,0.03636272099938975,0.13893940960711437,1.0705235895282095,1.0705235895282095,1.0714285714285712,1.0,-0.3216577258861891,-221.33333333333334,1.4198626216370922,-0.8485071695148301,0.024667025144773813,0.1652542372881356,0.10407239819004532,0.1138845553822152,0.03385049365303239,0.14215686274509798,0.451959205582394,0.06993006993007,-0.006017505470459428,0.13255813953488382,-0.01342281879194629,0.000808438558669522
2010-01-30,0.020153556358389668,0.06631446605241709,-0.02265443946329304,-0.02860352924130105,0.036244875451731495,0.2977641055220426,0.002789093798069686,0.002789093798069686,-0.0344827586206895,0.0,2.738036904946503,1.8322239031770047,-0.026091070372560643,13.696677471636953,0.3537962126636012,-0.012121212121212088,0.15368852459016402,0.161064425770308,0.0300136425648021,-0.047210300429184504,-0.1138632162661738,0.065359477124183,0.015822784810126445,0.16016427104722797,0.0,0.09770358118244404
2010-05-01,-0.07621455577443659,-0.1037042749543714,-0.16224619436735987,-0.2076096392023572,-0.04571379338961823,-0.32153365926730704,-0.8158923875665836,-0.8158923875665836,-0.8214285714285714,-0.8214285714285714,-1.1031999535396946,-0.3258372950162919,1.9759302438550472,-1.8751854077868515,-0.22871779353276844,0.07607361963190185,-0.07637655417406763,-0.07237635705669487,-0.029139072847682135,0.04504504504504481,-0.0967876512307051,0.06134969325153383,0.0329134498171475,-0.07964601769911517,0.006802721088435382,0.13112800925114776
2010-07-31,-0.06353160961730264,-0.07953411268025745,0.0061429122949963055,0.02213842222853124,-0.08521685098552334,-0.012056962361229662,-0.11527192821827503,-0.11527192821827503,0.0,0.0,-3.080713883752713,-0.9695745186593773,0.3048847174046112,-0.30874931483546597,-0.2049850627476697,-0.18129988597491442,-0.10673076923076918,-0.10273081924577365,-0.038199181446111896,-0.15517241379310343,-0.11547344110854507,0.06358381502890187,-0.023078940466823905,-0.11730769230769222,0.013513513513513598,-0.09947643979057585
2010-10-30,0.03212461676279932,0.23388390867989672,0.07658682291986874,0.10970153309220887,0.016904331671492523,0.1534991450525094,2.4175721825520027,2.4175721825520027,2.4,2.4,0.9560698554980296,-321.9869791666667,-0.8703660847755519,-2.8707572277516498,0.48235230528079565,0.023676880222841312,-0.17115177610333687,-0.1681159420289856,0.015602836879432758,0.06632653061224492,0.16292428198433417,0.059782608695652106,-0.014765100671140785,-0.18954248366013082,0.026666666666666616,0.11191000412825103
2011-01-29,-0.015256211749472559,-0.011436897567923099,0.041522920604915026,0.05516076199389497,-0.035833564074091995,0.20437600714298076,1.635598352713178,1.635598352713178,1.5882352941176467,1.5882352941176467,1.4988642424003,-1.6704987059768455,5.436263630222909,-0.8206205055249157,0.0583694661329317,0.060544217687074964,0.2961038961038962,0.28745644599303133,-0.030726256983240163,0.04306220095693791,0.2730130220026943,0.3128205128205128,-0.020844686648501476,0.27419354838709675,0.012987012987013102,-0.06311685900807529
2011-04-30,-0.02535109079903275,-0.06170502635365849,-0.1192092670633188,-0.16731255656371102,0.011393183629875958,-0.3265230135554532,-0.6745674303177922,-0.6745674303177922,-0.6590909090909092,-0.6818181818181818,-1.1548849893289068,0.6117974469114889,-0.8374113554925862,-6.239964147971101,-0.28898595401689353,-0.01731879409878123,0.15230460921843703,0.1447902571041948,0.010086455331411948,0.013761467889908063,-0.2388007054673722,0.04296875,0.037567830805621316,0.14345991561181437,0.0,0.1268121924639214
2011-07-30,0.01864503164809106,0.04827654424956651,0.07221051185513683,0.12245043304319281,0.00038273968432389616,0.1085057795597495,-0.3055957634598411,-0.3055957634598411,-0.33333333333333326,-0.2857142857142857,0.16844012350404447,-0.8712304908901184,0.019595186500069195,-0.5575016198004406,-0.17984991615192092,-0.07963446475195823,0.06521739130434767,0.061465721040189214,0.0,-0.09049773755656121,-0.1830398517145505,0.041198501872659055,-0.017835590720128747,0.053505535055350606,0.0064102564102563875,-0.06605902523372709
2011-10-29,0.02354672001422986,0.043890745805057474,0.056845139785592025,0.09395241826026512,0.011379040181069833,0.23105269622896452,1.6654634195942855,1.6654634195942855,1.7000000000000002,1.7000000000000002,-1.805765450971828,-0.49833848306418704,0.6880709053088541,-0.8943996064145064,-0.023157007852576017,-0.1574468085106382,0.11999999999999988,0.1146993318485523,0.01854493580599148,-0.15920398009950243,-0.207033465683494,0.039568345323741205,-0.011878754778809397,0.08581436077057791,0.02547770700636942,-0.04578403991590052
2012-01-28,0.02112065626354398,0.06770959023619194,0.011443238430793201,0.02232258812908361,0.024815882627797103,0.2535398027952962,-0.021801743376504423,-0.021801743376504423,-0.03703703703703709,-0.03703703703703709,6.787808976582827,-9.319465427077281,-0.4751406375569247,-38.632945091514145,0.8921253589422642,0.20370370370370372,-0.20043731778425644,-0.19780219780219777,0.019607843137255054,0.18343195266272194,0.07653791130185983,0.03806228373702414,0.0035926488876605323,-0.22580645161290325,0.03726708074534146,0.044396211523283435
2012-04-28,-0.017608142702334684,-0.021364859322960728,-0.1648653153566526,-0.21504633683686025,0.037886834960062954,-0.3103727054157033,-0.22593791435925437,-0.22593791435925437,-0.23076923076923073,-0.23076923076923073,-0.9558779003198313,-1.1115115450697732,-0.3999387536365029,-1.0179861522544589,-0.008480359115830116,0.11888111888111874,0.054694621695533296,0.06226650062266503,0.030219780219780112,0.10000000000000009,0.38073089700996676,0.036666666666666625,0.05645050254715689,0.039583333333333304,0.0239520958083832,0.24677246678002374
2012-07-28,0.03257582240515289,0.06863754294707625,0.12232435790196017,0.21259753441790452,0.005360648636445031,0.028629120294593413,-0.520694259012016,-0.520694259012016,-0.5,-0.55,0.6977441236788138,1.715395214831517,0.33843667602279504,1.8459521468371025,-0.024341117650604205,0.213125,-0.023336214347450257,-0.017584994138335253,0.002666666666666595,0.17727272727272703,0.1256015399422521,0.03536977491961424,-0.026326078456926916,-0.024048096192384794,0.005847953216374213,-0.11872711200909203
2012-10-27,-0.07365219351128571,-0.11037139527785023,0.09809618197367254,0.1493337203335805,-0.13179190673248498,0.23076735885788446,3.1313922320912386,3.1313922320912386,3.0,3.333333333333334,6.253949080096636,-0.21838815334225214,17.51588713777326,7.7178394564090755,-0.21749605287920737,0.12519319938176188,0.18141592920353977,0.17183770883054894,-0.13829787234042545,0.11969111969111967,0.13852073535699017,0.5,-0.06277606746084852,0.13552361396303914,0.03488372093023262,-0.2259700808161862
2013-02-02,-0.0420482310885244,-0.04679376083188913,-0.026741295795560838,-0.0171274729536548,-0.0486019082699749,0.21560479539178412,0.20567881131691435,0.20567881131691435,0.22499999999999987,0.20512820512820507,0.8235554075345537,7.5478958862066925,-0.396992099284062,-0.7650897657767151,-0.06529302364861767,-0.08562271062271065,0.2749063670411984,0.2627291242362526,-0.029320987654321007,0.0620689655172415,-0.20240330454374766,0.04554865424430643,-0.006855184233076295,0.20795660036166352,0.04494382022471921,-0.030175126809581898
2013-05-04,-0.050686966737336525,-0.09212997022245573,-0.14012294668197267,-0.2036398089478828,-0.01151502595425602,-0.3860082862319332,-0.7048197855997299,-0.7048197855997299,-0.7142857142857142,-0.7021276595744681,-1.1358672937176655,-0.7418230026169154,-0.7195041435206265,2.541333933190867,-0.2473763501263948,0.024536805207811874,-0.00235017626321965,-0.01774193548387093,-0.0031796502384738856,0.05519480519480524,-0.16242937853107342,0.0,0.041271210813919934,-0.04041916167664661,0.021505376344086002,0.1400320684126135
2013-08-03,0.06780924798625598,0.03605612932975499,0.25329025328373045,0.33895746611548816,-0.0028596872734804046,0.070401205633156,-0.2996139548184158,-0.2996139548184158,-0.2857142857142857,-0.2857142857142857,-1.7547823389515045,0.2388810141477895,-0.5810640801915506,-0.6983818204916471,-0.09913746982449267,-0.06891495601173026,0.058892815076560634,0.031198686371100015,-0.0031897926634768536,-0.06461538461538463,-0.017425519955030833,0.023762376237623783,-0.0661510841044054,0.006240249609984261,0.026315789473684292,-0.22624070725336554
2013-11-02,0.03370681737108061,0.018511483432683162,0.12311506353094659,0.15847280222203586,-0.009108786190269336,0.17872910287592814,0.27095029090537914,0.27095029090537914,0.30000000000000004,0.30000000000000004,1.8327282690595248,0.0182846534119121,0.18424876489392616,-1.23945033827362,0.026350858083131534,-0.1280839895013124,-0.22858731924360398,-0.24363057324840753,-0.009599999999999942,-0.125,-0.13615560640732272,0.025145067698259194,-0.04140786749482406,-0.2310077519379845,-0.02051282051282055,-0.12079113650134166
2014-02-01,-0.07930172828878645,-0.15568951504895956,-0.1844226779758935,-0.22839149644261292,-0.022244319444223226,0.21509497786668685,-0.5779624944785768,-0.5779624944785768,-0.5384615384615385,-0.5384615384615385,0.8937492443477209,0.3669917320330718,-0.09415132924335379,6.107409850483729,0.1824778990866085,-0.11860325105358216,-0.49819754866618604,-0.5,-0.02746365105008086,-0.10902255639097747,0.15430463576158937,0.024528301886792336,0.06201789571120031,-0.49395161290322576,-0.010471204188481686,0.09421609648043328
2014-05-03,-0.024960393444790507,-0.07143986313829098,-0.047855435560791415,-0.047513947790256084,-0.014594684516428869,-0.3797401764603675,-0.6321598477640342,-0.6321598477640342,-0.6666666666666666,-0.6666666666666666,-1.0277337964145257,-0.02834943626804798,0.15712479682138336,-2.411220591192439,-0.21777706697729704,-0.11885245901639341,-0.2816091954022988,-0.288421052631579,-0.01827242524916939,-0.09704641350210974,0.7211703958691911,0.022099447513812098,0.010604299825682784,-0.2828685258964144,-0.005291005291005346,-0.025147330064330453
2014-08-02,0.017061803027707212,-0.031376627980330696,0.08651950692136157,0.1113163540432156,-0.01332366828582321,0.0997726460196029,0.5036213140196586,0.5036213140196586,0.5,0.5,-8.823204419889503,0.19012657015625756,-0.005852973310441656,-0.286768090843326,-0.1985694188874546,-0.13720930232558137,-0.2220000000000001,-0.22189349112426027,-0.013536379018612488,-0.12149532710280386,0.19666666666666655,0.023423423423423406,-0.029897944516314445,-0.22777777777777775,0.010638297872340496,-0.12838024919243185
2014-11-01,0.054766463836729784,0.12136544705317265,0.1933509576832524,0.24259815502434123,-0.011994563640420619,0.2022178596809716,0.5542749010837777,0.5542749010837777,0.6666666666666667,0.6666666666666667,2.095162429378531,-0.1363508348420841,-0.010754376324672243,-1.2738086090577985,0.06784120505048974,0.1338724168912846,-0.3419023136246786,-0.3460076045627376,-0.012006861063464935,0.14893617021276606,0.46462395543175483,0.021126760563380254,-0.06326863238998381,-0.3525179856115108,0.0052631578947368585,-0.0975751800084711
2015-01-31,-0.04241588377898864,-0.04398875777251021,-0.14522763011544515,-0.1599104085960903,0.017405982787724428,0.2546711304123892,5.8188157166574435,5.8188157166574435,5.3999999999999995,5.3999999999999995,0.944774019356188,-0.4619708686605174,0.0900650690366609,6.310546107649997,0.4644475743907004,0.05150554675118868,1.76171875,1.744186046511628,0.01388888888888884,0.06481481481481466,0.5774058577405858,0.022413793103448265,0.062480227776020136,1.7222222222222223,0.010471204188481575,0.13798767967145786
2015-05-02,-0.014230588812121803,-0.03466990375210688,-0.05349790545658173,-0.06601059044681579,0.004965141356056524,-0.3473731938987902,-0.5283891702376315,-0.5283891702376315,-0.53125,-0.53125,-1.0622351060553472,0.2358866312629877,0.06617165319938856,-1.643291465774038,-0.20401902132228866,0.2004521477015826,0.3154172560113153,0.31144067796610164,0.0034246575342467,0.18695652173913047,-0.5426814564745599,0.021922428330522825,0.01935387821944312,0.2897959183673471,0.015544041450777257,0.03356189101407425
2015-08-01,0.05227827064253088,0.07367743901800639,0.1273828824985066,0.14775600063434613,0.01769941636364436,0.13996454711802375,0.1448976079848563,0.1448976079848563,0.13333333333333353,0.13333333333333353,-5.732306967245306,-0.11758249457042103,-0.2921275433565479,-1.0045709511874925,0.001171587026279619,0.06842435655994983,0.25161290322580654,0.24555735056542827,0.017064846416382284,0.06227106227106227,-0.18402320063274458,0.01980198019801982,-0.03286110705418421,0.22784810126582267,0.010204081632652962,-0.06454509177972867
2015-10-31,0.07250673073481617,0.13800157100679877,0.14134166258782122,0.17474357098735327,0.037398835699052446,0.15254543356892403,1.2279272508642718,1.2279272508642718,1.2352941176470589,1.2352941176470589,0.8019320464089499,-0.19994177737786478,1.0262840607668196,92.54308093994779,0.10946255614287015,-0.029377203290246734,0.46048109965635753,0.464332036316472,0.04194630872483218,-0.04482758620689653,-0.22649434571890137,0.021035598705501535,-0.032618544246451275,0.463917525773196,0.005050505050504972,-0.031246667377626047
2016-01-30,-0.14598196029739874,-0.31129902784508356,-0.17344447015236608,-0.19798043044713853,-0.1305718394440296,0.20320061975557957,0.10246653713298781,0.10246653713298781,0.10526315789473673,0.07894736842105265,0.6491741969952376,0.4112335020343356,4.643793883136975,-3.8763223267368185,-0.2837908547130944,-0.09564164648910412,0.12294117647058811,0.11514614703277237,-0.0628019323671497,-0.12996389891696747,-0.38805346700083543,0.020602218700475516,0.01795192007492985,0.08978873239436602,0.02010050251256268,-0.1412923822104799
2016-04-30,-0.009893031212358405,0.008228097459823669,-0.07467327544707325,-0.09747197432723287,0.02466482019753169,-0.32230328767222394,-0.5046141042273518,-0.5046141042273518,-0.47619047619047616,-0.46341463414634143,-0.8331676310909537,-0.4118088273210979,-0.8772203572814223,-0.7953323629306162,-0.08109833235281683,0.0006693440428380271,0.068098480880042,0.06354249404289103,0.02405498281786933,0.0663900414937757,-0.08054607508532419,0.01863354037267073,0.03496396258242607,0.03877221324717284,0.024630541871921263,0.1171078777001473
2016-07-30,0.06069801590682422,0.13285124505194523,0.1422056001294827,0.19127282633110787,0.021432125260371304,0.09764670089776573,0.027571894455973966,0.027571894455973966,0.045454545454545414,0.045454545454545414,1.3936857611570526,0.4536941101458516,-0.15923610634059215,-1.4247309278839315,0.03748493572576317,0.04682274247491636,0.051495831289847915,0.04630321135175519,0.015100671140939603,0.023346303501945442,-0.015590200445434355,0.01981707317073189,-0.037042524818491684,0.02799377916018675,0.019230769230769162,-0.04905898554050947
2016-10-29,0.07639553315993264,0.13389912359798073,0.09748629786889484,0.12907522300518925,0.06503380143711768,0.1434668864591766,0.8215041354106558,0.8215041354106558,0.7826086956521738,0.7826086956521738,0.41947214568443436,0.29548507360399134,-0.5947381322003431,3.8820049118106716,0.17638968435148072,0.15079872204472844,0.01539179104477606,0.017130620985010614,0.06446280991735542,0.13307984790874539,0.09502262443438902,0.017937219730941534,-0.010617018002769707,0.0015128593040845129,0.014150943396226356,0.004284076509986079
2017-01-28,-0.021881549924830157,-0.03802106849663067,-0.11142211565065019,-0.12275462399556569,0.027824328475374527,0.16652721800450565,-0.2790258711721225,-0.2790258711721225,-0.24390243902439024,-0.2682926829268293,0.6035590414630301,0.14670531973422496,1.1725806451612901,0.9881096654700112,0.2981002307425935,-0.07384786229872298,-0.1428571428571429,-0.13473684210526304,0.026397515527950333,-0.1308724832214766,-0.09573002754820925,0.0190895741556536,0.05085536547433889,-0.11027190332326275,-0.027906976744186074,0.09661139149242959
2017-04-29,-0.0838449283654763,-0.15263268270328634,-0.10858325073388098,-0.1482270552044117,-0.07197263087461159,-0.3056835021499281,-0.5379798978414896,-0.5379798978414896,-0.5483870967741935,-0.5333333333333332,-0.9342026028929226,-0.25917587791330665,4.734502598366741,-2.764497504198008,-0.40520531518991687,-0.13369304556354922,-0.07984994640943188,-0.0770478507704786,-0.04387291981845687,-0.15444015444015446,-0.051028179741051005,0.018731988472622474,0.013023531152878576,-0.07640067911714776,0.0,-0.005204909051062856
2017-07-29,0.03253136647046606,0.07007327753276282,0.09063106419312272,0.12218758841725097,0.005748416859518102,0.10858111194535303,-0.15850372483753372,-0.15850372483753372,-0.14285714285714302,-0.14285714285714302,2.9701158012700786,0.15939321476610369,-0.7787766000485477,-0.7872516556291391,-0.14493532329471526,-0.1301038062283736,-0.10774606872451942,-0.10193321616871709,0.004746835443037778,-0.091324200913242,-0.0658105939004816,0.016973125884016893,-0.02600438276113959,-0.10845588235294112,0.009569377990430672,-0.046428374731508515
2017-10-28,0.06846671723032904,0.13831262198890082,0.13621660284970027,0.17131585526566684,0.034599337009105335,0.13720329119289754,2.0011772461857222,2.0011772461857222,2.0,2.0,2.1727512231840422,0.05003759802341823,-0.1252697414139936,-2.990532798186219,0.33739964062775885,-0.01670644391408116,-0.06657963446475201,-0.06555772994129161,0.03307086614173227,-0.02010050251256279,0.0945017182130583,0.018080667593880273,-0.03164841757912107,-0.07216494845360832,0.004739336492891155,-0.028185283585537735
2018-02-03,0.008065912597542413,0.041192760360003966,-0.10814446405389444,-0.12231206135590766,0.07186388571516988,0.2793427547783136,0.4742441121553984,0.4742441121553984,0.4722222222222223,0.41666666666666674,0.5297004744958482,-0.2514424847567214,-0.4177538049841111,1.4024688697686587,0.6060956715218211,0.2944983818770228,0.2272727272727273,0.23246073298429315,0.07012195121951215,0.2512820512820513,0.3649921507064364,0.01775956284153013,0.06319702602230493,0.1955555555555557,0.03301886792452824,0.1863187923451799
2018-05-05,-0.047017777222317925,-0.09698615427503532,-0.08075017295205456,-0.10390523081235148,-0.03160914700218398,-0.33023065410186025,-0.5750335256178292,-0.5750335256178292,-0.5660377358490566,-0.5686274509803921,-0.8643408974147708,0.8372830394970616,5.052495511669659,-1.79387645272478,-0.29958681182651414,0.193125,0.051851851851851816,0.0569243840271878,-0.02564102564102555,0.11475409836065587,-0.0287521564117309,0.018791946308724716,0.016171328671328755,0.05390334572490696,0.0,0.007715044336455978
2018-08-04,0.06923220911033123,0.14004637569803657,0.12728710511085262,0.16838851528504795,0.04405900043151245,0.17241643285647812,0.5110070374915474,0.5110070374915474,0.4782608695652175,0.5454545454545456,3.444694533762058,0.1094068464822886,-0.8030042358301397,-1.2713355338019416,0.11605799102519843,0.19643792561550555,0.1457204767063922,0.15192926045016097,0.03947368421052633,0.2279411764705881,0.11782119597394902,0.017127799736495364,-0.023512544802867352,0.14462081128747784,0.009132420091324311,-0.024260502112851134
2018-11-03,0.07063788768763346,0.12675813375055167,0.16249161261462763,0.19512420770835792,0.02763417070119467,0.04026934672950189,0.41667081033596864,0.41667081033596864,0.4117647058823528,0.4117647058823528,-0.2669865843561857,0.10706574942001579,1.9663916159730168,-2.2923086074594017,-0.13438615374147134,0.10770577933450087,0.05579196217494098,0.057920446615491894,0.03234880450070321,0.06586826347305386,-0.06302966101694907,0.0181347150259068,-0.04008221993833505,0.07241910631741133,-0.013574660633484115,-0.05721709889438009
2019-02-02,-0.039416961647897875,-0.06872914938387209,-0.10239042663285092,-0.10623786331810914,-0.0060652518272179545,0.2396037887550848,-0.10885436166229878,-0.10885436166229878,-0.10416666666666663,-0.10416666666666663,1.3363452934467936,-0.29155108715401856,1.0784958681042007,-2.2303337169159954,0.19100874685570557,-0.20750988142292492,-0.0712046574115539,-0.07453825857519791,0.016348773841961872,-0.2331460674157304,-0.26851328434143595,0.011450381679389388,0.03472009788926278,-0.06752873563218387,-0.00917431192660556,0.041990920881971316
2019-05-04,0.7103029456051293,-0.0914214821845194,2.269773944786083,0.19746242939675107,-0.03557440264687717,-0.28766218265727583,-0.46497216678920283,-0.46497216678920283,-0.4418604651162791,-0.4651162790697674,-0.9637700886151997,-1.1771022124952981,-0.5443986402000625,-1.5361031089827528,-0.08597785977859773,0.09476309226932655,-0.0033751205400193163,-0.16678545972915182,-0.03351206434316356,0.07692307692307687,0.1537867078825348,0.017610062893081757,-0.43621581670362153,-0.012326656394452962,-0.15740740740740744,-0.24127379285306771
