Quarter end,Assets,Current Assets,Liabilities,Current Liabilities,Shareholders equity,Revenue,Earnings,Earnings available for common stockholders,EPS basic,EPS diluted,Cash from operating activities,Cash from investing activities,Cash from financing activities,Cash change during period,Cash at end of period,Price,ROE,ROA,Book value of equity per share,P/B ratio,P/E ratio,Equity to assets ratio,Net margin,Asset turnover,Current ratio
1996-03-31,0.24989375265618352,0.043147208121827374,0.3335399876007439,0.25,0.04810996563573888,0.011627906976744207,-0.03448275862068961,-0.03448275862068961,-0.02631578947368418,0.05405405405405417,-0.48888888888888893,7.333333333333334,-50.09090909090909,-1.40625,0.06280193236714982,0.12089810017271163,-0.048689138576779034,-0.10624999999999996,0.04639175257731942,0.23283582089552235,0.07451991974777883,-0.16134249898908204,0.008152173913043459,-0.11538461538461542,-0.16550981974710788
1996-06-30,0.24989375265618352,0.043147208121827374,0.3335399876007439,0.25,0.04810996563573888,0.011627906976744207,-0.03448275862068961,-0.03448275862068961,-0.02631578947368418,0.05405405405405417,-0.48888888888888893,7.333333333333334,-50.09090909090909,-1.40625,0.06280193236714982,0.12089810017271163,-0.048689138576779034,-0.10624999999999996,0.04639175257731942,0.23283582089552235,0.07451991974777883,-0.16134249898908204,0.008152173913043459,-0.11538461538461542,-0.16550981974710788
1996-09-30,0.1625297517851072,0.11922141119221408,0.1808461180846117,0.8566037735849057,0.12950819672131142,0.17816091954022983,0.1428571428571428,0.1428571428571428,0.1351351351351351,0.05405405405405417,2.4347826086956523,-0.4745454545454545,-0.5685185185185185,0.7692307692307692,0.1045454545454545,0.29275808936825887,-0.048689138576779034,-0.10624999999999996,0.09852216748768483,0.23283582089552235,0.07451991974777883,-0.028447444551591095,0.008152173913043459,-0.11538461538461542,-0.39712425043523114
1996-12-31,0.05937408599005556,0.09130434782608687,0.058267716535433056,-0.22357723577235777,0.046444121915820036,0.3853658536585365,0.125,0.125,0.0714285714285714,0.05405405405405417,-0.5569620253164558,-0.20415224913494812,-0.41201716738197425,-3.5217391304347827,-0.23868312757201648,0.3313468414779499,-0.048689138576779034,-0.10624999999999996,0.04484304932735439,0.21307506053268765,0.07451991974777883,-0.011910669975186194,0.008152173913043459,-0.11538461538461542,0.4054545454545455
1997-03-31,0.1258972943125345,0.45418326693227096,0.014136904761904656,-0.2774869109947644,0.23578363384188616,-0.08098591549295775,0.11111111111111116,0.11111111111111116,0.11111111111111116,0.05405405405405417,-0.7142857142857143,0.034782608695652195,2.4014598540145986,-5.103448275862069,1.2864864864864867,0.2649955237242614,-0.048689138576779034,-0.10624999999999996,0.19313304721030033,0.20958083832335328,0.07451991974777883,0.09743847312908094,0.008152173913043459,-0.11538461538461542,1.0127083174796438
1997-06-30,0.5527219225110349,0.006849315068493178,0.7006603081438005,2.648550724637681,0.20426487093153756,0.0,0.050000000000000044,0.050000000000000044,0.0,0.05405405405405417,7.5,6.168067226890757,2.263948497854077,-1.4201680672268908,-0.2364066193853428,0.15428167020523698,-0.048689138576779034,-0.10624999999999996,0.1079136690647482,-0.03135313531353123,0.07451991974777883,-0.22425629290617843,0.008152173913043459,-0.11538461538461542,-0.724034935158229
1997-09-30,0.0372710044219835,0.0870748299319728,-0.030414150129421946,-0.1767626613704072,0.34575955265610436,0.3716475095785441,0.11904761904761907,0.11904761904761907,-0.48,0.05405405405405417,-0.7411764705882353,-0.8927315357561547,-0.871137409598948,-1.35,0.1083591331269349,0.2250153280196201,-0.1012373453318336,-0.10624999999999996,0.34090909090909083,0.10562180579216363,0.1400373432915445,0.2973451327433627,-0.04447439353099725,0.0,0.32045485682970276
1997-12-31,0.3564250913520097,0.4893617021276595,0.4133481646273638,0.4523522316043427,0.025623268698060864,0.4832402234636872,0.1914893617021276,0.1914893617021276,0.3076923076923077,0.05405405405405417,2.4545454545454546,8.136612021857923,6.857142857142857,-2.6,-0.15642458100558654,0.05905905905905895,-0.052565707133917394,-0.10624999999999996,0.02421307506053272,-0.21109399075500768,0.005147402901263476,-0.24420190995907243,-0.07545839210155159,-0.0434782608695653,0.025523967628138466
1998-03-31,0.009653159726119576,-0.10924369747899154,0.07492523217377611,-0.3762458471760798,0.02160702228224176,0.08286252354048962,0.1607142857142858,0.1607142857142858,0.08823529411764697,0.05405405405405417,-0.8947368421052632,-1.0598086124401913,-1.0603896103896104,-1.2678571428571428,0.04966887417218535,0.10727788279773165,0.006605019815059343,-0.045454545454545414,0.01891252955082723,0.08203125,-0.008379888268156388,0.012033694344163681,-0.07170099160945842,0.0,0.4280655605018211
1998-06-30,0.16331295163979997,0.10754716981132084,0.21335481036755022,0.9121171770972036,0.012557832121612655,-0.017391304347826098,0.0923076923076922,0.0923076923076922,0.10810810810810811,0.05405405405405417,22.75,-15.31,-14.881720430107526,2.3333333333333335,0.15772870662460559,0.10157917200170719,0.050524934383201936,0.00366300366300365,0.011600928074246175,0.08122743682310474,-0.006807511737089156,-0.12960760998810927,-0.032046014790468424,0.045454545454545414,-0.42082890541976614
1998-09-30,-0.007358562691131554,0.047700170357751315,-0.03161959932416125,0.29944289693593307,0.11749347258485643,0.08318584070796464,0.14084507042253525,0.14084507042253525,0.09756097560975618,0.1282051282051282,-1.3210526315789473,-0.9797344514325647,-0.9178931061192874,-0.6799999999999999,0.043596730245231585,-0.24099186361875236,0.09369144284821984,0.029197080291970767,0.08944954128440363,-0.25041736227045075,-0.3190735050815411,0.12568306010928953,0.015280135823429575,0.04347826086956519,-0.19363914373088686
1998-12-31,0.03793203042264359,-0.6373983739837399,0.028788634097706822,-0.9651661307609861,0.04789719626168232,0.05555555555555558,0.16049382716049387,0.16049382716049387,0.15555555555555567,0.11363636363636354,0.0,0.0,0.0,0.0,0.0,0.012761613067891808,0.08452312964020559,0.0851063829787233,0.04631578947368409,-0.069042316258352,-0.10551891704269345,0.009708737864077666,0.08444816053511706,0.0,9.408828883495145
1999-03-31,-0.05713755681291155,1.8789237668161434,0.012840702604482113,31.46153846153846,-0.4169453734671126,-0.012383900928792602,-1.1382978723404256,-1.1382978723404256,-1.1346153846153846,-1.1428571428571428,-1.1311475409836065,4.862068965517241,0.018867924528301883,-4.375,0.14099216710182771,0.03427419354838701,-0.19325961032122174,-0.2712418300653594,-0.44869215291750497,-0.011961722488038284,-0.057819169577027485,-0.38161057692307687,-0.26985350809560527,0.0,-0.9113167674706697
1999-06-30,0.10545991146089517,-0.010124610591900285,0.07044611888530072,-0.3886255924170616,0.4474187380497132,0.0031347962382444194,-6.461538461538462,-6.461538461538462,-6.285714285714286,-6.142857142857142,17.875,6.029411764705882,8.24074074074074,-0.14814814814814814,-0.10526315789473684,0.17592592592592582,0.0026109660574411553,-0.017937219730941756,0.43795620437956195,1.13317191283293,0.5901976935749587,0.30903790087463534,-0.029567053854276826,0.0,0.6192276088742807
1999-09-30,0.07733380795586009,0.46813532651455536,0.07709497206703908,0.45581395348837206,-0.00792602377807139,0.32343750000000004,-0.18309859154929575,-0.18309859154929575,-0.18918918918918926,-0.19444444444444442,0.2185430463576159,-0.6887029288702928,-0.5,-7.760869565217392,0.7953964194373402,0.2407791131371737,-0.06640624999999989,-0.13242009132420096,-0.07614213197969544,-0.13734392735527823,0.27117327117327106,-0.07869339272457299,-0.17519042437431975,0.04166666666666674,0.008423830305490876
1999-12-31,0.7247645795473319,0.3863879957127545,0.6366182572614107,0.3684771033013845,0.7556591211717709,0.3317591499409682,0.9310344827586208,0.9310344827586208,0.7666666666666668,0.8965517241379313,-1.7934782608695652,11.50268817204301,8.547094188376754,-1.1061093247588425,-0.047008547008547064,0.05878423513694053,-0.05090655509065556,-0.11578947368421055,0.7472527472527473,0.14605263157894743,0.20721271393643037,0.01772763900080565,-0.07519788918205816,-0.040000000000000036,0.013083735909822813
2000-03-31,0.12078544061302687,0.29648241206030157,0.22526462572098627,-0.011284046692606964,0.08304891922639368,0.3085106382978724,0.5535714285714286,0.5535714285714286,0.6037735849056602,0.4545454545454546,-2.7054794520547945,-0.815308535798753,-0.839840470193115,-5.636363636363637,0.22869955156950672,0.24542586750788642,0.4335047759000734,0.4583333333333335,0.08018867924528306,-0.2870264064293916,0.1794092827004219,-0.03404592240696758,0.4465049928673326,0.0,0.31134512219352284
2000-06-30,0.2400649517135287,0.3363148479427549,0.20583518700532832,0.663124754033845,0.3970588235294117,0.042005420054200604,-0.3620689655172413,-0.3620689655172413,-0.6941176470588235,-0.6875,0.4538152610441768,1.268917345750873,1.5753604193971165,1.4705882352941178,0.45985401459854014,0.07877406281661625,-0.15069195284469505,-0.1306122448979592,0.27219796215429404,-0.0016103059581320522,-0.39052661705781333,0.12704918032786905,-0.10059171597633132,-0.04166666666666663,-0.19651515151515153
2000-09-30,0.015506547208821608,0.06425702811244971,0.03230373230373229,0.008518693800283916,0.004010025062656686,0.14499349804941475,0.2072072072072073,0.2072072072072073,0.1153846153846152,0.15999999999999992,-1.8342541436464088,-0.6731657260133401,-0.5699745547073791,-1.2486772486772486,-0.07833333333333337,0.35454332002817557,-0.0494870247435123,-0.028169014084507005,0.0,0.06451612903225801,0.2660248884714722,-0.011636363636363778,-0.013157894736842146,0.0,0.05525174429568169
2000-12-31,0.05303698676620283,0.16834381551362676,0.032290238124922155,0.14547160957297045,0.20094857713429848,0.08801817149346958,0.6567164179104477,0.6567164179104477,0.5862068965517244,0.8620689655172415,-1.4966887417218544,2.599686028257457,1.2698224852071007,1.393617021276596,-0.20343580470162748,0.021147512567169402,0.03936507936507949,0.09661835748792269,0.12242562929061784,0.021212121212121238,-0.10070474777448069,0.14054451802796186,0.06444444444444453,0.04347826086956519,0.019924946390278864
2001-03-31,0.14677923500789491,-0.11555715054728155,0.14271336553945257,0.09094633346988945,0.2016212845562253,0.3282881002087683,-0.5225225225225225,-0.5225225225225225,-0.5652173913043479,-0.6296296296296297,4.84,-0.5939816833842129,-0.5125130344108446,-4.911111111111111,1.0771850170261068,-0.1390256323204888,-0.24679291386682956,-0.1938325991189428,0.10805300713557586,-0.23293768545994065,-0.29325634151371416,0.047741935483870845,-0.2296450939457202,0.04166666666666674,-0.18922470433639949
2001-06-30,-0.001657862200741822,-0.10225197808886188,0.002536550995243969,0.045625234697709294,-0.02110361529147209,-0.12966601178781922,0.05660377358490565,0.05660377358490565,0.04999999999999982,0.04999999999999982,-0.7294520547945205,-0.1707841031149302,-1.1122994652406417,-1.7272727272727273,-0.3497267759562842,-0.09108832807570977,-0.08110300081103006,-0.049180327868852514,-0.022079116835326484,-0.17988394584139256,0.05106507149110007,-0.01908866995073888,-0.07859078590785906,0.040000000000000036,-0.14143706104808218
2001-09-30,0.023980410368994454,-0.015819209039548032,0.05924728537793866,-0.03645178667624349,-0.09383283265594633,0.023927765237020227,-0.9732142857142857,-0.9732142857142857,-0.9523809523809523,-0.9523809523809523,-0.16455696202531644,0.25259067357512954,-9.342857142857143,-1.1671875,0.08991596638655452,-0.3872017353579176,-0.2683142100617828,-0.2643678160919539,-0.0950141110065853,-0.37264150943396224,-0.36757357023875625,-0.11487758945386073,-0.2720588235294118,0.0,0.021394412282909725
2001-12-31,0.009757840631098746,0.06842709529276703,-0.015791394353581234,-0.06056653000372714,0.08014820592823724,0.013668430335096904,16.333333333333332,16.333333333333332,9.0,8.0,0.9191919191919191,-0.3340227507755946,-1.091324200913242,-4.214953271028037,-0.2891287586738628,-0.4796460176991151,-0.40410132689987943,-0.40625,0.07796257796257788,-0.424812030075188,-0.3279192273924495,0.06950354609929077,-0.40808080808080816,0.0,0.13725973385904378
2002-03-31,0.09432164634146334,0.26993337631635494,0.16870596959584727,0.4770878793890101,-0.23108864415959562,0.1826881252718573,-7.019230769230769,-7.019230769230769,-6.8999999999999995,-7.444444444444445,0.6499999999999999,-0.0357142857142857,-6.125,-2.136627906976744,0.4240780911062907,-0.2537414965986394,-1.574898785425101,-1.513157894736842,-0.23143683702989393,-0.30718954248366015,0.4049640757674724,-0.29774535809018565,0.0,0.0,-0.14019501625135422
2002-06-30,-0.0379592547449068,-0.0852936199018447,-0.013267189663128787,0.06876175127585271,-0.17562808170932143,-0.2162559764619345,-0.6325878594249201,-0.6325878594249201,-0.6271186440677966,-0.6206896551724137,-0.3094098883572568,-0.08695652173913049,-1.2439024390243902,-1.7289002557544757,-0.21706016755521707,-0.42023701002734737,1.8485915492957745,1.5128205128205128,-0.1882057716436637,-0.24528301886792447,0.0,-0.14258734655335215,0.0,-0.03846153846153855,-0.1441532258064515
2002-09-30,-0.05453135100193929,-0.06716003700277517,-0.028148018239214312,0.03782357376225187,-0.31273141555112505,0.003284842796809073,1.7304347826086954,1.7304347826086954,1.6363636363636362,1.6363636363636362,0.0,0.0,0.0,-1.0315789473684212,-0.051556420233463074,-0.5157232704402516,1.1705809641532756,0.8469387755102042,-0.31375579598145276,-0.4,0.0,-0.27312775330396477,0.0,-0.040000000000000036,-0.10114840989399287
2002-12-31,-0.07630038833889408,-0.1374454581515272,0.001503804625702987,-0.2116478992614118,-1.1413178615830917,-0.2310570626753976,7.812101910828025,7.812101910828025,7.689655172413794,7.689655172413794,-0.394919168591224,-0.4744268077601411,0.71,-16.22222222222222,-0.19999999999999996,-0.26623376623376627,0.0,4.198895027624309,-1.135135135135135,0.0625,0.0,0.0,0.0,-0.04166666666666663,0.09402129402129411
2003-03-31,-0.026853387020369546,0.088756035870315,-0.032793777590918616,0.4728920288742129,-0.5777126099706744,0.3521897810218979,-1.0336104083845319,-1.0336104083845319,-1.0337301587301588,-1.0337301587301588,0.7022900763358779,-1.6543624161073827,0.3157894736842106,-3.875912408759124,0.49102564102564106,0.49557522123893816,0.0,-0.07013815090329445,-0.5833333333333333,0.0,0.0,0.0,0.0,0.0,-0.2608174876478515
2003-06-30,0.03921628281967804,0.12333685322069687,0.027385351010649872,0.0785192909280501,-2.4305555555555554,-0.013945119208277124,-2.3870967741935485,-2.3870967741935485,-2.2941176470588234,-2.2941176470588234,-0.3475336322869955,-2.6256410256410256,-2.8,0.24873096446700504,0.4213241616509029,0.7928994082840235,0.0,0.03771428571428581,-2.3200000000000003,0.0,0.0,-0.9090909090909091,0.0,0.04347826086956519,0.04172574437917764
2003-09-30,-0.10957901516482227,-0.07614213197969544,-0.1286832482093747,-0.27052112539882045,2.3349514563106797,0.05930656934306566,-1.5891472868217056,-1.5891472868217056,-1.5454545454545454,-1.5454545454545454,0.19931271477663226,-0.04100946372239744,-1.6271604938271604,-1.41869918699187,-0.10647307924984872,0.12211221122112215,0.0,-0.0848017621145376,2.3333333333333335,39.41176470588235,0.0,2.766666666666666,0.0,0.08333333333333348,0.26638148940307227
2003-12-31,-0.016800920598389002,-0.005698005698005715,-0.013076202698484307,-0.1402253147779987,-0.06113537117903933,-0.2773471145564169,-6.828947368421052,-6.828947368421052,-7.0,-7.0,0.40401146131805166,-1.1414473684210527,0.09842519685039375,-2.2864077669902914,0.17603249830737977,0.25588235294117645,0.0,-0.8471720818291215,-0.06363636363636371,-0.6234837457544882,0.0,-0.044247787610619316,0.0,0.0,0.1564563181329648
2004-03-31,-0.005684858212948063,-0.021489971346704828,-0.033808954804245395,-0.08293510097117307,0.6697674418604651,0.34505363528009525,-1.108352144469526,-1.108352144469526,-1.1111111111111112,-1.1111111111111112,-0.17959183673469392,-15.325581395348838,0.3870967741935485,-3.328301886792453,-0.355210132412205,0.09718969555035128,2.902619589977221,0.13385826771653542,0.6407766990291262,0.17268041237113407,0.0,0.675925925925926,0.0,0.03846153846153855,0.06704726500265523
2004-06-30,-0.02478643976592454,-0.06212089521020703,-0.030372471991852223,-0.11985207597915615,0.09006499535747436,0.002658396101019145,-0.20833333333333337,-0.20833333333333337,-0.25,-0.25,-0.48258706467661694,-1.469155844155844,-0.0852713178294574,-1.2074554294975688,0.11428571428571432,-0.04802561366061897,-0.5422442725813512,-0.3472222222222222,0.0769230769230771,-0.41978021978021973,0.0,0.1187845303867403,0.0,0.07407407407407396,0.06557173074530298
2004-09-30,0.033072386798634446,0.13960749330954503,0.02412124395093218,0.08632543926661573,0.21805792163543436,0.07070260715863896,2.6842105263157894,2.6842105263157894,2.666666666666667,2.5,1.3990384615384617,-1.6747404844290656,-1.0,1.609375,0.26762820512820507,0.11322869955156944,-0.3605355435129104,-0.22340425531914898,0.20879120879120894,0.03409090909090895,0.0,0.1777777777777778,0.0,0.0,0.04904250350303596
2004-12-31,-0.03448390973427695,-0.024266144814090063,-0.023003663003662966,-0.13959212376933894,-0.3202797202797203,0.040033016921172004,-0.5285714285714286,-0.5285714285714286,-0.5454545454545454,-0.5238095238095237,0.0,0.0,-inf,-1.6796407185628741,-0.19026548672566368,0.19939577039274936,-2.251246261216351,-2.356164383561644,-0.32272727272727275,-0.009157509157509125,0.0,-0.2955974842767296,0.05460750853242313,0.10344827586206917,0.1340160284951024
2005-03-31,0.0007606403208519907,0.011632571199358122,-0.006823635272945383,0.05619125459746632,0.11008230452674894,0.056746031746031766,0.8787878787878789,0.8787878787878789,0.8999999999999999,0.8999999999999999,0.038076152304609145,-0.45641025641025645,-inf,-1.960352422907489,0.17017954722872752,0.2795969773299749,0.2597609561752987,0.2727272727272727,0.10738255033557031,0.8909426987060998,0.5746164574616455,0.11011904761904767,0.2071197411003236,0.0625,-0.04220651747153503
2005-06-30,0.01502850233200892,0.05789056304520224,0.008380520951302373,0.036757593344940886,0.12511584800741438,0.0018775816748028973,-0.3145161290322581,-0.3145161290322581,-0.3157894736842105,-0.3157894736842105,-0.3648648648648649,1.150943396226415,0.5,-1.5412844036697249,-0.07871914609739827,0.019685039370078705,0.11827956989247324,0.12698412698412698,0.12121212121212133,-0.07917888563049857,-0.18069087688219654,0.1072386058981234,0.08310991957104563,0.02941176470588225,0.02039352326296373
2005-09-30,0.009121851599727782,0.013118440779610108,-0.0004492362982928544,-0.012129128568762804,0.15897858319604619,0.04272863568215901,1.8705882352941177,1.8705882352941177,1.923076923076923,1.8461538461538458,0.8814589665653496,0.5921052631578947,0.8106060606060606,0.8389830508474576,-0.1571325126719768,0.008365508365508312,0.2565045248868776,0.25352112676056326,0.1567567567567567,-0.10084925690021229,-0.10378378378378372,0.15012106537530268,0.2079207920792081,0.028571428571428692,0.02561012353118408
2005-12-31,-0.007285483000539661,-0.0321864594894562,-0.01977528089887637,0.021156025689459845,0.17199715707178398,0.06865564342199848,-0.27459016393442626,-0.27459016393442626,-0.3157894736842105,-0.29729729729729726,0.12924071082390953,-0.5151515151515151,-0.42050209205020916,-2.04147465437788,0.19415807560137455,0.02233567326100827,0.06031960387125834,0.2078651685393258,0.1728971962616821,-0.11570247933884303,-0.18455971049457176,0.17894736842105274,0.16393442622950816,0.05555555555555558,-0.052291421856639375
2006-03-31,0.022798314759445493,0.07568807339449535,-0.0004585052728106609,-0.0558638549759527,0.32807762280169794,0.01345442314160783,0.9830508474576272,0.9830508474576272,1.0384615384615383,1.0,-0.2217453505007153,0.5397727272727273,0.2888086642599279,-1.2123893805309733,-0.03453237410071941,0.05805243445692887,0.12651241774570132,0.344186046511628,0.3266932270916336,-0.0987983978638185,-0.12031558185404345,0.30000000000000004,0.31866197183098577,0.026315789473684292,0.13938830336846464
2006-06-30,0.028900774009234853,0.08901918976545842,0.0040519877675841975,0.01626175548589348,0.11917808219178072,0.008297378028542912,-0.5185185185185186,-0.5185185185185186,-0.5094339622641509,-0.5192307692307693,-0.20404411764705888,0.5645756457564575,-0.9719887955182073,-0.8125,-0.008941877794336861,0.03716814159292037,-0.07857546636517798,0.0830449826989621,0.11411411411411398,-0.21777777777777774,-0.23038116591928248,0.08653846153846145,0.06408544726301724,0.0,0.07155164595991659
2006-09-30,0.03109159590611177,0.12220590634687545,0.002170105840249681,0.14767688451898975,0.09057527539779686,0.03686635944700467,-3.0118343195266273,-3.0118343195266273,-3.0,-3.08,0.9330254041570438,-1.1886792452830188,23.4,-74.22222222222223,0.4954887218045112,0.12286689419795227,-0.6742331288343558,-0.6261980830670927,0.08355795148247958,0.007575757575757569,0.02694828841951935,0.058154235145385424,-0.6323713927227101,0.025641025641025772,-0.0221733243060257
2006-12-31,-0.023014779559118237,-0.04550741494620525,-0.03931922653193021,-0.15521585755081468,0.10924055368499808,-0.24984126984126986,-1.0705882352941176,-1.0705882352941176,-1.0769230769230769,-1.0961538461538463,-0.3476702508960573,-4.5875,1.8934426229508197,-1.60546282245827,-0.3066867772750126,0.11246200607902757,-0.5015693659761457,-0.4358974358974359,0.10199004975124382,0.02631578947368407,2.0539007092198585,0.13500597371565126,-0.39931740614334466,-0.07500000000000007,0.12982516877271943
2007-03-31,0.027114515560398678,0.04722010662604714,0.0468601708320151,0.0749652018293896,-0.16829679595278246,0.3157003808717731,-20.25,-20.25,-18.25,-14.6,0.0641025641025641,1.3588850174216027,-1.2096317280453257,-1.1729323308270676,0.050036258158085545,-0.03460837887067403,-3.906801007556675,-3.9242424242424243,-0.16704288939051914,-0.12271062271062272,0.6411983279145379,-0.19052631578947377,0.0,0.0,-0.025815841887543933
2007-06-30,0.01794239710425316,0.09890909090909084,-0.006610508820307448,0.046984831668516414,0.24128142741281433,0.07558700546799613,-1.5346320346320348,-1.5346320346320348,-1.5362318840579712,-1.5294117647058822,-0.09466437177280551,-0.3057607090103397,-1.3986486486486487,-0.5652173913043479,0.02071823204419898,0.0556603773584905,-0.17590987868284225,-0.13989637305699487,0.24119241192411933,0.2672233820459291,0.0,0.2197659297789336,0.0,0.0,0.04961862074388601
2007-09-30,0.02231622831218205,0.008603573792190566,0.02342383451213026,-0.014487632508833892,0.04508330610911471,0.0379784688995215,-0.582995951417004,-0.582995951417004,-0.5945945945945946,-0.5833333333333333,0.4087452471482891,-0.6,5.1525423728813555,5.2,0.12584573748308525,-0.083556747095621,-0.841745531019979,-0.8373493975903614,0.04366812227074246,-0.2619439868204283,0.0,0.02238805970149249,0.0,0.027027027027026973,0.02344920587353916
2007-12-31,0.0330734632683658,0.0939632545931759,0.04213420524634026,-0.017210469702402253,-0.01094091903719907,0.055603572457505024,-0.8349514563106796,-0.8349514563106796,-0.8,-0.8,-0.3130904183535762,2.377659574468085,-2.4269972451790633,1.2311827956989245,0.23677884615384626,0.04193076548025343,0.06312292358803995,0.07407407407407396,-0.014644351464435212,-0.0022321428571430157,0.0,-0.042752867570385766,0.0,0.07894736842105265,0.1130956738159723
2008-03-31,0.037500362813107646,0.0032389635316698584,0.0334070165430691,0.10051076249543955,0.04962073324905192,0.12008733624454138,12.705882352941176,12.705882352941176,10.666666666666666,10.333333333333334,-0.07465618860510803,0.7480314960629921,-0.3648648648648649,-1.7036144578313253,-0.14188532555879496,-0.11183902667290602,-6.8843749999999995,-7.06896551724138,0.04883227176220806,-0.09843400447427286,0.0,0.011982570806100101,1.3352272727272725,0.04878048780487809,-0.08838616335656968
2008-06-30,0.06630297943768348,0.06468970465144097,0.03560462308090395,-0.03447704293054865,0.29147847034025887,0.01023391812865504,2.875536480686695,2.875536480686695,2.828571428571429,2.8529411764705883,-0.32059447983014866,-0.527027027027027,-0.40121580547112456,-0.9212328767123288,-0.013023782559456354,-0.020547945205479534,0.9097185342538501,1.0170454545454541,0.2914979757085019,-0.06699751861042191,-0.7011461723503608,0.21097954790096884,0.9854014598540148,0.0,0.102726879238205
2008-09-30,-0.03835760199396565,-0.0573899371069182,-0.04324216277442783,-0.07038626609442056,-0.013989274889251613,0.047998070429329465,-0.8394241417497231,-0.8394241417497231,-0.835820895522388,-0.83206106870229,1.4500000000000002,0.5295238095238095,-0.817258883248731,0.5652173913043479,-0.02065404475043031,-0.1796664873587951,-0.03754171301446041,0.008450704225352101,0.0015673981191222097,-0.3643617021276595,-0.6055871212121212,0.025777777777777677,-0.02205882352941191,0.04651162790697683,0.013999738322648225
2008-12-31,-0.050391509562655146,-0.12712975098296198,-0.03482015390508031,-0.043028624192059106,-0.13241901158666347,-0.20023014959723817,-1.3241379310344827,-1.3241379310344827,-1.3636363636363638,-1.3636363636363638,-0.24744897959183676,0.41095890410958913,-6.555555555555555,20.916666666666668,-0.47100175746924433,-0.420327868852459,-0.08032360589425014,-0.05027932960893844,-0.13771517996870108,-0.4225941422594143,-0.4417767106842737,-0.0866551126516465,-0.03759398496240607,-0.022222222222222254,-0.08793548387096783
2009-03-31,0.000919381715796197,-0.015424515424515395,-0.020852123092463648,-0.1267850250868391,0.06704824202780046,-0.027913669064748237,-5.638297872340425,-5.659574468085107,-5.125,-5.125,-0.3627118644067797,-1.0679611650485437,-0.565,-1.461343472750317,0.4031007751937985,-0.1923076923076923,-0.0477536914860196,-0.005882352941176672,0.06533575317604368,-0.05797101449275355,-0.14193548387096777,0.06641366223908918,0.03515625,-0.022727272727272707,0.12753766711466374
2009-06-30,0.07405706412538038,0.11215860252322196,0.07538410522825245,0.19270718232044204,0.12183908045977021,0.03463587921847244,0.38990825688073394,0.3835616438356164,0.36363636363636354,0.36363636363636354,0.3164893617021276,-6.987012987012987,-5.804597701149425,0.2857142857142858,0.36937647987371736,0.2086834733893559,-0.49521610029693164,-0.49112426035502954,0.12095400340715501,0.13076923076923075,0.21553884711779436,0.04448398576512469,-0.4691823899371069,-0.04651162790697683,-0.0675031367628608
2009-09-30,0.049254369554759814,0.088007978060334,0.051701099804707606,0.1558273114693347,0.04348816029143898,0.09814020028612314,-0.3894389438943895,-0.3894389438943895,-0.37777777777777777,-0.37777777777777777,1.0767676767676768,0.4316702819956617,-1.2105263157894737,-0.3910256410256411,0.1642651296829971,0.5086906141367322,0.041830065359476976,0.046511627906976605,0.04407294832826758,0.346938775510204,1.9175257731958766,-0.00596252129471897,0.10189573459715628,-0.04878048780487798,-0.058665231431646925
2009-12-31,0.006978935839637268,0.006759853345554623,-0.0013356789158196491,0.06139788393715939,0.020074187213615646,-0.11203751954142782,-1.2594594594594595,-1.2594594594594595,-1.25,-1.25,-0.6945525291828794,0.32272727272727275,-5.170454545454546,-1.663157894736842,-0.10445544554455444,0.07296466973886329,-0.058343789209535646,-0.033333333333333326,0.017467248908296984,0.025252525252525082,0.007773851590106018,0.01285347043701801,0.004301075268817289,-0.05128205128205132,-0.05152944539736992
2010-03-31,0.0593651195143543,0.19039490155912153,0.02254118414614248,0.04123244222927047,0.33625668449197854,0.20657276995305174,-4.895833333333334,-4.895833333333334,-4.857142857142858,-4.857142857142858,1.178343949044586,-0.31844215349369986,3.1280653950953674,-9.375661375661375,0.8750690989496959,-0.1066571224051539,-0.16055962691538983,-0.08620689655172398,0.12303290414878387,-0.11822660098522153,-0.11570827489481073,0.26226734348561753,-0.09635974304068518,0.027027027027026973,0.14332002109863629
2010-06-30,-0.028198271333747194,-0.08565965583173996,-0.041440694187456106,-0.07687844502465913,0.07043380822794942,-0.02213035019455256,-0.22994652406417115,-0.22994652406417115,-0.33333333333333337,-0.33333333333333337,0.07017543859649122,-0.39495798319327735,-1.5432343234323431,-1.29943145925458,-0.14770047169811318,-0.14262820512820518,-0.3301587301587301,-0.2704402515723271,0.07261146496815285,-0.24022346368715075,-0.08723235527359241,0.1012064343163539,-0.2796208530805687,0.0,-0.009556448955381436
2010-09-30,0.02651040514975067,0.02132998745294845,0.03161713315805237,0.10449402891263349,0.03035740989980562,0.032330266102959415,-0.20833333333333337,-0.20833333333333337,-0.2222222222222221,-0.2222222222222221,0.360655737704918,0.0888888888888888,-0.18590522478736327,-0.9092827004219409,-0.014873746108612917,-0.04672897196261683,-0.23222748815165883,-0.1637931034482758,0.038004750593824355,-0.11029411764705888,0.34231103388357953,0.0036518563603165077,-0.16776315789473684,0.0,-0.07525951557093424
2010-12-31,-0.030373384394447145,-0.032964782964783,-0.0290028067232313,0.14738938682600655,-0.060522496371552936,0.05107203083594314,-4.824561403508772,-4.824561403508772,-4.928571428571429,-4.928571428571429,0.10240963855421681,0.7678571428571428,0.08656716417910437,5.837209302325581,-0.1032303370786517,0.13921568627450975,-0.9783950617283951,-0.979381443298969,-0.060640732265446196,0.09917355371900838,0.44660194174757306,-0.030927835051546393,-0.9802371541501976,0.05263157894736836,-0.15722817874361372
2011-03-31,-0.00027153118905975937,-0.07410544145670128,-0.021263871353578323,-0.06373217606943582,0.049281631391935754,-0.022690809076323593,-1.5137614678899083,-1.5137614678899083,-1.5090909090909093,-1.5090909090909093,-0.5400728597449909,-0.13275613275613274,-0.36401098901098905,0.8503401360544218,-0.21378230227094752,0.09294320137693624,3.928571428571429,4.5,0.0584652862362971,0.16541353383458635,13.205816554809843,0.04943679599499373,4.4,0.02499999999999991,-0.011014344262294973
2011-06-30,0.052716049382716124,0.16316030185227537,0.07943512797881724,-0.047410938948483694,0.0175206124852767,0.06566604127579745,-0.2232142857142857,-0.2232142857142857,-0.2142857142857143,-0.2142857142857143,0.3366336633663367,-0.740432612312812,-3.3390928725701943,-3.9705882352941178,0.8047808764940239,0.005511811023622082,0.6231884057971016,0.6363636363636362,0.016110471806674465,-0.05161290322580647,-0.19559055118110236,-0.03339296362552169,0.6296296296296295,0.024390243902439046,0.2210135543468874
2011-09-30,-0.041092998709980066,-0.010419738523542721,-0.024278256494119077,0.006673154455720809,-0.09810447113297638,-0.03587147887323938,-1.7528735632183907,-1.7528735632183907,-1.772727272727273,-1.772727272727273,0.6711111111111112,5.262820512820513,-1.2520775623268698,-1.1423267326732673,-0.0640176600441501,-0.12216131558339849,-3.285714285714286,-3.277777777777778,-0.08040770101925265,-0.1360544217687074,-0.5122944400939702,-0.059222702035780395,0.0,0.023809523809523725,-0.016969525560347698
2011-12-31,0.10884719810190058,-0.083341611204927,0.14755366466834263,0.16641347880127055,-0.04604524306112623,-0.06756448299475004,0.5954198473282444,0.5954198473282444,0.588235294117647,0.588235294117647,0.0,0.0,0.0,6.2043478260869565,-0.495872641509434,-0.052631578947368585,-1.3515625,-1.3414634146341462,-0.044334975369458074,0.03149606299212593,0.0,-0.13967213114754085,-0.2272727272727274,-0.04651162790697683,-0.21412644752931032
2012-03-31,0.0021617806013278784,0.03586909406155181,-0.018087855297157618,-0.0554108453705896,0.0913218970736629,0.16034271725826188,-2.6315789473684212,-2.6315789473684212,-2.6666666666666665,-2.6296296296296298,-0.5265957446808511,-0.25793244626407374,-1.1355311355311355,-0.9903439951719976,-0.012865497076023358,0.21751412429378547,2.0444444444444447,1.8571428571428572,0.08891752577319578,0.2748091603053433,0.7300899165061014,0.08841463414634143,1.9117647058823533,0.0,0.0966501922020866
2012-06-30,-0.05903457991239458,-0.12992990898629564,-0.04897025171624714,-0.11769867134620204,-0.05640314378178457,-0.11561181434599155,-0.5894428152492668,-0.5894428152492668,-0.6000000000000001,-0.5909090909090909,0.08614232209737827,-1.5144827586206897,-25.2972972972973,-3.4375,0.023104265402843494,-0.037122969837587005,-0.16788321167883213,-0.19999999999999996,-0.03076923076923077,-0.11976047904191611,-0.7374013921113689,0.0028011204481792618,-0.18181818181818188,-0.024390243902438935,-0.013854114505090886
2012-09-30,-0.032585557556901956,0.044126487916315904,0.008180943214629366,0.06918596391532894,-0.277478360280908,0.09422709923664119,-12.2,-12.2,-12.666666666666668,-12.666666666666668,0.75,-1.868632707774799,-0.46496106785317015,4.538461538461538,0.12507237984944997,-0.04578313253012034,-10.894736842105262,-10.25,-0.2735042735042734,-0.013605442176870763,0.16628379572362606,-0.2527932960893855,0.0,0.0,-0.023442789438050116
2012-12-31,0.01146145662056286,-0.025218793182865018,0.02374701670644397,0.10536805740100985,0.032775768535262095,0.007630259428820674,-1.1116071428571428,-1.1116071428571428,-1.1095238095238096,-1.1142857142857143,-0.2394088669950739,0.07098765432098775,-0.17671517671517667,-0.8333333333333334,0.013896037056098764,-0.1262626262626263,-0.25177304964539005,-0.2804054054054055,0.030252100840336027,0.19999999999999996,0.0,0.020560747663551426,0.0,0.04999999999999982,-0.11812115434613035
2013-03-31,0.021228783169973786,0.09367985823981106,0.01926215176594015,0.11623993268421695,0.01400744145327204,-0.07723929035049759,-0.5314285714285714,-0.5314285714285714,-0.5217391304347827,-0.5416666666666666,-0.19948186528497414,1.0922190201729105,-2.148989898989899,8.305555555555555,0.168020304568528,0.1271676300578033,0.40521327014218,0.30516431924882625,0.013050570962479524,0.09770114942528729,0.0,-0.0064102564102564985,0.0,0.0,-0.020243710691823957
2013-06-30,-0.044056369680228524,-0.15640527111687186,-0.05569374160162388,-0.10908895110919659,0.02503777250161887,-0.046189917936694025,1.0365853658536586,1.0365853658536586,1.0,1.0,-0.08252427184466016,-1.0275482093663912,-3.756043956043956,-3.0597014925373136,-0.2998696219035202,0.07606837606837602,0.04974704890387871,-0.014388489208633004,0.030595813204508993,0.0628272251308899,0.0,0.07188940092165907,0.0,0.0,-0.053159478435305885
2013-09-30,0.010138113429327023,0.056466069142125486,0.007720488055950936,-0.031911035899915396,0.013476521372920658,-0.01597836774827921,-0.5748502994011976,-0.5748502994011976,-0.5909090909090909,-0.5909090909090909,0.5079365079365079,-29.05,-1.1307814992025518,-1.691304347826087,0.26070763500931093,0.008737092930897417,-1.4236947791164658,-1.4343065693430657,0.012499999999999956,-0.024630541871921152,0.0,0.0034393809114359186,2.6049382716049383,-0.023809523809523836,0.09131355932203378
2013-12-31,-0.02033939393939399,-0.06205308447460911,-0.0157433000841245,-0.0444499937570233,-0.1003532100560981,-0.11191606295278544,-3.9014084507042255,-3.9014084507042255,-4.0,-4.0,-0.21052631578947367,-0.09625668449197866,-4.054878048780488,-1.7966457023060798,-0.1915312653865091,0.12992125984251968,-0.7668246445497631,-0.7647058823529412,-0.0771604938271605,0.11616161616161613,-0.6706060606060606,-0.08226221079691509,-0.7534246575342466,-0.07317073170731703,-0.018443020772665464
2014-03-31,0.013907104501249767,0.03230391523452636,0.0174603174603174,0.024434862145563896,-0.03163972286374139,0.1988748241912799,-0.7184466019417476,-0.7184466019417476,-0.7037037037037037,-0.7037037037037037,-0.6725925925925926,-0.3570019723865878,-0.7365269461077844,-0.3973684210526316,-0.13946406820950064,-0.01184668989547033,-1.2357723577235773,-1.2142857142857142,-0.03344481605351168,0.07239819004524883,3.3482060717571303,-0.0448179271708683,0.0,0.026315789473684292,0.007713607594936667
2014-06-30,-0.037585727186195794,-0.07285016898235075,-0.042211688467538755,-0.1496173469387755,0.004292869067493488,0.011496949788831534,-3.293103448275862,-3.293103448275862,-3.25,-3.25,0.04977375565610864,-0.8006134969325154,-0.10606060606060608,-1.445414847161572,0.0721868365180467,0.02538787023977429,1.3620689655172415,1.5000000000000004,0.006920415224913601,0.06329113924050622,0.0,0.04398826979472137,0.0,0.025641025641025772,0.09028459273797829
2014-09-30,-0.011411761722415203,0.06480356419603073,-0.01591229444009401,0.06089695515224247,0.04417003087152693,-0.4483878450475528,2.669172932330827,2.669172932330827,2.777777777777778,2.7222222222222228,2.288793103448276,-1.4153846153846155,4.033898305084746,0.5196078431372548,0.10231023102310233,0.01925722145804687,-7.087591240875913,-6.933333333333334,0.06013745704467355,0.011904761904761862,0.0,0.05617977528089879,2.416666666666667,-0.10000000000000009,0.0036903690369036735
2014-12-31,-0.00043608752533152995,-0.007734246227970032,0.007129897826017695,-0.010745086950374683,-0.028428473959517864,1.605130361648444,-0.5778688524590163,-0.5778688524590163,-0.573529411764706,-0.5820895522388059,-0.2463958060288336,-11.814814814814815,-0.2962962962962963,-1.8451612903225807,-0.07844311377245505,-0.09311740890688269,1.160671462829736,1.1797752808988764,-0.014586709886547755,-0.1450980392156862,-0.7156458267216756,-0.028368794326241065,0.8252032520325203,0.19444444444444442,0.0030490538965115555
2015-03-31,-0.024867833495868186,-0.023511372348581694,-0.021459498751619788,-0.0593111333428612,-0.058520599250936334,-0.3569007263922518,-0.3106796116504854,-0.3106796116504854,-0.31034482758620685,-0.2857142857142857,-0.24,1.4657534246575343,-1.2703349282296652,0.5419847328244274,-0.13125406107862247,-0.055059523809523836,0.2724750277469479,0.28350515463917514,-0.05756578947368418,-0.041284403669724856,-0.5498511904761905,-0.0337591240875913,0.2783964365256124,0.0,0.037997317836387934
2015-06-30,0.015448588046424794,-0.01661868620779905,0.017376138492345428,-0.0028866605894865005,-0.039283938339134794,-0.031626506024096335,-0.5140845070422535,-0.5140845070422535,-0.5,-0.5,-0.6498855835240275,-0.5138888888888888,-2.0973451327433628,0.5594059405940595,-0.23560209424083767,0.049606299212598515,-0.04622764936764068,-0.06024096385542166,-0.012216404886561949,0.11483253588516762,-0.17190082644628102,-0.05476864966949957,-0.04006968641114972,-0.023255813953488413,-0.013695090439276525
2015-09-30,-0.04105328633630523,-0.03925482368596145,-0.030507936507936484,-0.004418710955355731,-0.07686335403726707,-0.03551062726801446,1.608695652173913,1.608695652173913,1.7000000000000002,1.6,4.980392156862745,0.6257142857142857,-1.782258064516129,-2.317460317460317,0.4060665362035225,-0.14403600900225055,-0.30544124371284864,-0.3290598290598291,-0.06360424028268552,-0.1330472103004292,-0.08882235528942106,-0.03696303696303693,-0.3901996370235935,0.11904761904761907,-0.03501877565278144
2015-12-31,-0.004054054054054013,-0.04903047091412738,0.004584302040014476,0.0636669727578818,-0.11718530978413233,-0.08626713249126583,-1.4722222222222223,-1.4722222222222223,-1.4814814814814814,-1.5,-0.312568306010929,0.27768014059753954,-1.597938144329897,-1.4216867469879517,-0.12178148921363952,-0.12532865907099033,-0.4483212639894668,-0.4840764331210191,-0.10000000000000009,-0.06930693069306937,0.3012048192771084,-0.11307053941908707,-0.38988095238095233,-0.14893617021276584,-0.10597285067873297
2016-03-31,0.0013568521031208647,0.011797261870084563,-0.020698197464063317,-0.05438848920863304,0.016513178786916383,0.020882352941176574,-2.4823529411764707,-2.4823529411764707,-2.4615384615384617,-2.4615384615384617,0.01748807631160565,-0.24621733149931224,2.103448275862069,-0.56,-0.06101426307448499,0.0030060120240480437,0.004773269689737347,-0.03703703703703698,0.018867924528302105,0.1170212765957448,0.9595959595959596,0.014035087719298067,-0.019512195121951237,-0.025000000000000022,0.0700475756655532
2016-06-30,0.0020054200542005685,0.06247300993234495,0.016775396085740857,-0.05416920267802805,-0.13589503280224935,-0.069720541630654,-4.825396825396826,-4.825396825396826,-4.842105263157895,-4.842105263157895,0.12968749999999996,0.4197080291970803,-1.761111111111111,-2.103896103896104,0.06751054852320681,0.14685314685314688,-1.977434679334917,-1.9102564102564104,-0.13580246913580252,0.12380952380952381,0.17396907216494828,-0.13725490196078427,0.0,-0.05128205128205132,0.12326175385488614
2016-09-30,0.0036241683345052955,-0.011787020728898479,0.0005565012439439077,-0.08092020592020588,0.041937816341287126,0.09693403530504807,-1.3630705394190872,-1.3630705394190872,-1.356164383561644,-1.356164383561644,0.13278008298755184,-0.3020565552699229,-2.5693430656934306,-0.2941176470588235,0.04743083003952564,0.0966898954703832,0.07776427703523692,0.014084507042253502,0.040476190476190554,0.27118644067796627,0.0,0.03877005347593587,0.0,0.0,0.075206333164898
2016-12-31,-0.026651934892745532,-0.12105840416780911,-0.030361524619663016,-0.07719236828286369,-0.3018736988202637,-0.05590062111801242,-6.422857142857143,-6.422857142857143,-6.538461538461538,-6.538461538461538,-0.1428571428571429,-0.5598526703499079,1.2744186046511627,-1.3333333333333333,-0.015094339622641506,-0.05718824463860217,3.6922209695603154,3.2638888888888893,-0.30205949656750575,-0.09333333333333327,0.0,-0.28314028314028317,0.0,0.0,-0.04754445053653955
2017-03-31,0.010769954871397314,-0.0015598190609888984,-0.0010797314168100591,-0.0055007587253413925,0.4865805168986084,-0.9500598086124402,-0.9747102212855637,-0.9747102212855637,-0.9722222222222222,-0.9722222222222222,0.0014245014245013454,0.42259414225941416,-0.8384458077709611,-15.15,0.21685823754789268,-0.031171019376579512,0.15497357039884663,0.1368078175895766,0.48524590163934445,0.38602941176470584,0.0,0.4703770197486534,0.0,-0.2432432432432432,0.004029605263158098
2017-06-30,-0.0010682590117234714,-0.012966723949382919,-3.377807802740218e-05,0.22277322143810796,0.010030090270812364,19.778443113772454,-3.2083333333333335,-3.2083333333333335,-3.0,-3.0,-0.6429587482219061,1.2588235294117647,-2.810126582278481,-2.325088339222615,-0.23614609571788414,0.0,-0.43166215935094654,-0.41547277936962745,0.011037527593819041,-0.32625994694960214,0.0,0.01098901098901095,0.0,0.03571428571428559,-0.1928085838315997
2017-09-30,0.06484959828895764,0.054131054131054235,0.07039589244696653,0.05069411948213998,0.054617676266137005,0.046685878962535954,1.8679245283018866,1.8679245283018866,1.875,1.875,1.9282868525896415,0.5286458333333333,3.2937062937062933,-1.4933333333333334,0.15251442704039575,-0.032173913043478164,0.002928257686676483,0.019607843137254832,0.05240174672489095,-0.04330708661417315,0.0,-0.009661835748792202,0.0,0.0,0.003247082699137538
2017-12-31,-0.1473451099551939,-0.03933933933933931,-0.13437263317344106,-0.10510688836104509,-0.2263025737602009,-0.10214757709251099,-9.828947368421053,-9.828947368421053,-9.826086956521738,-9.826086956521738,0.08843537414965996,-0.60221465076661,-2.0342019543973944,-3.097297297297297,-0.321173104434907,-0.041329739442947044,0.4532846715328467,0.5384615384615385,-0.22614107883817436,-0.09053497942386834,0.0,-0.09268292682926838,0.0,0.0,0.0735308991605137
2018-03-31,-0.016278086494322275,-0.1500468896530166,-0.044950783813343054,-0.1911081619110816,0.2953346855983774,-0.15976694265562708,-1.5096870342771982,-1.5096870342771982,-1.5123152709359606,-1.5073891625615765,-0.35624999999999996,-1.8907922912205568,-0.007874015748031482,-1.9793814432989691,1.2845100105374079,0.022492970946579316,-0.6165243596182823,-0.596875,0.2949061662198391,0.3212669683257918,0.0,0.317204301075269,0.0,0.27586206896551735,0.05078198605615225
2018-06-30,0.0007368065575783511,-0.027767561603530666,-0.004580677176776016,-0.1808859721082855,0.036329470717193946,-0.07408759124087594,-0.5760233918128654,-0.5760233918128654,-0.5769230769230769,-0.5728155339805825,-0.22524271844660193,-1.7115384615384617,-0.8428571428571429,-1.068421052631579,-0.011992619926199266,0.13382218148487612,-0.5343811394891945,-0.5116279069767442,0.035196687370600444,-0.12328767123287665,0.0,0.03571428571428581,0.0,-0.027027027027027084,0.18685555455931158
2018-09-30,-0.003313188330214434,-0.05144694533762062,-0.006749242627602903,0.013269904857285963,-0.001208824418253207,0.11824990145841552,-0.6517241379310346,-0.6517241379310346,-0.6590909090909092,-0.6590909090909092,0.9223057644110275,0.04729729729729737,3.383838383838384,-0.23076923076923073,-0.00933706816059754,0.07760711398544884,0.2236286919831223,0.3015873015873016,-0.0020000000000000018,0.04296875,0.0,0.0019704433497536034,0.0,-0.02777777777777779,-0.06383621666540762
2018-12-31,0.0009849487518851507,0.0,0.005289371066754089,0.086978008401285,-0.029349470499243524,-0.07578427916813535,0.26732673267326734,0.26732673267326734,0.26666666666666683,0.26666666666666683,-0.13689700130378102,0.016129032258064502,0.10599078341013835,4.95,-0.056079170593779426,0.11927981995498871,-5.249425287356321,-5.512195121951219,-0.030060120240480992,0.11985018726591767,0.0,-0.03048180924287125,4.577114427860697,-0.05714285714285705,-0.08005164622337002
2019-03-31,0.029211893853202442,0.1674975074775673,0.034334434288347815,-0.009547624460104598,0.008104738154613544,0.01067887109077037,0.203125,0.203125,0.21052631578947367,0.21052631578947367,0.04229607250755296,1.1047619047619048,-1.8375,-4.126050420168067,0.1857214178731903,0.08914209115281513,-0.4422504733567757,-0.44594594594594594,0.006198347107438051,0.12374581939799323,-0.6714233443102817,-0.020283975659229125,-0.43621766280107044,-0.030303030303030276,0.17877192982456158
