Quarter end,Assets,Current Assets,Liabilities,Current Liabilities,Shareholders equity,Revenue,Earnings,Earnings available for common stockholders,EPS basic,EPS diluted,Cash from operating activities,Cash from investing activities,Cash from financing activities,Cash change during period,Cash at end of period,Price,ROE,ROA,Book value of equity per share,P/B ratio,P/E ratio,Cumulative dividends per share,Equity to assets ratio,Net margin,Asset turnover,Current ratio
1996-03-31,0.18211964355322685,0.11386733875898436,0.20831957121091427,0.14815074071481504,0.11366282544865602,0.288172748984322,1.1944769482798971,1.1944769482798971,1.0909090909090908,1.1290322580645165,-2.0555836600480584,1.5296115707007067,-0.9835373251224718,-8.228878648233486,0.17297019149483583,0.07627458851866709,-0.000572737686139857,0.012698412698412653,0.011045029736618694,-0.13157894736842102,0.006329113924050667,1.0,-0.05780346820809257,-0.024809160305343525,0.09615384615384603,-0.029897285399853257
1996-06-30,0.18211964355322685,0.11386733875898436,0.20831957121091427,0.14815074071481504,0.11366282544865602,0.288172748984322,1.1944769482798971,1.1944769482798971,1.0909090909090908,1.1290322580645165,-2.0555836600480584,1.5296115707007067,-0.9835373251224718,-8.228878648233486,0.17297019149483583,0.07627458851866709,-0.000572737686139857,0.012698412698412653,0.011045029736618694,-0.13157894736842102,0.006329113924050667,1.0,-0.05780346820809257,-0.024809160305343525,0.09615384615384603,-0.029897285399853257
1996-09-30,-0.005779872516119555,-0.02967306748148213,-0.026410435955289246,0.0017361077509372436,0.05270664906053235,0.007145776927931724,-0.16553801855604133,-0.16553801855604133,-0.21739130434782594,-0.18181818181818177,-0.1783182571536972,5.705823749810495,246.24440298507463,-1.7611559711007225,-0.112242659731144,-0.12122342409548681,-0.000572737686139857,0.012698412698412653,0.05126050420168071,-0.13157894736842102,0.006329113924050667,0.5,0.05866564417177922,-0.024809160305343525,0.09615384615384603,-0.03132287136824863
1996-12-31,-0.18373376650923934,-0.07826612746090156,-0.28511288033448545,-0.3083177154780996,0.08207037197413092,0.17186287379491527,0.277612703281255,0.277612703281255,0.29629629629629606,0.40740740740740744,2.9581520814600597,-1.087249861123671,-1.6398662873614391,-6.921552205471803,0.4721329991881684,0.12733446519524616,-0.000572737686139857,0.012698412698412653,-0.008792965627497984,0.07070707070707072,0.006329113924050667,0.3333333333333335,0.3256066642520825,-0.024809160305343525,0.09615384615384603,0.33259596616785947
1997-03-31,0.2271117219639116,0.1794550421354253,0.25625360505445394,0.007718006447035464,0.17663247984612696,0.020674953844727062,-0.35663198959687903,-0.35663198959687903,-0.37142857142857133,-0.42105263157894735,-2.0405589596866287,-11.787710531186377,-3.642593487977169,-1.7580029230116447,-0.38549883712566235,0.08019578313253017,-0.000572737686139857,0.012698412698412653,0.17661290322580636,0.08962264150943389,0.006329113924050667,0.25,-0.040983606557376984,-0.024809160305343525,0.09615384615384603,0.170393516258178
1997-06-30,0.03214860504693484,0.043170026352517876,0.032807268568282755,0.11501509326222359,0.030930470347648287,0.23796123686515824,0.8947798033194698,0.8947798033194698,0.75,0.75,-1.316839745102667,-0.9559825687128984,-1.0548812052623124,-1.9622465480781193,0.6036521128409225,0.0641338445451376,-0.000572737686139857,0.012698412698412653,0.030157642220699055,-0.09523809523809534,0.006329113924050667,0.19999999999999996,-0.0014245014245015675,-0.024809160305343525,0.09615384615384603,-0.06440847655598214
1997-09-30,0.0018618153277649707,-0.004084145931871452,-0.024677948889966106,-0.05384344790981721,0.05103390589865375,-0.12894010083355123,-0.09364678852031916,-0.09364678852031916,-0.09090909090909094,-0.09090909090909094,-0.4024544675779359,-0.9413002806361085,0.22389819482842732,-0.860254670027794,0.05260340632603411,0.07795610874549608,0.006303724928366838,0.012698412698412653,0.044577511643379975,0.04784688995215314,0.030660377358490365,0.16666666666666674,0.049072753209700615,0.02544031311154593,0.05263157894736836,0.0525682182985554
1997-12-31,-0.024130694773966455,-0.045703076088317585,-0.04049496396776797,0.0910662627334855,0.004004475292235465,0.1700173139084009,0.1326784663437599,0.1326784663437599,0.25714285714285734,0.11428571428571432,4.724904166796522,73.75298804780877,3.613128259641896,-6.575855689176688,-0.2788128149415191,-0.11607414159829832,0.003416856492027165,0.012698412698412653,0.002547770700636942,-0.1552511415525114,-0.16857360793287557,0.1428571428571428,0.02882784878977418,-0.001908396946564972,0.016666666666666607,-0.12534417757444827
1998-03-31,0.06207791216757608,0.094763237695358,0.09543975940587979,-0.09151113786875376,0.007260992335619276,-0.210586135574376,-0.34657501398769086,-0.34657501398769086,-0.3977272727272727,-0.33333333333333337,-2.3413538746291405,-0.9200554282364227,-2.6310335640063656,1.0572376607216922,-0.7948717948717949,-0.011687865245788909,0.018161180476730987,0.021943573667711602,0.007623888182973326,-0.010810810810810811,-0.019266055045871644,0.125,-0.05154639175257736,0.042065009560229516,-0.016393442622950838,0.20500774893452167
1998-06-30,0.028524213249029984,0.037127789911042486,0.0751344688480502,0.08164347249834325,-0.05476571886263515,0.16336421952957947,-0.012232415902140636,-0.012232415902140636,0.0,0.0,-1.2402597402597402,4.111111111111111,-1.0675496688741721,-1.8508064516129032,3.296875,-0.13252173913043475,-0.09476031215161662,-0.10889570552147232,0.0,-0.14207650273224048,-0.15809167446211414,0.11111111111111116,-0.08082497212932005,-0.07706422018348624,-0.033333333333333326,-0.041155902093967356
1998-09-30,0.024100593782745428,0.01576784797123776,0.0008338110375736285,-0.09692439652003426,0.07139074250609045,-0.1842911407915696,-0.44582043343653255,-0.44582043343653255,-0.41509433962264153,-0.42307692307692313,-1.0202702702702702,1.2999999999999998,-4.96078431372549,-0.6398104265402844,0.27636363636363637,-0.45589414595028066,-0.16995073891625612,-0.18244406196213425,0.07124842370744,-0.45222929936305734,-0.40222222222222226,0.09999999999999987,0.04608853850818684,-0.13916500994035785,-0.051724137931034364,0.12478517835436143
1998-12-31,-0.061937244201909936,-0.09465540779693582,-0.07925019526165056,0.03202170963364992,-0.02906574394463668,0.13880126182965302,-2.2458100558659218,-2.2458100558659218,-2.225806451612903,-2.2666666666666666,-167.33333333333334,-0.22117202268431002,-3.910891089108911,-3.526315789473684,-0.5470085470085471,-0.4053058216654385,-0.543026706231454,-0.5494736842105263,-0.02884049440847547,-0.4534883720930233,-0.29182156133828996,0.09090909090909083,0.0350724637681159,-0.5242494226327945,-0.054545454545454564,-0.12271744801371398
1999-03-31,-0.030904595695171566,0.006813739179000189,0.01662613809873892,-0.12463844333420981,-0.11648508298543936,-0.25920063316185205,-0.6771300448430493,-0.6771300448430493,-0.6842105263157895,-0.6842105263157895,-1.6938877755511021,-0.8325242718446602,-1.8662131519274376,-1.265625,0.320754716981132,-0.09417596034696418,-0.6461038961038961,-0.6542056074766355,-0.11696969696969695,-0.06382978723404253,0.9973753280839897,0.08333333333333348,-0.08849061887426479,-0.6407766990291262,-0.03846153846153855,0.1501635444543563
1999-06-30,-0.019846927290463,-0.027847118211571487,-0.028870223062802514,0.10618804445779517,-0.0011524720525527554,0.21705840455840453,-3.1527777777777777,-3.1527777777777777,-3.2500000000000004,-3.166666666666667,-1.9740072202166066,1.0579710144927534,-1.7356020942408377,0.7450980392156863,0.42380952380952386,0.317373461012312,-0.8073394495412844,-0.8108108108108109,-0.0006863417982154729,0.5,2.9540078843626807,0.0769230769230771,0.019354838709677358,-0.7972972972972974,-0.030000000000000027,-0.12117742650317609
1999-09-30,-0.05427751196172248,-0.07640513552068473,-0.08225455378622981,-0.07671418873048197,0.0020768431983384517,-0.1653255303584492,-0.5161290322580645,-0.5161290322580645,-0.5185185185185186,-0.5,-0.4166048925129726,-1.6901408450704225,-0.10409252669039148,-2.337078651685393,-0.39799331103678925,0.1516095534787123,-2.738095238095238,-2.7857142857142856,0.002060439560439553,0.15151515151515138,5.142572283150549,0.0714285714285714,0.05937311633514164,0.0,0.010309278350515427,0.00033620508510190383
1999-12-31,-0.07993685999919053,-0.12510811812677625,-0.09867681937336159,0.003235294117647003,-0.04536557282671272,0.04767747589833471,-4.640000000000001,-4.640000000000001,-4.692307692307692,-4.692307692307692,1.0152477763659467,-1.9489795918367347,0.4577954319761668,-1.134453781512605,0.0888888888888888,0.08566275924256073,0.8356164383561644,0.8399999999999999,-0.04660726525017134,0.09210526315789469,0.0,0.06666666666666665,0.03755334281650091,0.0,-0.020408163265306145,-0.12792505146410116
2000-03-31,-0.05714411402428299,-0.09010663088764914,-0.07118620594141678,0.0036646144825565052,-0.032686045109154516,-0.11360214154257986,-0.6080586080586081,-0.6080586080586081,-0.625,-0.625,-0.4186633039092056,-0.06451612903225812,-0.35967302452316074,-6.75,-0.4693877551020408,-0.005813953488371992,0.3283582089552237,0.36956521739130443,-0.0323508267433501,0.03614457831325302,0.0,0.0625,0.0260488072388263,0.0,0.04166666666666674,-0.09345794392523377
2000-06-30,0.01665655764475349,0.0270857586340707,0.025348542458808687,0.03943332846502123,0.002119700748129727,0.19611174027935063,-1.3831775700934579,-1.3831775700934579,-1.3888888888888888,-1.3888888888888888,-0.8394793926247288,0.9080459770114941,-1.0702127659574467,-1.315217391304348,0.27884615384615374,0.04177109440267346,0.797752808988764,0.8412698412698412,0.0022288261515601704,0.08139534883720945,0.0,0.0588235294117645,-0.014430785676108893,0.0,0.030000000000000027,-0.011850356042087395
2000-09-30,-0.05631023405231761,-0.08175910533474384,-0.06820330109794226,-0.11339047351412113,-0.035958691053875835,-0.18967965914470575,-0.41463414634146345,-0.41463414634146345,-0.4285714285714286,-0.4285714285714286,-0.3648648648648649,0.1807228915662651,-0.8181818181818181,-4.206896551724138,-0.6992481203007519,-0.0753809141940659,0.22812500000000013,0.2586206896551726,-0.036323202372127494,-0.08602150537634412,0.0,0.05555555555555558,0.021691973969631295,0.0,0.01941747572815533,0.0356547458994354
2000-12-31,0.02329426640081711,0.020655036208031552,0.025595005852516506,0.008557844690966654,0.01948890036138362,0.2835443037974683,2.2083333333333335,2.2083333333333335,2.25,2.25,5.170212765957447,0.26530612244897966,-20.583333333333332,-2.0,2.325,-0.053772766695576735,-1.1119592875318065,-1.1164383561643836,0.020000000000000018,-0.0117647058823529,0.0,0.05263157894736836,-0.0037154989384289294,0.0,0.04761904761904767,0.01199501505867695
2001-03-31,-0.0051325919589392255,0.010965089091348856,0.027771437266986165,-0.05751099937146453,-0.05988099759463228,-0.19268699742072526,-1.7532467532467533,-1.7532467532467533,-1.7692307692307692,-1.7692307692307692,-2.6775862068965517,-0.7983870967741935,-5.0,-1.849462365591398,-0.5939849624060151,-0.010082493125572856,1.4545454545454546,1.3529411764705883,-0.21568627450980393,-0.03571428571428559,-0.02613212140886223,0.04999999999999982,-0.0551411827384124,1.4,0.009090909090909038,0.07265637026014682
2001-06-30,0.10595203974395728,-0.00741685939867609,0.09860823215872072,0.07802600866955656,0.11931053056827357,0.2390528096222515,-1.8275862068965516,-1.8275862068965516,-1.7000000000000002,-1.7000000000000002,-2.5015416238437824,30.1,-0.7617021276595745,-2.556962025316456,2.2777777777777777,-0.18981481481481488,0.07407407407407396,0.04999999999999982,0.11057692307692313,0.03703703703703698,-0.6527777777777778,0.0,0.012122920778122381,0.05555555555555558,-0.009009009009009028,-0.07926333413059072
2001-09-30,-0.030494125777470682,-0.053591515346296026,-0.050876010781671144,-0.08165790287658525,0.005895091434071187,-0.12452601243743366,-0.9166666666666666,-0.9166666666666666,-0.8571428571428572,-0.8571428571428572,-0.6810403832991102,-0.9453376205787781,-2.821428571428571,-1.3089430894308944,-0.21468926553672318,0.19199999999999995,-0.23275862068965514,-0.23809523809523803,0.0051948051948049745,0.0714285714285714,0.19199999999999995,0.0,0.03760445682451263,-0.23684210526315796,0.009090909090909038,0.03060058187863679
2001-12-31,-0.03176512518934327,0.0039052551150351444,-0.024565140220092263,0.08251936679016514,-0.04389427102021293,0.33905058905058905,57.0,57.0,30.0,30.0,1.7896995708154506,0.388235294117647,1.5122549019607843,-4.947368421052632,1.079136690647482,0.22051773729626079,2.1685393258426964,2.1875,-0.07149009474590873,0.22222222222222232,0.5534228187919463,0.0,-0.012617449664429459,2.0689655172413794,0.03603603603603589,-0.07264203256540813
2002-03-31,0.03998527584778899,0.08964059196617336,0.07263993012591885,0.02022401991288114,-0.01613710282712033,-0.1996377280372622,-2.1293103448275863,-2.1293103448275863,-2.161290322580645,-2.161290322580645,-1.8215384615384616,-1.3983050847457628,-1.8565853658536584,-2.006666666666667,-0.5224913494809689,0.48232521602513745,-0.9042553191489362,-0.9019607843137255,-0.01948051948051943,0.5909090909090908,-0.437743022552493,0.0,-0.05383360522022851,-0.9101123595505618,0.01739130434782621,0.06805827353772576
2002-06-30,0.04035041146801177,0.07310826542491267,0.03779602361403267,0.09713327233912783,0.0451366815003178,0.2489492402198512,-1.5381679389312977,-1.5381679389312977,-1.5277777777777777,-1.5277777777777777,-1.2949438202247192,-6.042553191489362,-1.0899772209567198,-0.9933774834437086,-0.007246376811594235,0.11764705882352944,4.2592592592592595,4.1000000000000005,0.042573320719015983,0.1428571428571428,9.803749807899187,0.0,0.0045977011494253706,4.249999999999999,0.03418803418803429,-0.021885179153094514
2002-09-30,-0.023390320660032327,-0.027120850509872008,-0.015496273048254183,-0.01862404447533006,-0.03807785888077864,-0.10975925446544132,-0.3120567375886525,-0.3120567375886525,-0.3157894736842105,-0.3157894736842105,-0.9841269841269842,-0.43881856540084385,-1.9873417721518987,57.0,-0.4233576642335767,-0.085348506401138,0.8309859154929575,0.8039215686274508,-0.04355716878402904,-0.125,-0.8170697012802276,0.0,-0.015160183066361577,0.7380952380952381,0.04132231404958686,-0.00868977000728477
2002-12-31,0.022905417174708287,0.0498067201903063,0.08348276549113365,0.11174054666477828,-0.09244972808903507,0.22666472811863914,-9.45360824742268,-9.45360824742268,-9.384615384615385,-9.384615384615385,295.0,4.135338345864661,-8.076923076923077,-5.551724137931035,3.3417721518987342,0.23950233281493016,-5.165384615384616,-4.967391304347826,-0.0863377609108158,0.29714285714285715,-0.31135303265940895,0.0,-0.11269241940168462,0.0,0.0,-0.05569261456091534
2003-03-31,0.08182205193699454,0.12675258461974215,0.09127130072330503,-0.036687898089171944,0.060340022296544005,-0.10252459405001779,-1.1524390243902438,-1.1524390243902438,-1.1559633027522935,-1.1559633027522935,-2.314864864864865,-0.9707174231332357,-4.3025362318840585,-1.503787878787879,-0.3877551020408163,-0.2199916352990381,-0.45429362880886426,-0.4739726027397261,0.05088265835929362,-0.14537444933920707,0.0,0.0,-0.019967266775777426,0.0,0.015873015873015817,0.16964980544747066
2003-06-30,0.05698095388005675,0.06517094017094016,0.048755827669493934,0.08370801375297532,0.0762255224076751,0.1921553090332806,0.248,0.248,0.23529411764705865,0.23529411764705865,-1.1366906474820144,7.35,-1.0394953373560065,-1.2781954887218046,0.17619047619047623,0.024128686327077986,-0.030456852791878264,-0.06770833333333326,0.07608695652173925,-0.02577319587628868,0.0,0.0,0.018370073480293847,0.0,0.0078125,-0.017108639863130937
2003-09-30,0.00852568875651527,-0.013098117883060922,-0.0025708317711959916,0.003294691885295853,0.03382586396385401,-0.11343746538163291,0.05769230769230771,0.05769230769230771,0.04761904761904767,0.04761904761904767,0.3308270676691729,0.1317365269461077,0.9722222222222223,-0.32432432432432434,0.10121457489878538,0.008376963350785305,-0.16928446771378702,-0.1899441340782122,0.031221303948576695,-0.06349206349206349,0.0,0.0,0.024926205313217542,0.0,-0.007751937984496138,-0.01634271347065075
2003-12-31,0.04817453578943476,0.00705446284450284,0.038124899318047634,0.13001702748722943,0.07028112449799195,0.2933899787579657,0.8060606060606061,0.8060606060606061,0.7727272727272727,0.7272727272727273,5.231638418079096,0.06878306878306883,4.908450704225352,46.92,4.404411764705882,-0.07217030114226375,-2.8760504201680672,-2.9034482758620688,0.07301869991095278,-0.10169491525423724,0.0,0.0,0.021120000000000028,1.9178082191780823,0.015625,-0.10882815572158866
2004-03-31,0.3756427414242445,0.2539032353814188,0.5515957171675374,0.24303089010870726,0.00022072618916224584,0.07786687276591642,-0.1610738255033557,-0.1610738255033557,-0.15384615384615385,-0.13157894736842102,-1.5530371713508613,35.63861386138614,-10.116805721096544,-1.807178631051753,-0.6578231292517007,0.06659205372132049,0.11870100783874582,0.03623188405797095,-0.1659751037344398,-0.0062893081761006275,-0.7803748870822041,0.0,-0.2729551864619242,0.05633802816901401,-0.023076923076923106,0.008769994484280064
2004-06-30,-0.0011520737327188613,0.015386800492377617,-0.11391139113911386,0.029093428002424426,0.37206223104932135,0.26109169131486953,0.9319999999999999,0.9319999999999999,0.6363636363636365,0.6363636363636365,-1.9262295081967213,-0.9841913254965545,-1.0990979212969016,-1.248190279214064,0.4771371769383699,0.05561385099685223,0.2272272272272271,0.25174825174825166,0.371144278606965,0.26582278481012644,-0.09254498714652959,0.0,0.37370689655172407,0.21777777777777785,0.03149606299212593,-0.013341352725682043
2004-09-30,0.02301678841471233,0.03044714878537791,0.006772009029345272,0.019772822885990804,0.05774024929634103,-0.1353944562899787,-0.2795031055900621,-0.2795031055900621,-0.2777777777777778,-0.2962962962962963,-0.7415929203539823,0.8205128205128205,-0.7981530343007915,-1.2541666666666667,-0.08209959623149399,0.016898608349900535,0.029363784665579207,0.05307262569832405,0.05732946298984043,-0.26,-0.21133144475920673,0.0,0.03388766865390669,0.054744525547445244,-0.007633587786259555,0.010473815461346625
2004-12-31,0.07666675018164515,0.08800904977375557,0.07432735426008974,0.1212871287128714,0.08142629058009576,0.26107685984381424,0.4568965517241379,0.4568965517241379,0.4358974358974359,0.1578947368421053,7.414383561643836,0.12676056338028174,-2.4183006535947715,-43.19672131147541,3.774193548387097,0.021994134897360684,0.030110935023771823,0.04774535809018565,0.08167467398764572,-0.027027027027027084,-0.07830459770114939,0.0,0.004552352048558417,0.04152249134948094,0.007692307692307665,-0.029669847537567073
2005-03-31,-0.010937100039559722,-0.005572884175504278,-0.016731016731016735,0.1753495217071377,0.0007733408323959967,-0.18069226256437,-0.5759368836291914,-0.5759368836291914,-0.5714285714285715,-0.4772727272727273,-2.244200244200244,0.26249999999999996,0.9493087557603688,-2.156177156177156,-0.914004914004914,-0.05643232902917261,-0.11615384615384616,-0.04303797468354431,-0.0012690355329948444,-0.13194444444444442,-0.0904130943102105,0.0,0.011782477341389708,-0.046511627906976716,0.007633587786259444,-0.1539026733736507
2005-06-30,-0.015622426652236343,-0.013215674794027854,-0.04612989953304092,-0.13792024040568462,0.044959606603442115,0.25252605616994184,1.1441860465116278,1.1441860465116278,1.125,1.043478260869565,-1.5227347072293098,-0.6963696369636964,-4.028368794326241,-1.063508064516129,0.675,-0.08514951849974661,-0.056570931244560585,-0.031746031746031744,0.044472681067344366,-0.08000000000000007,-0.027420736932305068,0.0,0.061510898775754,-0.04529616724738672,0.015151515151515138,0.14462257849031412
2005-09-30,-0.009178039628098156,-0.016274634456452608,-0.03178311823171631,-0.08540305010893245,0.03179831932773114,-0.21641364415930886,-0.3969631236442517,-0.3969631236442517,-0.3921568627450981,-0.34042553191489355,-1.2509386733416772,0.9891304347826086,-1.3161592505854802,-2.037037037037037,-0.417910447761194,0.09030470914127409,-0.08118081180811809,-0.05464480874316946,0.031630170316301776,0.04347826086956519,0.1409691629955947,0.0,0.04135021097046421,-0.04744525547445255,-0.007462686567164201,0.07557630580682817
2005-12-31,-0.06858038837293445,-0.10120201628538195,-0.06339295974259773,0.0007940289026520109,-0.07740422204847541,0.12264915693904022,-3.2949640287769784,-3.2949640287769784,-3.290322580645161,-3.290322580645161,-11.780548628428928,1.3551912568306013,-5.548148148148148,-10.862244897959183,7.08058608058608,-0.1707317073170731,-0.7831325301204819,-0.7774566473988439,-0.0778301886792453,-0.19999999999999996,-0.13050193050193049,0.0,-0.009454349000540097,-0.7777777777777778,0.0,-0.10189907759088457
2006-03-31,0.030275562001450318,0.039018310804333156,0.019303124488794454,-0.015471278959060641,0.049223163841807915,-0.15531807350711246,-1.2711598746081505,-1.2711598746081505,-1.267605633802817,-1.267605633802817,-1.4024982650936848,-0.48259860788863107,-1.1161780673181325,-1.8706673564407656,-0.7629193109700816,0.14276960784313708,-0.1435185185185186,-0.11688311688311692,0.04923273657288996,0.23958333333333326,4.521314387211368,0.0,0.01854376874829544,-0.1206896551724137,0.0,0.05534074432092795
2006-06-30,0.04446846484502642,0.04396567632404502,0.038236238164018665,0.05479893625594334,0.05492360503466376,0.23995554795691576,1.3641618497109826,1.3641618497109826,1.3684210526315788,1.3684210526315788,-1.9385057471264369,0.2152466367713004,-2.3457943925233646,-1.679144385026738,2.18546845124283,0.3184986595174264,-0.19999999999999996,-0.19117647058823528,0.04936014625228502,0.26050420168067223,0.5213125301592407,0.0,0.009906291834002712,-0.17647058823529427,-0.022556390977443663,-0.010247309365697177
2006-09-30,-0.022575210589651062,-0.0452958592955941,-0.034432121188700426,-0.05752922301168917,-0.0029987877241115513,-0.18586694243364354,-0.8679706601466992,-0.8679706601466992,-0.8666666666666667,-0.8666666666666667,-0.6056338028169015,0.21033210332103325,0.14236111111111116,-1.0008748906386702,-0.0006002400960384291,0.014233428222854894,-1.0067567567567568,-1.0,-0.004065040650406471,-0.033333333333333326,0.09875237893846478,0.0,0.020148462354188768,0.0,-0.007692307692307665,0.012956214934351395
2006-12-31,0.013124199743917986,0.0687835586002592,0.04894741054990792,0.316147859922179,-0.04415717394086782,0.3835210432720806,-24.796296296296298,-24.796296296296298,-24.5,-24.5,5.032608695652174,0.39939024390243905,2.762917933130699,-2347.0,1.4090090090090088,0.15356856455493184,424.0,inf,-0.046647230320699506,0.1586206896551725,0.0,0.0,-0.05665280665280659,0.0,0.03100775193798455,-0.1879746474047851
2007-03-31,-0.005857333819419108,-0.020398440883499402,-0.03082910450608567,-0.06836659275683665,0.03796197107659349,-0.18435549026808662,-1.1906614785992218,-1.1906614785992218,-1.1914893617021276,-1.1843971631205674,-1.6074646074646075,-0.4901960784313726,-1.12843295638126,-2.0387894288150044,-0.6075791573173772,0.1883906847410497,-0.12,-0.1132075471698114,0.0366972477064218,0.24404761904761907,0.0,0.0,0.0440771349862259,0.0,0.022556390977443552,0.05154349201884556
2007-06-30,0.035228828476432605,0.04416640877138689,0.006613912838077329,0.07741636916567507,0.08211313939237574,0.28425634098754315,1.6040816326530614,1.6040816326530614,1.5925925925925921,1.576923076923077,-1.8851694915254238,0.06837606837606836,-8.484276729559749,-1.2970865818629462,0.4599745870393901,0.18572682070780933,-0.4064171122994653,-0.4042553191489362,0.08082595870206499,0.1435406698564594,0.0,0.0,0.045382585751978954,0.0,0.04411764705882337,-0.03089474388123581
2007-09-30,0.04914393671035544,0.034253535439071836,0.012554264930188852,0.024176228753758355,0.10491177873152124,-0.05749678625686572,0.2053291536050157,0.2053291536050157,0.19999999999999996,0.19402985074626855,-0.7161321206318814,3.6879999999999997,-0.9529411764705882,-1.8701657458563536,-0.27415143603133163,0.09669462259496808,-2.0045045045045047,-2.0357142857142856,0.10480349344978146,0.01673640167364021,0.0,0.0,0.05300353356890475,0.38095238095238093,0.04929577464788748,0.009867513110681791
2007-12-31,0.077657227749516,0.11421787366438774,0.06010042487446898,0.24815768977293162,0.10217954251186878,0.3460012399256045,0.0546163849154746,0.0546163849154746,0.04761904761904767,0.012499999999999956,6.961214165261382,-0.5025597269624573,-0.2678571428571429,-7.5968253968253965,2.4916067146282974,0.3495276653171391,5.201793721973094,5.448275862068965,0.1017786561264824,0.21810699588477367,0.8042725173210161,0.0,0.02277085330776618,5.224137931034483,0.046979865771812124,-0.10734540485138366
2008-03-31,0.055601971760381064,0.057464084946908134,0.04255629235589886,0.04440071041136662,0.0731277533039647,-0.1770991663212197,-0.2318125770653514,-0.2318125770653514,-0.22727272727272718,-0.22222222222222232,-1.5975428934547766,-0.21269296740994859,0.2195121951219512,-1.798604427333975,-0.5698832417582418,0.04033333333333333,0.05784526391901679,0.09447415329768272,0.0717488789237668,-0.05405405405405406,-0.86896,0.0,0.016639325052730136,0.08033240997229907,0.0064102564102563875,0.012553582363747706
2008-06-30,0.08007835687997145,0.11479795698551132,0.06101908156846303,0.07822410147991543,0.10495347564313073,0.340758983544162,1.1364365971107544,1.1364365971107544,1.1323529411764706,1.126984126984127,-2.217298830202056,0.14161220043572986,-1.48,-1.9279903585417295,1.2295409181636727,-0.02899711630887536,0.13533834586466154,0.16612377850162852,0.10502092050209222,-0.09285714285714275,-0.15221815221815227,0.0,0.02305209774089434,0.1384615384615384,0.02547770700636942,0.03386755367402472
2008-09-30,-0.0720344416964368,-0.06308243727598561,-0.05398550724637685,-0.04650468883205461,-0.09465428276573784,-0.12941471153043338,-0.2291510142749812,-0.2291510142749812,-0.22758620689655162,-0.22388059701492535,-1.039021549213745,0.041984732824427384,3.625,-1.3529220779220779,-0.19462846911369736,-0.14156079854809434,0.03130644190246845,0.0405027932960893,-0.0946611132146914,-0.22440944881889768,-0.3024483917426788,0.0,-0.024335286164939074,0.011261261261261257,0.03105590062111796,-0.017329628546358444
2008-12-31,-0.021815094861113882,-0.0002993912378164154,0.04376588558894179,-0.11551701014797267,-0.10769651650556267,0.034429845593171526,-0.005847953216374324,-0.005847953216374324,-0.008928571428571397,0.03846153846153855,-19.16417910447761,1.3186813186813189,1.3063063063063063,-1.5740570377184913,0.1387283236994219,-0.41725927349605996,0.06538237011091641,0.04563758389261752,-0.108741112505228,-0.35532994923857864,-0.4535443909153475,0.0,-0.08775981524249421,0.057906458797327254,-0.012048192771084376,0.1302180221742688
2009-03-31,-0.058226366351820436,-0.07909623319579395,-0.1189538995263193,-0.1344452868334597,0.031323454266734885,-0.26803263489708884,-0.669607843137255,-0.669607843137255,-0.6666666666666667,-0.6666666666666667,-2.83442892358258,-0.7195892575039494,1.1796875,-7.665064102564102,-0.8119875048809059,-0.28726912928759896,-0.05260273972602736,-0.05391527599486512,0.02487095260441108,-0.20472440944881887,-0.33501259445843834,0.0,0.09493670886075933,-0.04842105263157903,-0.0060975609756097615,0.0639936796365792
2009-06-30,0.0471679917707819,0.0056729900632339625,-0.039603210661820376,0.013313868613138657,0.1544864489917257,0.1369221025965801,0.7032640949554896,0.7032640949554896,0.6756756756756757,0.6944444444444444,-1.400895856662934,0.008450704225352101,-2.4175627240143367,-1.225775426785285,0.9750778816199377,0.18972697825080997,-0.19491035280508973,-0.18046132971506101,0.15384615384615374,0.16831683168316824,0.27462121212121215,0.0,0.1026589595375722,-0.1415929203539822,-0.04294478527607348,-0.007549037807066394
2009-09-30,0.0021488212180746924,-0.03251652773785574,-0.038594969644405897,-0.06546418486716998,0.04759452384017848,-0.2180815508021391,-0.8066202090592335,-0.8066202090592335,-0.8064516129032258,-0.8032786885245902,-0.41173184357541903,0.2625698324022345,-0.5436156763590392,-0.6996805111821086,0.1482649842271293,0.13885647607934648,-0.32902298850574707,-0.3029801324503312,0.04761904761904767,-0.016949152542372947,0.40861812778603257,0.0,0.04529251415391067,-0.24226804123711343,-0.08333333333333337,0.03522663507699986
2009-12-31,0.03375604974575741,0.03572622275039916,0.08791569278714073,0.05944379354997831,-0.01958213846784107,0.3197264372729216,2.018018018018018,2.018018018018018,2.0,1.9166666666666665,3.8803418803418808,0.6858407079646018,-0.8365650969529086,14.400709219858156,1.9885531135531136,0.006147540983606481,-0.367237687366167,-0.33966745843230406,-0.01931818181818179,-0.0344827586206895,0.4324894514767932,0.0,-0.051554663991975946,-0.30272108843537415,-0.04895104895104885,-0.022404239942182658
2010-03-31,-0.023863142507210333,0.0030836530531750395,-0.015755154347744105,0.0023863570222921737,-0.02941668059501923,-0.2830229419703104,-0.6985074626865672,-0.6985074626865672,-0.6944444444444444,-0.7142857142857142,-1.3936563533761432,-0.6850393700787402,0.847457627118644,-1.560211835137002,-0.37475103416577293,0.13849287169042768,-0.1996615905245347,-0.1834532374100718,-0.035534955581305594,0.1607142857142856,0.715022091310751,0.0,-0.005710659898477077,-0.14146341463414636,-0.05147058823529416,0.0007392804337111869
2010-06-30,0.006759218035374603,0.04875781948168001,0.01834335388503816,0.05301358727209382,-0.005252281728947872,0.3123023641017919,5.227722772277228,5.227722772277228,5.1818181818181825,5.6,-2.0667325753830945,-0.125,0.3302752293577982,-1.6859843814221125,0.4089683901004655,-0.02176505664877748,0.05073995771670181,0.044052863436123246,-0.005206247496996386,0.007692307692307665,0.19407471017604117,0.0,-0.011912359072537737,0.05681818181818166,-0.015503875968992276,-0.004063038660428564
2010-09-30,0.04963013588485965,0.0254269061658543,0.011770457280385171,-0.018748276812792897,0.09434778845321556,-0.04911072862880095,-0.009538950715421324,-0.009538950715421324,-0.014705882352941235,-0.015151515151515138,-1.0435588507877664,0.7761904761904761,7.248275862068965,-1.6938286399041342,-0.20139130434782604,0.01615361170374885,0.4225352112676055,0.40928270042194104,0.09420289855072461,0.022900763358778553,-0.025170801869831005,0.0,0.04241119483315381,0.3763440860215055,0.023622047244094446,0.04499938187662278
2010-12-31,0.04121263190148805,0.03739405019112518,0.03241033265192339,0.07496487777465588,0.051332753302222534,0.3080728852419452,0.3675762439807384,0.3675762439807384,0.3731343283582089,0.3538461538461537,-47.234042553191486,4.115281501340482,-1.2976588628762542,-3.2512953367875648,0.567726480836237,0.3203359328134372,0.27015558698727027,0.284431137724551,0.036055923473142126,0.20895522388059695,-0.07746219107340457,0.0,0.009913258983890838,0.25,0.030769230769230882,-0.03489885247841018
2011-03-31,0.0549577884456216,0.031079782121115063,0.031104870936386142,0.10225312352971927,0.058982846825158086,-0.1708025830258303,-0.06103286384976525,-0.06103286384976525,-0.07608695652173925,-0.07954545454545447,-1.3851817763460654,-0.20335429769392033,-3.6207865168539324,-2.555811277330265,-0.5634115849423531,0.20990458882326202,0.2538975501113585,0.268065268065268,0.054332386363636465,0.16666666666666652,-0.06997201119552177,0.0,0.0036809815950920033,0.23124999999999996,0.02985074626865658,-0.06459916646236818
2011-06-30,0.08251826281011909,0.11805469235550037,0.08913794909395611,0.028740811003082678,0.08603296391020177,0.3120097902875898,0.6712499999999999,0.6712499999999999,0.6588235294117646,0.6790123456790123,-2.6063321385902034,-0.4809210526315789,-1.5144694533762058,-1.6380670611439843,0.8234171174037543,-0.028914757791963952,0.15985790408525746,0.1746323529411764,0.06736274840013468,-0.0793650793650793,-0.25881341358555476,0.0,0.0032599837000815146,0.1497461928934012,0.021739130434782705,0.08681693093958853
2011-09-30,-0.0889676276373007,-0.10442202395842015,-0.10094890042956983,-0.12442948688396105,-0.07751684437757567,-0.11002289493767492,-0.368735976065819,-0.368735976065819,-0.375886524822695,-0.3602941176470589,-0.37151357381926364,-0.02408111533586821,-4.464583333333334,-1.455564142194745,-0.20572325946606174,-0.15448569218870845,0.03445635528330793,0.04225352112676073,-0.0842537077942569,-0.206896551724138,-0.31438515081206486,0.0,0.012591389114541052,0.004415011037527616,0.03546099290780136,0.022849219268101573
2011-12-31,0.28296149630520095,0.13673887406120033,0.5068639686218577,0.16127843302443123,0.06197702453552689,0.19946643799723685,2.3791469194312795,2.3791469194312795,2.3295454545454546,2.333333333333333,1.6946745562130179,12.711688311688311,-6.307276007215875,-3.2832909245122988,0.5913884007029877,-0.09421449805625426,0.4774241302738713,0.4099099099099097,0.06202618883528599,-0.014492753623188248,-0.14551607445008463,0.0,-0.17228239069394302,0.4615384615384617,-0.03424657534246578,-0.02110102558057292
2012-03-31,0.061263297139392714,0.08706454078846781,0.05182205395172734,0.12097030151892985,0.06416933760683752,-0.09694971800778462,-0.5785413744740533,-0.5785413744740533,-0.5767918088737202,-0.5827586206896551,-1.6159420289855073,-0.8843530971774958,-0.8941762973034217,-2.1058692421991085,-0.4109607951408062,0.23832365564251456,0.03607214428857719,-0.009584664536741228,0.06391953277092788,0.1691176470588236,-0.18217821782178212,0.0,0.002907681124303396,0.013533834586466176,-0.021276595744680882,-0.03028660886319845
2012-06-30,-0.009153704328858203,0.01017153477158006,-0.01847019122609672,-0.08481980342191486,0.009914036518792857,0.1831376170998813,0.7046589018302829,0.7046589018302829,0.7016129032258063,0.71900826446281,-1.3290552584670232,-0.49877149877149873,-1.5460385438972164,-0.8881424252603292,-0.07804077806421372,-0.08929663608562688,0.099613152804642,0.058064516129032295,0.009759072888075648,-0.14465408805031443,-0.14648910411622273,0.0,0.0190867359265523,0.07566765578635004,-0.014492753623188248,0.10381868984787324
2012-09-30,-0.014440527826189542,-0.04492566257272135,-0.05312979898691239,-0.054583222840979384,0.039794967381174384,-0.1468718634994982,-0.5387994143484627,-0.5387994143484627,-0.5402843601895735,-0.5384615384615385,0.6793066088840736,0.4068627450980393,1.7901960784313724,1.1471471471471473,-0.18174885612608027,-0.011864786209984324,-0.02770448548812665,-0.04878048780487798,0.04228329809725162,-0.022058823529411797,-0.11347517730496448,0.0,0.05500237079184456,-0.0055172413793103114,-0.044117647058823595,0.010181695449175798
2012-12-31,0.026684926407041454,0.0294676558635949,0.022439543947132767,0.15226029638633065,0.03020525230796811,0.17795206971677557,0.08465608465608465,0.08465608465608465,0.09278350515463929,0.09375,3.5135483870967743,0.22299651567944245,-0.0042164441321153046,-7.4251748251748255,1.4271512892202547,0.04644313547802437,-0.2844866576209859,-0.27029914529914534,0.02984642132715165,0.007518796992481258,0.033600000000000074,0.0,0.0035955056179775013,-0.27323162274618584,0.0,-0.10652633923599508
2013-03-31,0.0349270895387086,0.08030950514577584,0.050428524077844594,0.04706264199935095,0.017661388550548107,-0.11108234075608492,0.15121951219512186,0.15121951219512186,0.15094339622641506,0.1333333333333333,-1.3734991423670668,-0.12155745489078817,-1.9978828510938604,-1.499782324771441,-0.2938691923716882,0.12816626975535828,-0.02781289506953233,-0.013177159590043841,0.014631401238041741,0.09701492537313428,0.521671826625387,0.4761904761904763,-0.01679355127630988,-0.01717557251908408,0.007692307692307665,0.03172327827983801
2013-06-30,0.030469874241381367,0.057275940359993394,0.027181752614496846,0.07528673279603226,0.03622011341939535,0.2684449253048147,0.8110169491525423,0.8110169491525423,0.8032786885245904,0.8067226890756303,-2.2487562189054726,-0.13945945945945948,-1.623055162659123,-1.5614111498257839,0.233641471814392,-0.0009595087315293904,-0.013654096228868595,-0.0029673590504452063,0.035773710482529086,-0.020408163265306145,0.003051881993896277,0.32258064516129026,0.0056934639034389445,-0.01747572815533982,0.01526717557251911,-0.01673311586323556
2013-09-30,0.012021857923497192,-0.002900154970112867,-0.02049414139641026,-0.011927498108176282,0.05398492932181953,-0.18775014762810838,-0.40945250350959284,-0.40945250350959284,-0.40909090909090917,-0.40930232558139534,-0.6812749003984064,0.11557788944723613,0.11464245175936427,-1.4662529092319627,-0.08830443726124004,0.0710718401844026,0.024390243902439046,0.032738095238095344,0.053815261044176665,0.03472222222222232,0.05679513184584173,0.24390243902439024,0.04144021739130421,0.04150197628458496,-0.007518796992481258,0.009154021011242852
2013-12-31,0.012574994000480011,0.0029307933124624874,-0.015681003584229414,0.025528811086797942,0.04636660143509452,0.1550143382204452,0.10380348652931848,0.10380348652931848,0.0923076923076922,0.10236220472440927,5.038461538461538,0.6644144144144144,-0.36965376782077397,-8.099833610648918,0.6876712328767123,0.08411047345767586,0.02574002574002554,0.043227665706051965,0.08739837398373984,0.033557046979865834,0.0249520153550864,0.196078431372549,0.03326810176125261,0.05123339658444026,-0.007575757575757569,-0.022038232071106778
2014-03-31,-0.014113381049438267,-0.026609993137189814,0.010491579426490594,-0.009139402560455201,-0.041618871876714425,-0.18404028394586847,-0.2849964106245513,-0.2849964106245513,-0.2605633802816901,-0.26428571428571423,-1.8136942675159236,-0.3240866035182679,3.0743134087237483,-2.999765643309116,-0.8148395721925134,-0.09875930521091825,-0.05207026348808019,-0.04005524861878451,-0.043925233644859674,-0.17532467532467533,-0.1516853932584269,0.180327868852459,-0.02777777777777779,-0.02527075812274371,-0.01526717557251911,-0.017679282868525936
2014-06-30,0.017981417599192362,0.031090086197093303,-0.007477309069615523,0.0015791551519936942,0.048005620170166186,0.17866632381931935,0.6887550200803212,0.6887550200803212,0.7047619047619047,0.7184466019417475,-1.5025440313111544,-0.4574574574574575,-0.7168913560666138,-1.1516465486933083,0.6673543063434759,0.03212187958884005,-0.10125744540039716,-0.08489208633093526,0.04936461388074287,0.07874015748031504,0.06070640176600439,0.15277777777777768,0.029437229437229373,-0.051851851851851816,-0.03875968992248069,0.02946768060836491
2014-09-30,-0.04196332636699607,-0.07239280042350449,-0.019582926773922704,-0.15304403912996745,-0.06651273648145395,-0.2165218339817474,-0.6135552913198573,-0.6135552913198573,-0.6089385474860336,-0.6101694915254238,-0.8485202492211839,2.7527675276752768,-3.5476190476190474,-1.01854714064915,-0.007423445716053245,-0.09585630446380922,-0.1111929307805597,-0.11006289308176109,-0.04797391709361887,-0.13868613138686148,-0.03329864724245579,0.1325301204819278,-0.025651808242220464,-0.0859375,-0.024193548387096753,0.09522930132348395
2014-12-31,-0.08849012188959682,-0.1611023921624578,-0.09757903994815531,-0.062066339482145905,-0.08282135163169235,0.15333209578615192,0.19384615384615378,0.19384615384615378,0.19999999999999996,0.24637681159420288,15.804627249357328,-0.6293018682399214,-3.8603628367234744,-18.833333333333332,0.1333748831411654,-0.12529504327301344,-0.09776304888152443,-0.1024734982332155,-0.045988258317025466,-0.07627118644067787,-0.02152852529601712,0.1170212765957448,0.006258092360811318,-0.09829059829059827,-0.008264462809917328,-0.10555305755395683
2015-03-31,-0.017766600413742784,0.040222228521216596,0.06609387022313418,-0.061392033921241373,-0.11312164709293893,-0.3149042330597135,-0.6121134020618557,-0.6121134020618557,-0.5952380952380951,-0.6046511627906976,-1.4375095609606854,-0.10212201591511938,-1.7051700941764367,-1.5794392523364484,-0.06818806708825953,0.045873622666966485,-0.12396694214876036,-0.1417322834645669,-0.10948717948717956,0.09174311926605494,0.176017601760176,0.1142857142857141,-0.09714775895346328,-0.11137440758293848,-0.033333333333333326,0.10820661053160752
2015-06-30,0.028343313373253576,0.032644830780969025,0.024033488103543776,0.14057093425605527,0.03492021972273074,0.21537648302596035,2.558139534883721,2.558139534883721,2.5882352941176467,2.5882352941176467,-2.097902097902098,-0.16395864106351554,-1.2371218315617334,-7.423387096774194,0.47005016228976104,0.11158890561169654,-0.12683438155136273,-0.15137614678899092,0.04578174488914488,0.25210084033613445,0.32179607109448094,0.10256410256410264,0.006413301662707704,-0.11199999999999988,-0.04310344827586188,-0.09457926967566344
2015-09-30,-0.05338402227457695,-0.07628773485328266,-0.0372362918761453,-0.06788016685627607,-0.07512953367875652,-0.16087565843521967,-0.3734827264239029,-0.3734827264239029,-0.3688524590163934,-0.3688524590163934,-0.859235668789809,-0.07067137809187274,-0.4977011494252873,-1.4569993722536094,-0.14612605379365717,-0.0220502901353965,0.07442977190876343,0.04324324324324347,-0.057544052863436224,-0.06711409395973156,0.15074309978768574,0.09302325581395343,-0.02289355676185989,0.06006006006005982,-0.018018018018018056,-0.009018036072144242
2015-12-31,-0.08064652978109621,-0.17203256677617484,-0.11715185085771451,-0.012114637012928253,-0.030436564869850358,0.1281962681409814,-0.0745156482861401,-0.0745156482861401,-0.051948051948051965,-0.038961038961038974,9.226244343891402,0.21482889733840294,7.915331807780321,-1.0178571428571428,0.003055947343676646,-0.07397151898734178,-0.006703910614525022,-0.025906735751295318,0.005550686532281857,-0.014388489208632893,-0.09717097170971722,0.08510638297872353,0.05458937198067626,0.011331444759206999,-0.02752293577981657,-0.16190596562184023
2016-03-31,0.07304692907572341,0.1086153952316875,0.11741293532338304,0.03564564839388673,0.012648416305534926,-0.20403266972945377,-0.8743961352657005,-0.8743961352657005,-0.8767123287671232,-0.8783783783783784,-1.770353982300885,0.34741784037558676,-1.6311601642710474,-138.53846153846155,-0.4190297632997422,0.022639897479709514,-0.06974128233970767,-0.07446808510638303,0.012492736780941316,0.014598540145985162,0.06267029972752036,0.08496732026143783,-0.05634448007329351,-0.0672268907563025,-0.009433962264150941,0.07050218669883868
2016-06-30,0.005690777213956055,0.028975133049080393,-0.0023993271989709575,-0.05178279503380023,0.017222183564122195,0.2798050407234016,5.448717948717949,5.448717948717949,5.777777777777778,5.777777777777778,-1.8144744399770247,-0.5911730545876888,-1.714518096787312,-1.429530201342282,0.309802339653086,0.05137844611528819,-0.21644498186215233,-0.2183908045977011,0.034146341463414664,0.03597122302158273,0.14423076923076938,0.07831325301204828,0.011407766990291224,-0.22522522522522526,0.0,0.08515883637388177
2016-09-30,0.07484428227312256,0.037172584840602596,0.13545411718033273,0.005544941987791763,-0.00803776037213122,-0.11725796752856288,-0.20477137176938365,-0.20477137176938365,-0.180327868852459,-0.180327868852459,-1.2214386459802538,10.559659090909092,-3.5133750711439955,-1.3502604166666667,-0.08284570372651678,-0.04966229638458486,-0.1435185185185185,-0.15808823529411764,0.002497225305216455,-0.07638888888888884,0.21288515406162456,0.07262569832402233,-0.0770338372930166,-0.1472868217054264,-0.00952380952380949,0.03141633129949373
2016-12-31,-0.049409892587189974,-0.07681315797147936,-0.054199240075119004,-0.006070435588507839,-0.042790152403282544,0.18869209809264298,0.55,0.55,0.56,0.54,-8.912420382165605,-0.8277217989678054,-1.6236413043478262,-5.903345724907063,0.44291470785762255,0.14966555183946473,0.00540540540540535,-0.026200873362445365,-0.03293661776916701,0.1428571428571428,0.30946882217090077,0.06770833333333326,0.007020280811232293,-0.018181818181818077,-0.009615384615384581,-0.07117684078036501
2017-03-31,0.03155515875230175,0.06121868780996298,0.04326745474695226,0.009464310690475042,0.012643636756600962,-0.2227316141356256,-1.1629032258064516,-1.1629032258064516,-1.1666666666666667,-1.1688311688311688,-1.5059368082109077,-0.18544935805991436,-1.5907770515613653,-2.059893858984079,-0.32534326274144754,0.2841818181818181,-0.10752688172043023,-0.12556053811659196,0.01202060675443617,0.32894736842105265,0.26455026455026465,0.06829268292682933,-0.01833204234443586,-0.12037037037037046,0.0,0.05129073785486837
2017-06-30,0.040286154761582704,0.06873046584313136,0.0448147656353739,0.08959911324588954,0.034255833807626646,0.3303022855738511,-10.05940594059406,-10.05940594059406,-9.846153846153845,-9.769230769230768,-1.7358790771678598,-0.3975481611208407,-1.8229870928088507,-1.1995708154506437,0.09624008278716789,-0.01769786209825852,0.2931726907630523,0.2615384615384615,0.033653846153846034,-0.02970297029702973,0.10599721059972089,0.06392694063926951,-0.005786428195686533,0.26315789473684226,0.0,-0.019141531322505845
2017-09-30,0.06264543386415333,0.06929590017825316,0.07631696003050137,0.07994235334011535,0.04151332760103177,-0.08262516164788469,-0.3366120218579235,-0.3366120218579235,-0.3391304347826086,-0.33333333333333326,-0.798918918918919,5.796511627906977,-2.359223300970874,-1.1827956989247312,-0.01604782882315925,-0.09152493513980964,0.0993788819875776,0.08943089430894302,0.04158686730506167,-0.12244897959183676,-0.3029003783102143,0.06008583690987135,-0.02010582010581996,0.07916666666666661,0.0,-0.009856100926473599
2017-12-31,-0.024796926991583534,-0.05508960200041679,-0.040343212500492,0.040348535991836076,0.00046232085067043904,0.27241604994210333,-0.27018121911037896,-0.27018121911037896,-0.26315789473684204,-0.2894736842105263,15.311827956989248,-0.27972626176218995,-3.129120879120879,-11.784313725490197,0.17588743204349222,-0.02697128351578615,-0.10593220338983056,-0.10820895522388063,-0.0005253480430785773,-0.06395348837209291,-0.12626628075253266,0.05668016194331971,0.02591792656587466,-0.1351351351351351,0.029126213592232997,-0.09177782201871387
2018-03-31,0.05986176097946494,0.11952476775918619,0.09291690591419899,0.02448502225911109,0.007690784261948691,-0.20570546806995327,-0.4514672686230248,-0.4514672686230248,-0.4464285714285715,-0.44444444444444453,-1.5954185893210284,-0.7375296912114014,-1.9788387096774194,-1.3545454545454545,-0.05303236333967909,0.11870210337518339,0.16113744075829395,0.14644351464435146,0.008672798948751836,0.11801242236024834,0.2298136645962734,0.05747126436781613,-0.04921052631578948,0.1339285714285714,0.018867924528301883,0.09279555750401869
2018-06-30,-0.05027873450981779,-0.05352965799128362,-0.0569471807861901,-0.005523844595838656,-0.03868452946378853,0.2640597758405978,2.7613168724279835,2.7613168724279835,2.7096774193548385,2.8,-1.434541931912538,0.1018099547511313,-1.4186659636171894,2.466666666666667,-0.19414129810453762,-0.07535344701938496,-0.0027210884353739972,-0.010948905109489093,-0.0336112558624283,-0.08333333333333337,-0.2205387205387206,0.05434782608695676,0.012178245225574313,-0.03937007874015741,0.0277777777777779,-0.04827493982348219
2018-09-30,-0.013334828828155176,-0.014282369468508582,-0.015479506565857504,-0.015330494352897572,-0.00977920130843668,-0.1272462168978562,-0.2221006564551422,-0.2221006564551422,-0.21739130434782605,-0.219298245614035,0.2757961783439491,-0.006160164271047264,-0.1908060453400504,-1.1789940828402368,0.04312188168210973,-0.045397225725094525,0.05729877216916779,0.055350553505535194,0.0008088433540036633,-0.012121212121212088,-0.04535637149028071,0.05154639175257736,0.003828274541974208,0.020491803278688492,0.03603603603603589,0.0010538148096108646
2018-12-31,-0.03671799017316946,-0.06640274478754293,-0.06372014065720866,0.04046481892369602,0.009221981349575081,0.170451979952138,0.38818565400843874,0.38818565400843874,0.4111111111111112,0.4157303370786516,1.9950074887668499,0.32644628099173545,2.9322957198443578,1.7603305785123968,0.11411001024940215,-0.06968295904887711,0.24645161290322593,0.24825174825174834,0.032596982758620774,-0.06748466257668706,-0.11176470588235299,0.0490196078431373,0.04767093435031322,0.22489959839357443,0.01739130434782621,-0.10267387185065624
2019-03-31,0.07577625091786433,0.1198337762198225,0.11923417298020689,0.10409513138395932,0.007773875686180931,-0.23007483990432842,-0.34042553191489366,-0.34042553191489366,-0.3307086614173229,-0.33333333333333337,-1.5499249874979162,-0.051401869158878455,-1.709875321591134,-1.9970059880239521,-0.10211591536338549,0.09762158324458636,0.15217391304347805,0.15126050420168058,0.004174276024002221,0.0592105263157896,-0.12226184411614871,0.04672897196261672,-0.06318252730109197,0.1442622950819672,0.008547008547008517,0.014234318786172429
