Quarter end,Assets,Liabilities,Shareholders equity,Revenue,Earnings,Earnings available for common stockholders,EPS basic,EPS diluted,Cash from operating activities,Cash from investing activities,Cash from financing activities,Cash change during period,Cash at end of period,Price,ROE,ROA,Book value of equity per share,P/B ratio,P/E ratio,Cumulative dividends per share,Equity to assets ratio,Net margin,Asset turnover
1993-12-31,0.0913883966840201,0.10420314236882855,0.02027788160095234,0.07950721496606405,0.08717252945899867,0.08717252945899867,0.09433962264150941,-0.2936507936507936,-0.8391666280202198,-0.6592848277773626,-0.021764349108899905,-0.944909793814433,-0.3547856566823935,-0.035142767492939986,0.005204460966542701,0.005208333333333481,0.02274060076887996,0.011111111111111072,0.05167785234899336,inf,-0.06548788474132294,0.35349940688018977,0.0
1994-03-31,0.0913883966840201,0.10420314236882855,0.02027788160095234,0.07950721496606405,0.08717252945899867,0.08717252945899867,0.09433962264150941,-0.2936507936507936,-0.8391666280202198,-0.6592848277773626,-0.021764349108899905,-0.944909793814433,-0.3547856566823935,-0.035142767492939986,0.005204460966542701,0.005208333333333481,0.02274060076887996,0.011111111111111072,0.05167785234899336,inf,-0.06548788474132294,0.35349940688018977,0.0
1994-06-30,0.02267671553600281,0.024247771662411655,0.013241625688307668,0.07950721496606405,0.08717252945899867,0.08717252945899867,0.09433962264150941,-0.2936507936507936,-0.8391666280202198,-0.6592848277773626,-0.021764349108899905,-0.944909793814433,-0.030292592191636603,0.030677506775067753,0.005204460966542701,0.005208333333333481,0.014589704383282331,0.011111111111111072,0.05167785234899336,0.96875,-0.009110021023125414,0.35349940688018977,0.0
1994-09-30,0.016080274272025852,0.014034280928508336,0.028501102641347087,0.07950721496606405,-0.013038163050715479,-0.013038163050715479,-0.017241379310344862,-0.2936507936507936,1.3926654267768148,0.05431959949669363,-0.7075831969448991,1.9525666016894085,-0.0922349311384234,0.019422240919926947,0.005204460966542701,0.005208333333333481,0.029764521193092586,0.005494505494505475,0.05167785234899336,0.5555555555555556,0.012729844413012614,0.35349940688018977,0.0
1994-12-31,-0.001862238274983441,-0.004433491946374768,0.013527780325233163,0.07950721496606405,0.06478755896019917,0.06478755896019917,0.07017543859649122,-0.2936507936507936,0.3952584293584911,1.753787959457489,8.071011258842265,0.453125,-0.14764710486007848,0.018330008941467968,0.005204460966542701,0.005208333333333481,0.014086224769803035,-0.010928961748633892,0.05167785234899336,0.38775510204081653,0.015363128491620248,0.35349940688018977,0.0
1995-03-31,0.09625543296761019,0.10520864910212446,0.04361639910716497,0.07950721496606405,-0.00955552939710147,-0.00955552939710147,-0.010928961748633892,-0.2936507936507936,1.1600707682806664,0.33749025860068893,-0.22368252500368735,-2.938437074057247,0.33578183821503993,0.09273580763905298,0.005204460966542701,0.005208333333333481,0.04341551413108835,0.07734806629834257,0.05167785234899336,0.2647058823529411,-0.04814305364511695,0.35349940688018977,0.0
1995-06-30,0.04133255300618055,0.03796191197456089,0.06231928054300773,0.07950721496606405,0.10771363054831196,0.10771363054831196,-0.26519337016574585,-0.2936507936507936,-0.10110841722658437,-0.13039806856883107,-0.22637258607938204,-2.3996249853509903,-0.35183039396677007,0.08514386376981808,0.0,0.005208333333333481,0.061721991701244594,0.03589743589743599,0.05167785234899336,0.2209302325581397,0.020231213872832443,0.35349940688018977,0.0
1995-09-30,-0.0018838507847931396,-0.007526089699460892,0.032441109748666985,0.07950721496606405,-0.004889670787412093,-0.004889670787412093,0.0,-0.2936507936507936,-0.877835384411215,-0.8153855321146974,-0.6472887122870468,-1.6345139412207987,0.34441801627100155,0.06749829118250172,0.0,0.005208333333333481,0.03267654562231992,0.004950495049504955,0.0306317804722398,0.2047619047619047,0.03399433427762033,0.35349940688018977,0.0
1995-12-31,0.029539307471697196,0.02379053714553181,0.06315850499871689,0.07950721496606405,0.06829071836064227,0.06829071836064227,0.07518796992481191,-0.2936507936507936,2.5811859736854883,1.895652065500919,1.1918615156662211,-1.0162751825459664,-0.0041694369006434195,0.12256549810575734,-0.010355029585798703,0.0,0.0628646517739817,0.08866995073891637,0.08049535603715174,0.16996047430830052,0.03287671232876721,0.35349940688018977,0.0
1996-03-31,0.018381558150980082,0.01957428496067859,0.011664695631401045,0.07950721496606405,-0.0037669423352073572,-0.0037669423352073572,-0.006993006993006978,-0.2936507936507936,0.7899841296336936,0.8023170592856028,0.7819722675636016,90.16486486486487,-0.38169761573366834,0.08237475045156395,-0.001494768310911887,0.015544041450777035,0.013649176598585555,0.018099547511312153,0.03954154727793702,0.1351351351351351,-0.006631299734747964,0.35349940688018977,0.0
1996-06-30,0.04475503637083467,0.04981688836482712,0.016026255328752237,0.07950721496606405,1.079184408046268,1.079184408046268,1.0774647887323945,-0.2936507936507936,-0.5940811809236002,0.06334409488926518,0.9688497732510226,-2.283537398831935,0.7923682284040996,-0.02795221992885688,0.25374251497006006,0.26530612244897966,0.024149875591549907,-0.039999999999999925,-0.06560088202866599,0.23809523809523814,-0.02736982643524699,0.35349940688018977,0.0
1996-09-30,0.013548765141496721,0.010361250021334811,0.03224131874034675,0.07950721496606405,-0.9568503839964001,-0.9568503839964001,-0.9559322033898305,-0.2936507936507936,1.9446105584774522,-0.44865974533126884,-1.0827914326854753,0.20265619586557349,0.5316689641088477,0.022747294946802388,-0.19343283582089554,-0.189516129032258,0.03244092987804881,0.0,-0.2100294985250737,0.024038461538461453,0.01853122855181888,0.35349940688018977,0.0
1996-12-31,0.026144049216310083,0.02271987401886011,0.04579881173204581,0.07950721496606405,11.790547833740181,11.790547833740181,11.615384615384615,-0.2936507936507936,0.6157602692717283,1.0253763968586131,-2.144143223667779,-2.752751157118439,-0.608410442388203,0.13415496068557298,0.007401924500370027,0.004975124378109319,0.04567895538227296,0.0972222222222221,0.3644510828976848,0.11032863849765273,0.018867924528301883,0.35349940688018977,0.0
1997-03-31,0.018314314148468736,0.01906223048263045,0.014116014882047168,0.07950721496606405,0.013893180513973702,0.013893180513973702,0.012195121951219523,-0.2936507936507936,-0.8549102809712519,-0.6713636265075296,1.9658308775620226,-1.2029058555399719,0.31525366019748047,0.08734177215189876,0.010286554004408588,0.014851485148514865,0.013987556810660662,0.03797468354430378,0.04980842911877392,0.10147991543340362,-0.003968253968253843,0.35349940688018977,0.0
1997-06-30,0.03364793064960203,0.034456408344223366,0.0290875459287967,0.07950721496606405,0.05834032281816026,0.05834032281816026,-0.28915662650602414,-0.2936507936507936,2.847026070033652,1.0551286882491624,-0.15954438194478515,-0.4846635705799762,0.12352118874420781,0.12234261663830925,-0.2130909090909091,-0.20975609756097569,0.03363794604003467,0.10975609756097571,0.08029197080291972,0.09404990403071012,-0.004648074369189903,0.35349940688018977,0.0
1997-09-30,0.015212991682883592,0.01154228570726823,0.036026385906909875,0.07950721496606405,0.016724844070441947,0.016724844070441947,0.008474576271186418,-0.2936507936507936,-1.0564340618226402,-1.2174147751438025,-1.5864088104557819,8.056062034999476,0.9956336908560961,0.1399323397057417,0.2809611829944547,0.2901234567901234,0.035658653643750204,0.10256410256410242,0.3986486486486487,0.08771929824561409,0.020680453635757212,0.35349940688018977,0.0
1997-12-31,0.03378432355895211,0.03888816211232071,0.005528793058545478,0.07950721496606405,0.052681246861307374,0.052681246861307374,0.0672268907563025,-0.2936507936507936,-3.290297479632411,-2.554224350796642,-2.4488230489176304,-1.9986577491842354,-0.49823637738637483,0.04479596836284738,0.013708513708513781,0.014354066985646119,0.008495934959349638,0.006644518272425293,-0.20738440303657701,0.09193548387096762,-0.027450980392156876,0.35349940688018977,0.0
1998-03-31,0.033013010429113976,0.031869076609541525,0.0395560827989625,0.07950721496606405,0.0021987662038895905,0.0021987662038895905,0.0,-0.2936507936507936,2.1245460074133717,0.08792174286100485,-0.6107014960104825,-1.6745880935276807,0.6698459449819942,0.09511623233067601,0.004270462633451988,0.0,0.03921963803458417,0.08580858085808596,0.053983456682629605,0.07828655834564269,0.006720430107526987,0.35349940688018977,0.0
1998-06-30,0.03966947191831793,0.041357810421292385,0.03008392223710632,0.07950721496606405,0.06257980535389596,0.06257980535389596,-0.2992125984251969,-0.2936507936507936,-0.9116507567495272,1.2720812456953015,8.869165439745817,-0.6957111695092836,0.12206313990822526,0.16880368023099313,0.005669737774627981,0.004716981132075526,0.029555503839888253,0.12765957446808507,0.13258983890954146,0.07397260273972606,-0.009345794392523255,0.35349940688018977,0.0
1998-09-30,0.04440350355658751,0.05146455551338369,0.0038755873208089486,0.07950721496606405,-0.011614514055568348,-0.011614514055568348,0.0,-0.011235955056179803,4.80203320574516,0.2329882723651655,0.09235117437381035,1.6588959132987129,0.2892468100261585,-0.005192031905873362,0.005637773079633535,-0.014084507042253391,0.003918022905364804,-0.035040431266846306,-0.03574033552151712,0.08163265306122458,-0.03908355795148244,0.35349940688018977,0.0
1998-12-31,0.056954210157531326,0.058182402865533556,0.04957064474692774,0.07950721496606405,0.08089295112075345,0.08089295112075345,0.0786516853932584,0.09090909090909083,10.801915909558547,1.4495880554727112,-0.19941516811869897,0.9734210805646959,0.4431388985468592,-0.06033566580733418,0.002803083391730965,-0.009523809523809601,-0.11006454518162723,-0.06424581005586594,-0.08396369137670201,0.07547169811320731,-0.007012622720897643,0.35349940688018977,0.0
1999-03-31,0.2709492896017449,0.289697783264516,0.15731357378954636,0.07950721496606405,0.19139058831244848,0.19139058831244848,0.01041666666666674,0.0,-0.8294291664622153,0.0907756511690545,2.396879964822677,-1.6131801458723294,-0.18811881188118806,0.3146549310757998,0.020265548567435232,-0.019230769230769162,0.15682057769344282,0.4776119402985075,0.27291494632535085,0.06578947368421062,-0.08898305084745761,0.35349940688018977,0.0
1999-06-30,0.03217306836119316,0.03273112523697996,0.02840374113363886,0.07950721496606405,0.0650542118432027,0.0650542118432027,0.061855670103092786,0.0625,0.24236037934668064,-0.42506615347606447,-0.5176518883415435,0.33333333333333326,-0.3089430894308943,0.11047700170357766,0.021232876712328874,-0.014705882352941235,0.028650579572792934,-0.04040404040404044,0.07427830035679528,0.06584362139917688,-0.003875968992248069,0.35349940688018977,0.0
1999-09-30,0.018692724855795095,0.019522883933552837,0.013061922055726871,0.07950721496606405,-0.007830853563038365,-0.007830853563038365,-0.2038834951456311,-0.23529411764705876,3.939779474130619,-0.15397489539748954,-1.4757446808510637,-2.355263157894737,0.6058823529411765,-0.05783539157781703,0.01609657947686105,-0.00995024875621886,0.01300496102055293,-0.08421052631578951,-0.08997584541062797,0.06370656370656369,-0.005447470817120714,0.35349940688018977,0.0
1999-12-31,0.03253447067971327,0.03286096976490671,0.030305768941105482,0.07950721496606405,0.03551696921862657,0.03551696921862657,0.03658536585365857,0.11538461538461542,-0.5932348901098901,-0.10484668644906037,-1.6618962432915922,-2.3689320388349513,-0.5164835164835164,0.05129040136774399,0.011221122112211157,-0.015075376884422176,0.029314023856997995,0.03908045977011487,0.02587923025879224,0.060798548094373794,-0.0023474178403755097,0.35349940688018977,0.0
2000-03-31,0.04108664693294761,0.04332220973606726,0.025788719628081047,0.07950721496606405,0.02591463414634143,0.02591463414634143,0.0235294117647058,-0.011494252873563204,0.05487547488391731,0.07734806629834257,0.33333333333333326,-1.5602836879432624,0.5984848484848484,0.009292960582358845,0.004569190600522299,0.0,0.031367884451996675,-0.019911504424778736,-0.022639068564036302,0.057313943541488444,-0.014901960784313828,0.35349940688018977,0.0
2000-06-30,0.007000669629268819,0.004046261712862931,0.0275632072513754,0.07950721496606405,0.04531946508172369,0.04531946508172369,-0.29885057471264365,-0.3023255813953488,-0.5142056822729091,0.015897435897435974,0.9263513513513513,0.30379746835443044,0.48815165876777256,0.1503107496355407,0.0006497725795970855,0.0,0.026756293660208375,0.1151241534988714,0.11879549966909342,0.04854368932038855,0.02070063694267521,0.35349940688018977,0.0
2000-09-30,0.050466904208183117,0.050684439803559966,0.048987517337031994,0.07950721496606405,-0.014925373134328401,-0.014925373134328401,-0.016393442622950838,-0.033333333333333326,0.3426688632619439,0.23195355880868251,0.12837600841809893,-1.3300970873786409,-0.10828025477707004,0.16382070437566698,-0.01103896103896107,-0.010204081632652962,0.04823491655969181,0.13360323886639658,0.13516711032238993,0.061728395061728225,-0.0015600624024961762,0.35349940688018977,0.0
2000-12-31,0.03781575188046271,0.03113863115804194,0.08329807488893581,0.07950721496606405,0.08008658008657998,0.08008658008657998,0.06666666666666665,0.13793103448275867,-0.6361963190184049,-0.21450522433927477,0.0,-0.2941176470588235,-0.08571428571428574,0.11084364970197158,-0.012475377544320376,0.0,0.07513088203777984,0.05892857142857144,0.08207399687337147,0.058139534883721034,0.043749999999999956,0.35349940688018977,0.0
2001-03-31,0.046392912710346845,0.04615019709274093,0.04796660645413264,0.07950721496606405,0.023380093520374068,0.023380093520374068,0.03125,-0.015151515151515138,4.055649241146711,0.8964527908189881,0.3273235934100094,-0.875,-0.01171875,-0.11257868125064496,-0.018617021276595702,-0.005154639175257714,0.04892217444542535,-0.17369308600337263,-0.14182518661208765,0.050824175824175866,0.0014970059880239361,0.35349940688018977,0.0
2001-06-30,0.038625311720698274,0.04134682170375248,0.021010458642938712,0.07950721496606405,0.062010443864229714,0.062010443864229714,0.045454545454545414,0.06153846153846132,-1.5063375583722483,-0.03342043735387157,1.0002341920374707,0.6666666666666667,-0.01976284584980237,-0.05412790697674408,-0.01084010840108418,-0.005181347150259197,0.020876883398941226,-0.09795918367346945,-0.08333333333333326,0.05228758169934644,-0.01644245142002998,0.35349940688018977,0.0
2001-09-30,0.4066256291436443,0.4346415167370523,0.22168229416193275,0.07950721496606405,-0.7922556853103873,-0.7922556853103873,-0.9855072463768116,-1.0,-5.144268774703558,1.1254980079681274,0.009015337782461108,4.8,0.9556451612903225,-0.05273833671399608,-0.24520547945205473,-0.27083333333333326,0.090203169875545,-0.07239819004524894,-0.08570554025099486,0.04968944099378869,-0.1314589665653495,0.35349940688018977,0.0
2001-12-31,0.05186323145036531,0.056621499548328735,0.014976657329598408,0.07950721496606405,4.520710059171598,4.520710059171598,82.0,inf,-1.0096963916706405,-0.9056767974293748,-0.8047110698537944,-8.344827586206897,0.43917525773195876,0.05606385049639884,0.0,-0.050000000000000044,0.01419650697629038,-0.03170731707317065,0.36223635754938055,0.047337278106508895,-0.034995625546806686,0.35349940688018977,0.0
2002-03-31,0.02956294550308125,0.0321181861705766,0.00894171327642046,0.07950721496606405,0.06109324758842449,0.06109324758842449,-0.0843373493975903,-0.09638554216867468,-75.24590163934427,7.115684882895671,3.3707664884135475,1.112676056338028,0.6446991404011462,-0.07981566820276498,0.020871143375680523,-0.03007518796992481,0.009548318822454327,-0.09319899244332497,-0.1518800688129761,0.047457627118643986,-0.020852221214868405,0.35349940688018977,0.0
2002-06-30,0.03317466447052153,0.0321811812209809,0.041376417812465816,0.07950721496606405,-0.09040404040404038,-0.09040404040404038,-0.0921052631578948,-0.09333333333333327,-0.5767277544711857,-0.05168342807170967,0.15674279499728105,-1.9288888888888889,-0.3641114982578397,-0.07785790598290587,-0.03200000000000003,-0.06976744186046513,0.04226325193567604,-0.08611111111111114,-0.11851637206606769,0.0431499460625675,0.008333333333333082,0.35349940688018977,0.0
2002-09-30,0.04367136160978191,0.040833577651421926,0.06689197471413322,0.07950721496606405,0.022765130483064944,0.022765130483064944,0.01449275362318847,0.0,1.6249347939488783,0.03375138325341198,-0.2547890468915266,-1.3899521531100478,0.22328767123287663,-0.1382331643736423,0.21028466483011932,0.20833333333333326,0.06775012000274283,-0.17325227963525835,-0.13445101906640378,0.05170630816959676,0.02203856749311295,0.35349940688018977,0.0
2002-12-31,0.025459761189120966,0.02797264622672535,0.00539990480410979,0.07950721496606405,-1.0564603691639523,-1.0564603691639523,-1.0571428571428572,-1.0588235294117647,0.4328298887122417,0.16940231935771632,-0.02680965147453085,0.6687116564417177,0.30459126539753645,0.011175531467944033,-0.2845220030349014,-0.2896551724137931,0.00492368291482026,-0.05147058823529416,-0.2225598176984428,0.04916420845624381,-0.01976639712488759,0.35349940688018977,0.0
2003-03-31,0.0544875621181371,0.05559700223812092,0.04543228418440637,0.07950721496606405,-19.78846153846154,-19.78846153846154,-19.75,-19.5,0.23300970873786397,0.22335799832176373,0.07632474477394258,-2.8566176470588234,-0.4334763948497854,-0.1027920890809374,-0.04241781548250256,-0.03883495145631066,0.04599194768123027,-0.10852713178294582,0.2740595994137762,0.0440487347703844,-0.008249312557286892,0.35349940688018977,0.0
2003-06-30,0.0486694186806893,0.04302063398829037,0.09522322334827216,0.050932530247794094,0.16479017400204699,0.16479017400204699,0.15999999999999992,0.17567567567567566,-0.5251968503937008,-0.38005861445407496,-0.1123155676001204,-1.3465346534653464,0.26515151515151514,0.02621098453274051,0.03100775193798455,0.04040404040404044,0.09502667915767171,-0.017391304347826098,0.031058282208588972,0.044883303411131115,0.0443622920517559,0.35349940688018977,0.0
2003-09-30,0.04357634077330119,0.052363867568917755,-0.025393159102898633,0.020863707204263227,0.026801405975395376,0.026801405975395376,0.034482758620689724,0.0,0.7697228144989339,0.41892979279822984,0.1450135685210312,-0.34857142857142853,0.13652694610778449,0.0851985559566788,0.05263157894736836,0.03883495145631066,-0.025052075583990363,-0.008849557522123686,-0.0063220528077352345,0.05154639175257736,-0.0663716814159293,0.35349940688018977,0.0
2003-12-31,0.04738626678360114,0.04764543414465727,0.04238106384223772,0.09223874716832459,0.1583226358579375,0.1583226358579375,0.14444444444444438,0.2068965517241379,1.0848728246318609,0.4909619337917346,-0.27744037920308107,-6.0964912280701755,-0.028451001053740765,0.021872920825016573,0.38265306122448983,0.36448598130841137,0.041986989946777076,0.044642857142856984,-0.057634730538922097,0.0490196078431373,-0.004739336492891044,0.35349940688018977,0.0
2004-03-31,0.06004605319409273,0.05971319869303238,0.0630289250978906,0.05392488389918393,-0.055781307720724094,-0.055781307720724094,-0.04854368932038844,-0.07619047619047625,-0.4401566713753692,-0.062187990300955676,1.4194341943419433,-2.717728055077453,1.0824295010845986,0.15496052738666877,0.021402214022140154,0.013698630136986356,0.06332613232763351,0.11111111111111116,-0.2017474185861794,0.050623052959501535,0.0028571428571428914,0.009640666082384008,0.0
2004-06-30,0.01481619518327637,0.023492515638094957,-0.05880333755809042,0.005561497326203257,0.036776212832550836,0.036776212832550836,0.04081632653061229,0.04123711340206193,-0.40061933707994035,-0.20344740177439802,-0.08142687680054228,-0.8867735470941884,0.05885416666666665,0.029948558945810833,0.03323699421965309,0.0,-0.05778137428763275,-0.03076923076923077,-0.032835820895522394,0.05189028910303928,-0.07217473884140557,-0.00434027777777779,0.0
2004-09-30,0.06397965280404305,0.05936042537029995,0.10678917099172391,0.10516911295469056,0.06566037735849051,0.06566037735849051,0.05882352941176472,0.02970297029702973,0.24129353233830853,0.2182408350305498,0.16705101005442313,-0.6548672566371682,0.01918347270044274,-0.04802955665024622,0.010489510489510412,0.0,0.1071356783919597,0.007936507936507908,-0.08230452674897126,0.04933051444679348,0.03991811668372569,-0.014821272885788939,0.0
2004-12-31,0.031844877772339686,0.03434414992170076,0.00975881778893073,-0.04496285175347425,-0.35941926345609065,-0.35941926345609065,-0.36111111111111116,-0.3173076923076924,0.5853244951441343,1.2222976855963639,1.4659342396459056,-2.6153846153846154,-0.030405405405405372,-0.11297973264338079,-0.10865051903114187,-0.12162162162162171,0.013517528223410569,-0.19685039370078738,-0.15022421524663676,0.05372733378106109,-0.021653543307086576,-0.10884955752212389,0.0
2005-03-31,0.03661259821879925,0.03798561709643922,0.02428677218129094,0.09645693095247698,1.1000552791597569,1.1000552791597569,1.1159420289855073,1.0422535211267605,-1.0422014780241151,-0.5270470413992524,-0.3281515433186961,-6.587301587301587,0.17521154803384764,0.034192189272403306,0.10481366459627339,0.08461538461538454,0.024296904261729146,0.019607843137254832,0.1286279683377307,0.1115360101975782,-0.01106639839034207,0.08440913604766642,0.0
2005-06-30,0.0008308478139671394,-0.008432275325209626,0.08583717282619352,0.025770163958532377,0.18162674387996836,0.18162674387996836,0.18493150684931514,0.17931034482758612,-33.836405529953915,-0.24246943036087087,-0.9458041123992176,-2.7698863636363633,-0.2638712409995765,-0.14721090567220319,0.10470836261419536,0.13475177304964547,0.08575653031049768,-0.16826923076923084,-0.244301578024547,0.0688073394495412,0.0844354018311293,0.11721611721611724,0.0
2005-09-30,0.014714251167334602,0.015577389884664727,0.007549682326520868,-0.05253915349603988,-0.6134996658498553,-0.6134996658498553,-0.6127167630057804,-0.6374269005847953,-0.3500105255771525,-0.5860892388451444,-3.426056338028169,-1.593900481540931,0.2128883774453394,0.09995406522737715,-0.11259541984732824,-0.10624999999999996,0.007350680157556466,0.011560693641618602,-0.057231245166279976,0.05364806866952798,-0.0065666041275798115,-0.0877049180327869,0.0
2005-12-31,0.011824798997387864,0.01717021124201179,-0.03320938151027086,0.03502666717101022,-0.7383285302593661,-0.7383285302593661,-0.7462686567164178,-0.6451612903225806,-0.777825758393609,1.4817691819911225,-5.955732946298984,-1.5702702702702702,-0.10009487666034156,0.04259584064144328,-0.13118279569892477,-0.12587412587412583,-0.0337233810596701,0.03428571428571425,0.14027891714520102,0.07637474541751521,-0.04532577903682722,-0.13566936208445646,0.0
2006-03-31,0.030968981801563267,0.0317551804941405,0.024016126603102483,-0.0038007528414282232,6.037444933920705,6.037444933920705,6.1764705882352935,4.545454545454545,0.48979591836734704,0.27352283615458317,0.14745936447503305,2.075829383886256,-0.34211913547706907,0.0909236561723945,-0.07590759075907594,-0.07200000000000006,0.023828506957502826,0.1325966850828728,0.2244604316546761,0.07095553453169345,-0.0059347181008900796,-0.058212058212058104,0.0
2006-06-30,0.02372362746903267,0.027235190257059116,-0.007704491458309759,-0.018929527862357354,-0.0015649452269170805,-0.0015649452269170805,0.008196721311475308,-0.008196721311475419,0.27592954990215257,0.008727491598535364,0.05736345074017346,-2.37442218798151,0.7147435897435896,-0.08055514759876636,-0.1294642857142857,-0.14655172413793094,-0.00819876871537939,-0.10243902439024377,-0.024089306698002355,0.07287985865724367,-0.030845771144278666,-0.12251655629139069,-0.07692307692307698
2006-09-30,0.04538177134799648,0.03990437615654163,0.09628430377726338,0.09183711625472091,0.32413793103448274,0.32413793103448274,0.3170731707317074,0.3305785123966942,-1.2489775051124745,-0.4355327929988564,-0.23830788727294672,-1.8015695067264574,-0.3341121495327103,-0.007746985065090528,0.26564102564102554,0.2525252525252524,0.09588006103613278,0.0,0.143889223359422,0.06792918896665312,0.04825462012320325,0.25911949685534585,0.0
2006-12-31,0.04022116863364866,0.038269003467814144,0.05743910809742703,0.027192712079180836,-0.18584280303030298,-0.18584280303030298,-0.18518518518518523,-0.18012422360248448,-1.8470225872689938,0.3777307963354475,0.18245919822532097,-1.2307692307692308,0.11578947368421044,0.1196877012234383,0.21799027552674222,0.22580645161290325,0.05666932529436419,0.021739130434782483,-0.14052631578947372,0.057825751734772446,0.016650342801175277,0.23976023976023986,0.0
2007-03-31,0.020760373039388824,0.021703705560734088,0.013552720870993351,0.021738405627979906,0.20093050305321314,0.20093050305321314,0.19696969696969702,0.19696969696969702,9.464242424242425,0.07819693094629154,-0.44040201005025126,-0.32121212121212117,0.07044025157232703,-0.0013658256056356954,0.02594810379241519,0.03289473684210509,0.0164267894837844,-0.05319148936170204,-0.20636864666258403,0.060131195335277,-0.006743737957610851,0.03545527800161152,0.0
2007-06-30,0.034127634291475806,0.03663204668344133,0.012372034350589534,0.01647903410017948,0.035593220338983045,0.035593220338983045,0.03797468354430378,0.03797468354430378,-0.25425692111664544,0.2459230267449446,0.7377873563218391,-1.5982142857142856,-0.039365452408930635,0.0015836452634609977,0.028534370946822207,0.03821656050955413,0.02415385970874384,-0.016853932584269704,-0.06172839506172845,0.06875214850464073,-0.02133850630455858,0.033463035019455134,0.0
2007-09-30,0.03698641796905977,0.04142512233225304,-0.0025208473114156638,-0.04218298555377209,-0.2787000233808744,-0.2787000233808744,-0.2682926829268293,-0.27439024390243905,0.8616029822926374,0.3353641123274631,0.14771944329612796,-10.164179104477611,0.37553516819571864,-0.050740261607014614,-0.0882723833543505,-0.10429447852760731,0.008553731196539127,-0.07428571428571418,-0.11677631578947367,0.0643293663557416,-0.037661050545094166,-0.07530120481927705,0.0
2007-12-31,-0.01081983574370049,-0.003444435490702946,-0.07942959823959561,-0.38218930151494834,-2.715397082658023,-2.715397082658023,-2.7249999999999996,-2.7394957983193278,-0.3229036295369212,-0.9259338465925292,-1.3628286709088726,-0.9429967426710097,0.015562472209871059,-0.08055723803755288,-0.5788381742738589,-0.589041095890411,-0.07435659972704234,-0.0864197530864198,-0.013035381750465591,0.04835297673012984,-0.07003089598352219,-0.5415309446254072,-0.08333333333333326
2008-03-31,-0.008881617719859847,0.006924084909455175,-0.16803582426070707,-0.238810828405577,0.4748677248677249,0.4748677248677249,0.49275362318840576,0.49275362318840576,0.02193468884781269,-2.6982675649663137,0.9316677696889477,4.857142857142857,0.08975481611208402,-0.1837944664031621,-1.9819376026272577,-1.9,-0.15792106579605591,-0.1216216216216216,0.9981132075471699,0.057653502450273786,-0.16057585825027687,0.0,-0.18181818181818188
2008-06-30,-0.0011511902927068274,0.00041697424952347184,-0.02026272536792839,0.4206400114033213,-0.31364509929532347,-0.31364509929532347,-0.33333333333333326,-0.33333333333333326,0.0003617508742312925,-8.223576083876452,-2.4517344753747325,-2.2682926829268295,-0.10445962233828843,-0.23829701372074252,1.8745819397993313,1.6851851851851851,-0.0919707344526779,-0.09230769230769242,0.0,0.059961842463886805,-0.018469656992084582,0.0,-0.11111111111111105
2008-09-30,-0.026325966114093435,-0.021337095857929755,-0.08843868456100812,-0.9549490794160438,3.5674817995146535,3.5674817995146535,3.393203883495146,3.393203883495146,-2.7366200578592093,-1.568923583869449,-0.039176352587173335,-63.85,7.331090174966352,-0.5741721854304636,2.075043630017452,1.8275862068965516,-0.08880395296386212,-0.5338983050847457,0.0,0.05142710208279766,-0.06451612903225801,0.0,-0.375
2008-12-31,-0.1582989072005807,-0.15063488808618708,-0.25950380714225507,0.0,1.5199852869053458,1.5199852869053458,1.5381215469613259,1.5381215469613259,-0.9009509266328868,2.7884575605047233,-4.897942892232115,-1.6075515574322257,-0.5346257404415724,-0.833592534992224,0.0,1.4317073170731707,-0.25972602739726025,-0.8181818181818181,0.0,0.0,-0.11925287356321834,0.0,0.0
2009-03-31,-0.04725610110434697,-0.05221193797758594,-0.1318725099601593,21.78173719376392,-0.9294020337663601,-0.9129891824388978,-0.9138006094906399,-0.9138006094906399,-3.8016818500350387,-0.9898442050087362,-0.8582501023976811,-0.5353545527800161,-0.5337884748900718,-0.6093457943925233,0.0,0.02507522567703102,-0.1319073993721126,-0.5,0.0,0.0,-0.08972267536704726,0.0,0.0
2009-06-30,0.012996518484723607,0.002182784349788802,0.2665923643436263,0.4432007038811223,-1.4185619113255226,-1.057968313140727,-2.1616161616161618,-2.1616161616161618,0.010005002501250582,11.501792114695341,0.0494554345410092,-1.3843485800997182,0.44005956813104996,0.46411483253588526,0.0,-0.017612524461839474,0.26617858927993865,0.7999999999999998,0.0,0.0,0.2508960573476702,0.0,0.0
2009-09-30,0.016777214202106983,-0.0007273134890584121,0.25456364953932153,-0.11773073666384415,-0.7502744237102086,-0.7041800643086817,-0.7043478260869565,-0.7043478260869565,-0.024764735017335338,-0.7684919724770642,-0.3050937202160331,-1.4765933446136492,-0.14563943467769735,-0.02450980392156865,0.0,-0.24302788844621515,-0.9125952071335687,-0.2222222222222221,0.0,0.0,-0.9140401146131805,0.0,0.0
2009-12-31,0.003838482893228301,-0.023607935313291972,-0.03971834085157888,-0.2332911052247687,-20.501098901098903,-80.15217391304348,-80.1470588235294,-80.1470588235294,0.6785170137125445,-3.0873065015479875,-0.3913441024078025,-0.506508875739645,-0.11236635061529154,0.23886097152428798,-0.14850548618993564,-0.8276315789473684,-0.9920297555791711,12.999999999999998,0.0,0.0,-1.0,0.0,1.1999999999999997
2010-03-31,0.01900930290177394,0.01534700420813584,0.07414356095325392,-0.1823552974163829,-1.163529809534543,-1.0403735237572096,-1.040133779264214,-1.040133779264214,-0.5166414523449319,0.33966182141797696,-0.9334001001502253,4.436450839328537,-0.5152272727272726,-0.21038399134667385,-0.1408575872028438,-0.5343511450381679,123.66666666666667,98.31632653061224,0.0,0.0,inf,0.0,0.0
2010-06-30,-0.015243771832019748,-0.018622753072872644,0.006253249956667206,0.2236374770361298,-2.8304617505168848,-2.8299319727891157,-2.833333333333333,-2.833333333333333,1.0582159624413148,-0.6565544729849424,15.018796992481203,-1.3118659020732246,0.3314580403187999,0.34520547945205493,0.0,0.8524590163934425,0.09251336898395723,-0.9892119593136751,0.0,0.0,0.12068965517241392,0.0,-0.09090909090909083
2010-09-30,0.02520072754549796,0.020567541333504913,0.07118060156353523,-0.04459013111800625,-0.09826807228915657,3.451672862453532,3.44949494949495,3.44949494949495,-0.1873479318734793,-0.05867182462927145,-0.003754987092231876,-2.6577086280056577,-0.4126760563380282,-0.04862525458248479,0.0,0.2831858407079648,0.6042584434654918,-0.1333333333333333,0.0,0.0,0.5692307692307694,0.0,-0.10000000000000009
2010-12-31,-0.21620363202651482,-0.2515090807579887,0.05537962940055907,0.14703263317793724,-5.754070981210856,-2.762839248434238,-2.724744608399546,-2.7230419977298523,-0.6641092814371258,0.8479452054794521,-0.8848056537102473,-0.9061433447098977,-0.06594724220623505,0.31442333422531443,-1.4996121024049651,-1.6551724137931034,-0.886651411136537,-0.17582417582417587,0.0,0.0,0.9117647058823528,-0.6358792184724689,0.0
2011-03-31,-0.1056357296804562,-0.09823262018007262,-0.003434170583340168,-0.20376290072152703,-0.9763744949938521,-1.1286120322122217,-1.0115169463639355,-1.011528326745718,-3.9593314763231198,-15.683839881393626,69.52147239263803,-3.209090909090909,0.15596919127086006,-0.02157980456026054,-0.8628364389233955,-0.07368421052631569,5.368775235531629,7.626666666666667,-0.7927289896128423,0.15553925165077032,6.133333333333334,-0.5365853658536586,0.11111111111111116
2011-06-30,0.009081435164507878,-0.004295445698715428,0.09003128454825582,-0.04358797889424182,5.840148698884758,-4.388581952117864,-3.857142857142857,-3.857142857142857,-1.3478915662650603,-1.047176717065906,-1.0223575467594606,2.246913580246914,0.4380899500277624,-0.3524760715771952,1.358490566037736,0.8181818181818181,0.03191039729501255,-0.8979907264296754,-0.15945330296127558,0.0,0.08051761322789353,3.378947368421053,0.09999999999999987
2011-09-30,-0.1176090065142883,-0.12421202010191701,-0.07175149167574801,-0.237467018469657,-3.2331521739130435,-3.2331521739130435,-3.16,-3.16,0.28841991341991347,-0.07972177635098987,-3.243839169909209,-2.3282636248415716,-0.4046332046332046,-0.1674164524421594,-0.6736,-0.04375000000000007,-0.07229162400163835,-0.19696969696969702,-0.4742547425474255,0.0,0.05189620758483038,-0.5072115384615384,0.0
2011-12-31,0.0211591215179594,-0.014737293185759559,0.21992072624984016,0.3690625983013527,-5.818203942565101,-5.818203942565101,-5.814814814814815,-5.814814814814815,-0.5304493910121797,-1.1767441860465115,-0.1433526011560694,-0.9351145038167938,-0.04409857328145261,-0.10459282130451564,8.034313725490195,1.0,0.22141280353200887,-0.037735849056603765,-0.5876288659793814,0.0,0.19418089816571804,11.897560975609757,0.0
2012-03-31,-0.002465035185228448,0.019241398682505517,-0.014292384064944597,0.05939456602906534,-0.8379634306495606,-0.8379634306495606,-0.8365384615384616,-0.8365384615384616,-1.0992844364937389,32.50657894736842,5.904183535762483,1.3382352941176472,-0.10786974219810042,0.17155172413793096,0.16277807921866527,0.19281045751633985,0.04211097054039392,-0.03921568627450989,2.8249999999999997,0.0,-0.01165254237288138,0.2019667170953101,0.0
2012-06-30,0.001767667202378087,-0.000435615573701309,0.01216034644421038,-0.07157187008621158,-0.273067331670823,-0.273067331670823,-0.2176470588235293,-0.2176470588235293,-16.7027027027027,-0.9327508344786962,-0.7567435496481626,-0.4779874213836478,-0.06311787072243347,0.13980868285504044,-0.0074661689220718586,0.05205479452054784,0.05064169268123475,0.10204081632653073,-0.07516339869281041,0.0,0.01018220793140423,0.016991818753933075,0.09090909090909083
2012-09-30,-0.008390606122261612,-0.0035398072672776504,-0.02906149423640758,0.030660515096653684,-0.20411663807890223,-0.20411663807890223,-0.15037593984962416,-0.15037593984962416,-0.30751577739529545,11.097810218978102,2.6693451185214947,-5.530120481927711,0.30519480519480524,0.051969012265978165,0.2331922896097789,0.2786458333333335,0.13684384285242657,0.0,0.021201413427561766,0.0,-0.020689655172413834,0.19152227722772275,0.08333333333333348
2012-12-31,-0.0037950112851651285,0.003302465692290424,-0.03603958058741363,-0.29499093381686314,-3.132543103448276,-3.132543103448276,-3.36283185840708,-3.36283185840708,-0.3065451532725766,-1.307228188729335,-1.1412460308770394,-2.047872340425532,-0.28420398009950254,0.041730592206198125,-0.8715211589782692,-0.8737270875763747,-0.0361550747785685,-0.09259259259259267,-0.19377162629757783,0.0,-0.03250270855904647,-0.8639314463775642,-0.07692307692307698
2013-03-31,0.00045020988529675954,-0.0029379712207815434,0.01548947980653459,0.2769651181482078,-1.5573521980798382,-1.5573521980798382,-1.5580524344569289,-1.5580524344569289,-1.1780167264038233,-2.556952081696779,-3.882170542635659,-1.1928934010152283,0.06602953953084278,0.09602356406480106,-0.28486646884273004,-0.29032258064516125,0.015516721904188069,0.14285714285714302,9.716738197424892,0.0,0.015117581187009899,-0.26335877862595414,-0.08333333333333326
2013-06-30,-0.020846086576300826,-0.02031188309848786,-0.02066921221864948,0.08981621349446134,0.2379873073436083,0.2379873073436083,0.24161073825503365,0.2348993288590604,-13.234899328859061,-0.46846619576185666,-0.1024744486282948,6.0394736842105265,0.43602281988590064,0.12738511152915888,0.18672199170124482,0.18181818181818166,-0.0206200860406468,0.10714285714285698,0.31237484981978403,0.0,0.0,0.160621761658031,0.09090909090909083
2013-09-30,0.006151407232090067,0.004612901095848665,0.013646204200568501,-0.14374819520646842,-0.20541926034419622,-0.20541926034419622,-0.20540540540540542,-0.2065217391304348,0.24739440482720787,-0.7878500237304225,-0.2756967335930477,-0.44672897196261685,0.16799091940976174,0.1296781883194278,0.11888111888111896,0.11538461538461542,0.016358679188124725,0.16129032258064502,-0.1922490082392433,0.0010582010582009804,0.007722007722007707,0.1629464285714286,-0.08333333333333326
2013-12-31,0.0010818427943721787,-0.002291327179310465,0.016974886884698392,0.3927559692432214,-0.08847926267281103,-0.08847926267281103,-0.08163265306122436,-0.08219178082191769,-0.15699208443271773,0.29977628635346765,-0.05419942076954898,-0.3817567567567568,0.08892128279883371,0.05085461067735797,1.865625,1.896551724137931,0.02265275707898673,0.0277777777777779,-0.11258027956176808,0.0010570824524314126,0.015873015873015817,1.5393474088291748,0.18181818181818188
2014-03-31,0.010681119984334853,0.005617671244701583,0.03347267841146606,-0.21972008329701198,-0.18655207280080888,-0.18655207280080888,-0.18518518518518512,-0.18656716417910446,-0.6019822639540949,5.51118760757315,0.8762029746281714,0.360655737704918,0.11111111111111116,-0.005020080321285092,-0.07524536532170123,-0.06547619047619047,0.04590498396968812,-0.027027027027027084,-0.6560238399318858,0.0012671594508975037,0.022629310344827624,-0.06878306878306872,0.0
2014-06-30,-0.032903743481670134,-0.05006426604561642,0.04168231679716472,-0.00043445878848058506,0.9098819142324426,0.9098819142324426,0.9363636363636361,0.926605504587156,0.15072083879423337,-1.0319851969336504,-0.6472371182093728,-3.6626506024096384,-0.26626506024096386,0.06074672048435925,0.01297169811320753,0.04458598726114671,0.05615159537411185,0.01388888888888884,0.1349009900990099,0.0013710187724109701,0.07692307692307687,0.058441558441558294,0.0
2014-09-30,-0.0036268519341005057,-0.005519251987976981,0.00388310019323046,0.03408879230052775,-0.28669053042629355,-0.28669053042629355,-0.27699530516431925,-0.2761904761904762,2.093394077448747,-10.958677685950413,1.5109054857898214,-1.1598793363499245,0.05801860974274775,0.030441400304414,-0.020954598370197974,0.0060975609756097615,0.02321899736147759,-0.0273972602739726,-0.014176663031624903,0.001263823064770797,0.007827788649706457,-0.023773006134969243,0.0
2014-12-31,-0.022020523909785816,-0.02366770522731565,-0.01549994934657073,-0.06719106520955931,-0.7011861313868613,-0.7011861313868613,-0.6883116883116883,-0.6973684210526316,-0.7606774668630338,6.814937759336099,1.6814951302974466,-2.650943396226415,-0.09053285049146409,-0.02234121122599697,-0.16171224732461353,-0.1393939393939394,0.0042547705002577985,-0.042253521126760396,-0.03207964601769897,0.001367413484800739,0.006310679611650549,-0.0816967792615867,-0.07692307692307698
2015-03-31,0.009930544376150374,0.009857730297397227,0.010112443637860347,0.028323141293852494,2.76793893129771,2.76793893129771,2.7708333333333335,2.869565217391304,-0.4030769230769231,-0.9666560475735372,-0.9407087464415431,-1.3714285714285714,0.03697383390216147,-0.005854579792256898,0.10212765957446823,0.12676056338028174,0.03967133136474521,0.0,0.16342857142857148,0.00136554621848739,0.00048239266763139277,0.11633875106928993,0.0
2015-06-30,-0.020576107977514968,-0.016949851334112642,-0.03446040433788056,-0.017276995305164355,-0.27066450567260936,-0.27066450567260936,-0.2541436464088398,-0.2584269662921348,-0.7293814432989691,14.834394904458598,7.215231788079469,0.7538461538461538,0.06253428414701045,0.12196048632218859,-0.14414414414414412,-0.14375000000000004,-0.004939491232403115,0.07352941176470584,-0.00982318271119842,0.0012587852722123483,-0.014464802314368419,-0.14636015325670504,0.0
2015-09-30,-0.01569059603480094,-0.0073492950449617345,-0.050442172303324484,-0.18326008025988916,-1.1283333333333334,-1.1283333333333334,-1.1333333333333333,-1.1363636363636362,15.580952380952382,-0.7196299275945294,-0.2950423216444982,-4.228070175438596,-0.18998451213216316,0.017609210971893052,-0.324812030075188,-0.3284671532846716,-0.006825515016133044,0.027397260273972712,0.17361111111111116,0.0029334730225250016,-0.03522504892367917,-0.2980251346499102,0.0
2015-12-31,-0.010044124824446943,0.010853302714443958,-0.09435448842917604,0.07869287162689131,6.96969696969697,6.96969696969697,7.333333333333334,7.333333333333334,-0.6306720275703619,0.2783357245337159,-0.32389937106918243,-1.1630434782608696,0.03824091778202687,0.00698835274542442,-0.512249443207127,-0.5326086956521738,-0.02536548794202176,0.01333333333333342,0.5139475908706679,0.002924892928026779,-0.08519269776876259,-0.5191815856777493,-0.08333333333333326
2016-03-31,0.011739776996557039,0.017119338730813505,-0.012714983604363295,-0.14836237437640087,-0.9005975013579577,-0.9005975013579577,-0.8933333333333333,-0.8933333333333333,-2.505443234836703,-0.7839506172839507,-1.1915433403805498,-3.1666666666666665,-0.07980356046654391,-0.0842696629213483,-1.2191780821917808,-1.2093023255813953,0.014102564102564052,-0.06578947368421062,1.1792294807370185,0.0033329861472761735,-0.023835920177383563,0.0,0.0
2016-06-30,0.015060354789499186,0.01478380259900991,0.016132312072120847,0.25002122421258166,-11.453551912568306,-11.453551912568306,-11.75,-11.5,-2.589876033057851,-2.685714285714286,-2.4194260485651213,-3.1923076923076925,0.19012675116744493,-0.033742331288343586,-0.22916666666666652,-0.2222222222222222,0.06207332490518347,-0.042253521126760396,0.0,0.003321914253088476,0.0005678591709254999,0.0,0.0
2016-09-30,0.008266891872032778,0.013317866092441344,-0.014264114023969987,-0.12700353164900846,-0.7584945112388918,-0.7584945112388918,-0.75,-0.75,-0.23196881091617938,-1.9075500770416025,0.7216174183514774,1.5052631578947366,0.40022421524663687,0.03697478991596648,-2.054054054054054,-2.0,0.027496726580168884,-0.02941176470588236,0.0,0.0033109156751163216,-0.022133938706015766,-0.824468085106383,0.0
2016-12-31,-0.03168483077066586,-0.009395796456536543,-0.13943809706416432,0.012136299984440546,-7.582251082251083,-7.582251082251083,-7.906976744186047,-8.071428571428573,-0.46700507614213194,6.502546689303905,4.000903342366757,-1.7324929971988796,-0.2522017614091273,0.11723392760669915,-3.5384615384615388,-3.4285714285714284,-0.0976598702502316,0.09090909090909083,2.61260568793236,0.003299989687532312,-0.11143354614045264,0.0,-0.09090909090909083
2017-03-31,0.003809225631392188,0.009703231562910863,-0.029239842726081267,-0.029054573405073003,-1.389674449194344,-1.389674449194344,-1.4074074074074074,-1.3973063973063973,-17.442857142857143,2.2783435166327224,-0.26878612716763006,-1.095602294455067,0.02676659528907921,0.03207607994842032,-1.6363636363636362,-1.5882352941176472,0.027217871357042123,0.13888888888888884,0.0,0.003289135574056967,-0.032658393207054215,0.48484848484848486,0.09999999999999987
2017-06-30,-0.0007997408839536257,-0.0001339616211706307,-0.00454981166209889,-0.010291323622545923,-0.04641350210970463,-0.04641350210970463,0.008264462809917328,0.008474576271186418,-1.1036779611931653,-0.9701801615241251,-0.7581521739130435,10.98,0.31230448383733056,-0.037794783695142886,-1.5396825396825395,-1.5,0.02012248468941391,-0.060975609756097504,0.40950354609929085,0.003278352627804626,-0.004051316677920469,0.0,-0.09090909090909083
2017-09-30,0.006625153573100784,0.010866448225123282,-0.017143167145879712,-0.060070388737801905,-2.538938053097345,-2.538938053097345,-2.5655737704918034,-2.6050420168067228,-0.9162011173184358,-1.3356481481481481,-0.898876404494382,-1.1402337228714523,-0.033373063170440975,0.009089433533517433,8.764705882352942,8.799999999999999,-0.012374418034795442,-0.012987012987012991,0.0,0.003267640151128237,-0.023050847457626977,0.0,0.0
2017-12-31,-0.00948570088237688,0.005887536884302547,-0.10069271954517856,0.07522764020083406,2.8297872340425534,2.8297872340425534,2.8481675392670156,2.8481675392670156,5.777777777777778,-0.2896551724137931,4.767676767676767,-0.15476190476190477,-0.029182079736950306,-0.008846710632137711,1.569277108433735,1.489795918367347,-0.10420543356903622,0.0,0.0,0.0032569974554705894,-0.09229701596113815,0.0,0.0
2018-03-31,0.0016897417424408534,0.007381071815771412,-0.0365039664881619,-0.07305104867431733,-1.1408408408408408,-1.1408408408408408,-1.1401360544217687,-1.1374149659863946,-2.537704918032787,18.145631067961165,-5.353765323992994,4.154929577464789,0.0038103302286198737,-0.0392729633235962,0.08323563892145369,0.040983606557376984,-0.0312976042099431,0.07894736842105265,0.0,0.0032464238612155416,-0.03822629969418967,0.0,0.0
2018-06-30,-0.004635946011463665,-0.001730207028220243,-0.025576506561345358,-0.00691598360655743,-0.0010660980810234255,-0.0010660980810234255,0.009708737864077666,0.00990099009900991,-1.6375266524520256,-1.2545638945233266,-1.4275945293644408,-1.0245901639344261,0.003795866722901664,-0.10168918918918923,0.07900432900432897,0.03149606299212615,-0.015439599714081487,-0.07317073170731703,0.0,0.0032359186975425835,-0.020667726550079424,0.0,0.0
2018-09-30,0.016164515356390297,0.02448325640412663,-0.04249338083875398,-0.012466683862092709,-2.343649946638207,-2.343649946638207,-2.355769230769231,-2.3823529411764706,-0.49498327759197325,0.10159362549800788,-0.9153339604891816,81.55555555555556,0.31218487394957983,0.011658518239939797,-0.02106318956870601,-0.07633587786259544,-0.038333091331494096,0.026315789473684292,0.0,0.003225481302288058,-0.05844155844155852,0.0,-0.10000000000000009
2018-12-31,-0.025504100146575337,-0.02469916958914742,-0.03797835660396687,0.09350513668814209,-0.5059571088165211,-0.5059571088165211,-0.5035460992907801,-0.5035460992907801,-0.6721854304635762,0.25497287522603984,4.988888888888889,-0.6837146702557201,0.07524815882164582,-0.1579925650557621,-0.9989754098360656,-1.0,-0.021289445870451673,-0.1282051282051282,0.0,0.003215111021802386,-0.012068965517241348,0.0,0.11111111111111116
2019-03-31,0.04255829457868554,0.03716339794099044,0.07852947960469114,-0.008280254777070062,-2.0514469453376205,-2.0514469453376205,-2.071428571428571,-2.071428571428571,-10.858585858585858,-3.851585014409222,-6.128014842300557,-1.7617021276595746,-0.053305539011316294,-0.07637969094922725,47.99999999999999,inf,0.06957729095958043,-0.044117647058823595,0.0,0.0,0.02617801047120416,0.0,0.0
