Quarter end,Assets,Liabilities,Shareholders equity,Revenue,Earnings,Earnings available for common stockholders,EPS basic,EPS diluted,Cash from operating activities,Cash from investing activities,Cash from financing activities,Cash change during period,Cash at end of period,Price,ROE,ROA,Book value of equity per share,P/B ratio,P/E ratio,Cumulative dividends per share,Equity to assets ratio,Net margin,Asset turnover
1996-03-31,0.07230111634130698,0.049379603863152655,0.06831340409064457,0.06013095185069717,0.11921708185053381,0.11921708185053381,0.08333333333333348,-0.5581395348837209,1.6688982680832485,-0.0778474954801659,-6.5053291536050155,-1.9455709711846318,2.26507713884993,-0.0276967930029155,-0.08248914616497827,0.10000000000000009,0.021208907741251393,0.007092198581560183,-0.040876997398736625,1.014511428879063,-0.0036264732547598433,-0.008654602675058909,-0.05882352941176472
1996-06-30,0.07230111634130698,0.049379603863152655,0.06831340409064457,0.06013095185069717,0.11921708185053381,0.11921708185053381,0.08333333333333348,-0.5581395348837209,1.6688982680832485,-0.0778474954801659,-6.5053291536050155,-1.9455709711846318,2.26507713884993,-0.0276967930029155,-0.08248914616497827,0.10000000000000009,0.021208907741251393,0.007092198581560183,-0.040876997398736625,1.014511428879063,-0.0036264732547598433,-0.008654602675058909,-0.05882352941176472
1996-09-30,-0.015281874112460847,-0.011630627735677801,-0.03235444431340173,0.014243099029452644,0.07980922098569154,0.07980922098569154,0.03846153846153855,-0.5581395348837209,-0.6915694186934235,-1.79414139084304,0.5664502903997266,-2.3690744920993225,-0.5210481099656357,0.025487256371814038,-0.08248914616497827,0.10000000000000009,-0.056074766355140304,0.007092198581560183,-0.040876997398736625,0.48275862068965525,-0.017288444040036377,-0.008654602675058909,-0.05882352941176472
1996-12-31,0.5696015703292012,0.7132336926500529,0.2936249985490256,0.24788732394366186,0.06978798586572443,0.06978798586572443,0.0,-0.5581395348837209,0.40399575671852905,-12.175718849840255,-6.893856779352962,-10.938169826875516,10.811659192825113,0.22587719298245612,-0.08248914616497827,0.10000000000000009,-0.07150715071507152,0.295774647887324,-0.040876997398736625,0.34883720930232553,-0.17592592592592593,-0.008654602675058909,-0.05882352941176472
1997-03-31,-0.022261272883867367,-0.12402696582842176,0.26003077765165616,0.26278050723675483,0.2617671345995045,0.2617671345995045,0.03703703703703698,-0.5581395348837209,2.2711245435083742,-0.9349888247829928,-1.278919452325151,-1.1359601824968892,-0.12444950645406228,0.13059033989266555,-0.08248914616497827,0.10000000000000009,0.2808056872037916,0.22282608695652173,-0.040876997398736625,0.267241379310345,0.28876404494382024,-0.008654602675058909,-0.05882352941176472
1997-06-30,0.5594765684630172,0.712971454051371,0.38323357557673754,0.09566246056782335,0.14834205933682365,0.14834205933682365,-0.07142857142857151,-0.5581395348837209,-1.0362257468432399,19.61383170097941,-6.0443127542897575,-7.0951799877974375,0.8663602462926026,-0.0042194092827004814,-0.08248914616497827,0.10000000000000009,0.05180388529139668,-0.2222222222222222,-0.040876997398736625,0.2108843537414966,-0.1130485324033711,-0.008654602675058909,-0.05882352941176472
1997-09-30,0.2634202484110959,0.04341729471944511,0.61509175575388,0.13639962571078956,0.32351823708206684,0.1648936170212767,-0.03846153846153855,-0.5581395348837209,-31.18065887353879,1.0040530975167505,0.7756483316091249,1.4278278278278278,1.12699224013754,0.1541313559322035,-0.14353312302839116,0.10000000000000009,-0.07563764291996478,0.0971428571428572,0.15381635025184037,0.1741573033707864,0.1254914809960681,-0.009523809523809601,-0.12499999999999989
1997-12-31,0.30612892093309574,0.0672301837412419,0.6660132031506505,0.39183768262815644,0.69628247452275,0.9272667971298107,0.15999999999999992,-0.5581395348837209,-0.3099647887323944,0.9491436036384748,0.8493931883041859,-1.3581677249113548,-0.1897760786455489,0.08811381367599824,-0.03867403314917128,0.10000000000000009,0.4110371075166508,0.17708333333333326,0.10879785090664873,0.15311004784689008,0.2617176128093157,0.15384615384615374,-0.07142857142857151
1998-03-31,0.057110416041818324,-0.002850328532064239,0.10500621831053292,0.08211094762070892,0.8312743272973431,0.519800304620071,0.517241379310345,-0.5581395348837209,-0.5070163800581722,-0.8832689171376868,-0.9032904836276747,-0.8687694255784506,-0.030737704918032738,0.04006748207507371,0.139846743295019,0.28282828282828265,0.014834794335805812,-0.2654867256637168,0.020896426408237412,0.15767634854771773,-0.049146285186894345,0.2631944444444445,0.0
1998-06-30,0.3757175842422622,0.639323342857901,0.2072016851028904,0.260625770999215,-0.3706681452730801,-0.5183453037136017,-0.5681818181818181,-0.5581395348837209,-1.3957147293240866,0.14075491759702285,0.9555819346289753,-12.72982456140351,0.37198175141871603,0.04947283049472828,-0.15126050420168058,-0.051181102362204745,0.08039867109634558,0.03614457831325302,-0.07861168792643136,0.1362007168458781,-0.08298956563940796,-0.10775151181968112,-0.07692307692307698
1998-09-30,0.02200121057726334,-0.04189921523710849,0.09117437395743244,0.1613290632506006,0.21747430249632882,0.030169922552305994,0.0,0.0,-12.767460109861366,0.5804936246364925,-0.5178079871257358,-1.4217020640143583,-0.11433495539334959,-0.057959814528593556,-0.0871287128712871,0.008298755186721962,-0.021525215252152563,-0.12790697674418605,-0.0012878300064391723,0.11987381703470024,-0.0420746229161153,-0.12014787430683915,0.08333333333333348
1998-12-31,0.36718601104630477,0.4300270844730003,0.25043065289015565,0.06705542150216393,-0.23833072005789413,-0.7287926391382405,-0.736842105263158,-0.736842105263158,1.1692711227687997,0.6850820909605586,1.1342877217635694,-5.898740911509133,0.6324031043245346,-0.06398687448728457,-0.2364425162689805,-0.16049382716049376,-0.2331866750471402,-0.046666666666666745,-0.012894906511927706,0.10704225352112684,-0.28149171270718243,-0.2955182072829132,-0.07692307692307698
1999-03-31,0.0054968213228498986,-0.0556566194147311,0.13142737905268898,0.01029262645931861,0.10498812351543951,-0.8609846917666528,-0.8,-0.8,-0.33986412403037225,-0.5646680852255228,-1.4796921937368832,-2.18534607587605,-0.4592104340509081,0.13716038562664323,-0.53125,-0.2450980392156863,0.37459016393442623,0.4895104895104896,0.4546048334421946,0.10941475826972025,0.37639369473279505,-0.5168986083499005,-0.08333333333333326
1999-06-30,0.02538430154433624,-0.003429919176110352,0.05612341837571355,0.032428543513403074,0.6564201777013472,26.154761904761905,14.0,13.000000000000002,-0.3898823383316259,-1.3320845727148485,0.34002459180463807,-1.39998167603225,0.33964368143979673,0.036223506743737977,-0.06666666666666665,0.0714285714285714,0.012522361359570633,-0.24882629107981213,1.0253704535249213,0.09633027522935778,0.03603351955307277,-0.039094650205761305,0.0
1999-09-30,0.024195751120847042,0.0454287690252162,0.010523329337893239,0.03579755155415221,-0.15702729592940257,-0.4683252959228409,-0.4666666666666667,-0.5,0.5011321714794554,-8.142490558729545,-2.98591609406342,-0.6529739635030923,0.08798250029037136,0.007065823726292164,-0.26623376623376627,-0.042424242424242364,-0.010600706713780883,-0.006249999999999978,0.13623766766433887,0.08786610878661083,-0.009436505796710737,-0.2226980728051392,0.0
1999-12-31,0.2613133124835818,0.440520601426855,-0.015026450051777052,0.5340454160368113,0.25206547955046954,1.012574726860441,0.7500000000000002,1.1428571428571428,0.5343208704789668,-0.3760617132476054,-0.4958630619788532,8.989218921892189,0.8078038538868031,-0.07127031019202368,0.31858407079646023,0.08227848101265822,-0.025595238095238115,-0.05660377358490576,0.3414634146341464,0.0807692307692307,-0.22373434948285242,0.24242424242424243,0.0
2000-03-31,0.05867385664361935,0.17144733976237259,0.004355611650554092,0.21453631914064197,0.06078117955653917,0.1642937621632694,0.2142857142857142,0.13333333333333353,-0.23165208554259453,0.18643257572465344,0.5971396295585822,-0.22279244950551746,0.3472894767922523,0.027037773359841033,0.44966442953020147,0.05263157894736836,-0.013439218081857218,0.053333333333333455,-0.2505454545454545,0.08540925266903909,-0.06697054698457228,0.2062084257206207,0.18181818181818188
2000-06-30,0.053012797687932434,0.10500537325754622,-0.013406615261954635,0.15042796005706127,-0.5432346804729156,-1.2443916600686196,-1.2352941176470589,-1.2352941176470589,0.1696019092255272,-0.19281345005677453,-1.5256295624090854,-2.308762682083546,-0.3373584629994887,0.0882694541231126,-0.33333333333333337,-0.1944444444444443,-0.024767801857585092,0.10126582278481,-0.24027171276079562,0.077049180327869,-0.06839534009770765,-0.45772058823529416,0.0769230769230771
2000-09-30,0.1292636432877159,0.11012271757889258,0.12764788390051796,0.050433225866451714,1.5576044662493658,-6.222462203023758,-6.25,-6.0,0.6013226147454336,3.1484094931251985,-7.37862746591515,-1.3428899330893658,0.1745692268683372,0.12166488794023489,0.4097222222222221,0.013793103448275668,0.02031746031746029,0.14942528735632177,0.6985566483586663,0.0730593607305936,-0.04719645018152485,0.18644067796610186,0.0714285714285714
2000-12-31,0.0758846431581559,0.14257969723824537,-0.010588393029822063,0.09760254390786449,0.033139304140759274,-0.11097325613454645,-0.1428571428571429,-0.10000000000000009,-0.08516664875569957,-1.0438778802977515,-1.3369474794515095,2.1936217240290494,0.47464897131701456,-0.004440215667618208,0.08866995073891637,-0.006802721088435382,-0.019290603609209755,-0.025000000000000022,-0.2741013686268611,0.06666666666666665,-0.08509737510584259,-0.02285714285714291,0.0
2001-03-31,0.056851969265990565,0.05561754606444902,0.08498367282165376,0.083004802764026,-0.5512516806453678,-1.3626143588153203,-1.3888888888888888,-1.3888888888888888,-0.28550331853766187,2.549703957619196,1.191109588555633,-1.8577247829783867,-0.2760780320147662,-0.027715833067856077,-0.4570135746606335,-0.18493150684931503,0.0038071065989848663,-0.00512820512820511,-0.08484408992023207,0.07047872340425543,-0.025913928736695957,-0.4912280701754387,0.06666666666666665
2001-06-30,-0.006875100075243057,-0.005218053925435617,-0.012662028687777216,0.004766722319804906,1.171137109430732,-2.716271113961941,-2.571428571428571,-2.571428571428571,0.8304698601341116,-0.8664208585725572,-0.2353841840805676,-1.4992161563998525,0.19038324585234623,0.004587155963302836,0.5166666666666666,0.1428571428571428,-0.02970922882427307,0.0,0.8975549015168665,0.06583850931677016,-0.013301662707838502,0.4540229885057472,0.0
2001-09-30,-0.003327897169895344,-0.030888067449293066,0.026958579254588555,9.574698088155031e-05,-0.14207327090520783,-0.7794942070512022,-0.8181818181818181,-0.8181818181818181,-0.07669211522422537,-7.749868559411146,0.11948612364620947,-4.057495151011361,-0.48899869269460017,0.02544031311154593,-0.4065934065934066,-0.06617647058823528,-0.03322475570032568,0.05670103092783507,-0.3408101175207302,0.061771561771561734,-0.02696196437168996,-0.43873517786561256,0.0
2001-12-31,0.03324123486846631,0.06552428408436972,-0.012988098330932174,0.012841220379183449,0.4089081230132894,5.723728813559322,7.0,7.0,-0.23901442508129744,1.8278776312971003,-1.2929772627070606,-1.1633362031205159,0.15630329835515866,-0.05216284987277353,-0.04629629629629628,0.03937007874015741,-0.03638814016172498,-0.019512195121951237,0.6587330316742082,0.05708013172338111,-0.05343889163780313,-0.07746478873239437,0.0
2002-03-31,0.16248953443998326,0.21662244109544138,0.06668445988978022,0.010748294756356636,0.904398173317386,2.7459037055709605,2.6874999999999996,2.6249999999999996,0.09428587081575635,1.002410136344856,3.2625763178261247,1.5274643980025893,0.34165,0.040604026845637575,2.8640776699029127,0.4469696969696968,0.022377622377622197,0.07960199004975133,0.13519559168530737,0.058151609553478645,-0.04652378463146889,2.8702290076335877,-0.0625
2002-06-30,-0.023289533565391762,-0.08834088527558892,0.126254386924592,0.08390148544122789,-0.34293952240254644,-0.5034096007178106,-0.559322033898305,-0.5517241379310345,0.22699509362170822,-1.128367550465972,-2.1648745700481142,-2.7047051075662227,-0.4341016658592032,0.06643018381167365,0.11306532663316582,0.05759162303664933,0.15184678522571815,0.041474654377880116,-0.7303311385591387,0.05495583905789991,0.3207236842105263,0.18145956607495073,0.0
2002-09-30,0.07005760493264335,0.12566385100606303,-0.010081949354606268,0.021578308692554282,0.00677774639932216,0.09553708555425056,0.0,0.0,-0.06594445351177847,-15.90695992284612,-2.9302676982625373,-1.5738201017320197,0.4401784685292811,-0.0979739945570004,0.17381489841986464,0.04950495049504955,-0.018408551068883505,-0.2168141592920353,-0.23061842808768485,0.051162790697674376,-0.06185139061851386,0.23873121869782965,0.0
2002-12-31,0.020278888993279898,0.04746923223941546,-0.020761465254440892,-0.05229274565521225,-0.857395619807962,-1.638395250072156,-1.7307692307692308,-1.7307692307692308,-0.3225677279379109,-1.042289741880179,-1.2343932243535682,-0.5482495511669658,0.13807373535295797,-0.1669460274891048,-0.3211538461538461,-0.19339622641509435,-0.030852994555353952,-0.15254237288135597,-0.32568913597405613,0.04955752212389375,-0.04867256637168149,-0.27628032345013487,-0.06666666666666654
2003-03-31,0.005232440413271755,0.019805327431668962,-0.02177571065443462,0.08900260165873708,2.302012407323347,-0.9794613447006394,-1.0,-1.0,0.25370246974614696,0.07704402515723263,0.2883540669856459,-0.39029640668984933,0.0739706488001366,0.006438631790744553,-0.6118980169971671,-0.29824561403508776,-0.031210986267166008,0.040000000000000036,0.3936791480590862,0.04637436762225966,-0.03581395348837202,-0.6070763500931098,0.0
2003-06-30,-0.013094154214295828,-0.004118503832642895,-0.03281012582961651,-0.0010744030727399823,1.7141089676029875,-115.54088050314465,inf,inf,0.3286441724102458,3.113118958374433,0.9329436319475908,-1.1360673546985334,-0.00937175566093329,-0.004798080767692947,0.4963503649635037,0.09166666666666679,-0.021907216494845394,0.025641025641025772,1.7443924081833866,0.04512489927477836,-0.006753497346840387,0.4454976303317535,0.0
2003-09-30,-0.005066934459218908,0.010837566509091623,-0.028792794851670744,-0.0026558635123993257,-0.3139456356576059,-0.6237370964199429,-0.6153846153846154,-0.6153846153846154,0.0,0.0,0.0,-22.70758483033932,0.19605343907850625,0.006428284451587052,-0.2146341463414635,-0.04580152671755722,-0.02832674571805005,0.031249999999999778,-0.27797736662475303,0.030840400925211897,-0.02136959689169493,-0.239344262295082,0.0
2003-12-31,-0.0068317278849729934,-0.018058555917173313,-0.015872464346470938,0.011271770494670097,-0.08529592715639223,0.12958774170010945,0.0,0.0,-0.6830678306202376,0.2690341208859728,-0.2427508665144983,-2.2468392257827228,-0.22537890748342282,0.014770459081836274,0.9503105590062111,0.24,-0.015593220338983027,0.042424242424242475,0.3336235850230127,0.030665669409124963,-0.015880893300248222,0.8577586206896552,0.0714285714285714
2004-03-31,0.02274673842387931,0.014560774751319006,0.046756741545735725,-0.013706023995367578,-0.6225887164034545,-1.3771720173115432,-1.4,-1.4,-0.1534781458032206,-2.117375824873576,-1.431223200466851,-0.662684365781711,-0.09848260962610444,-0.11801730920535014,-0.060509554140127375,-0.04516129032258065,-0.038567493112947604,-0.10465116279069764,-0.5526536703665703,0.029753265602322276,-0.0544629349470499,-0.0835266821345707,0.0
2004-06-30,0.0015258993940874266,0.026427386828493216,-0.05063698649350856,0.010004622422468135,-0.0029940119760478723,0.3336187703373865,0.3333333333333335,0.3333333333333335,1.9917271896493673,-0.7947382306979387,-2.1035549959401734,-1.304328815041539,0.02434861244560005,-0.12444246208742205,-0.7322033898305085,-0.30405405405405406,-0.03223495702005741,-0.0844155844155845,-0.04107589658048372,0.028188865398167673,-0.028266666666666662,-0.7392405063291139,0.0
2004-09-30,-0.01681752947696402,-0.0440635648640364,0.040719590373380354,-0.01598665937210675,10.66938366938367,-18.791318864774624,-19.625,-19.5,0.0,0.0,0.0,4.209051724137931,0.35258610225228715,0.1696383087111566,8.11392405063291,1.1650485436893203,0.040710584752035484,0.2056737588652482,3.606001304631442,0.028101439342015144,0.05982436882546649,8.009708737864077,0.0
2004-12-31,-0.011068657507750435,-0.021722615253375044,0.016771442410296267,-0.09604291739950921,-0.5571601882260673,-0.6406984214059376,-0.6442953020134228,-0.6351351351351351,-0.49450169611421035,-7.197416122865994,1.859424817922989,-2.1879051165356502,-0.1405482581382067,0.08972125435540068,0.25,0.15246636771300448,-0.0014224751066856944,0.04705882352941182,-0.8829721946844168,0.02733333333333343,0.01139306059036782,0.2812500000000002,-0.06666666666666654
2005-03-31,0.025640073544705766,0.05697132627381363,-0.03309365193340785,0.1562231099730027,-0.9718851608439986,-1.418598577684921,-1.4150943396226414,-1.4074074074074074,0.6229784527311759,-2.63233745652567,-1.8173400359494916,-1.8292796192024148,0.13561413667733024,-0.0043964828137489365,-0.08111111111111113,-0.04280155642023342,-0.038461538461538436,-0.005617977528089901,-0.21097216619604686,0.0259571706683972,-0.05888376856118793,-0.09503784693019346,0.0
2005-06-30,0.00879648156225632,0.01907801800830322,-0.013519520843124688,0.018303645640192823,12.565944881889763,-1.2818543936267217,-1.2727272727272727,-1.2727272727272727,-0.2263842212010464,-0.8950734326335406,-1.0802972993936297,1.0404591908161835,0.243670013123908,0.054596547571256426,0.0906892382103992,0.05284552845528445,-0.022962962962962963,0.10169491525423724,0.15286298568507162,0.025932953826691918,-0.029379760609357986,0.07342007434944242,0.0714285714285714
2005-09-30,-0.015190906835054085,-0.01408247816851882,-0.012281801117072333,-0.011326763308319054,-0.04403975912355795,-0.20670866678018052,-0.16666666666666663,-0.16666666666666663,0.22423881655605649,-3.5716148663334057,9.718108983464969,-1.3136535162950258,-0.061453565355325646,0.05329272934906748,-0.7682926829268293,-0.5173745173745173,-0.021228203184230465,0.0769230769230771,-0.02616407982261637,0.02527743526510484,-0.003923766816143481,-0.774891774891775,0.0
2005-12-31,-0.023999186986800036,-0.017567398745363616,-0.04161647340939423,-0.1396832815969029,-0.4295689131754705,-2.429705945481863,-2.4000000000000004,-2.4000000000000004,-0.19439070566205607,1.4916690814256737,0.3897565578811204,-3.416493492289183,0.1582256724626887,-0.08529092880375866,-1.444976076555024,-0.44800000000000006,-0.07281177381874515,-0.06666666666666676,2.9567395264116576,0.048707155742633956,-0.04164321890827227,0.0,0.0
2006-03-31,0.03484453192457315,0.05230683850819484,-0.022984768987037718,0.2698258502276525,4.592802022352315,-10.01020867737577,-10.0,-10.0,0.43732583375069023,0.4123516014924651,0.3000186918026908,1.8332126369149995,0.38704631175415827,0.21019359936783877,-4.849462365591398,1.1594202898550727,0.022556390977443552,0.30612244897959195,0.0,0.023509174311926673,-0.004697592483852042,0.573076923076923,0.0
2006-06-30,0.0025676794220985677,-0.0032621669608804416,0.023765541660354605,0.011398489037499626,-0.5825909053062293,-0.7324424746321876,-0.7301587301587301,-0.7301587301587301,0.3670996908671802,-1.0875982529754655,-0.916824141128417,0.5837180695560491,0.44192629509599834,0.028730003264773263,0.18156424581005592,0.046979865771812124,-0.02287581699346397,0.00390625,-0.2010588099896421,0.022408963585434094,-0.02359882005899705,0.13447432762836176,0.06666666666666665
2006-09-30,-0.016457321295300864,0.033532515680263275,-0.12637941061713676,0.0016369358951073831,-1.7088510201755387,-3.8976833976833976,-3.8235294117647056,-3.8235294117647056,-0.1710627785692812,1.20491931693561,6.469237282156213,-2.424104260813428,-0.4364641396388459,0.11266264677880033,-0.6784869976359338,-0.3141025641025641,-0.09030100334448166,0.14007782101167332,-0.04422356669547689,0.02246575342465751,-0.083987915407855,-0.6982758620689655,0.0
2006-12-31,0.006692843861852094,0.014787902338975645,-0.01411814274879919,-0.10412444252658548,-4.31654271356784,-2.4207947389912103,-2.4375,-2.4375,0.10770346659938967,-1.415677845672872,-0.4504139843096877,-1.3367403314917128,0.2608087424499268,0.1337706788362807,3.3014705882352944,0.5981308411214954,-0.03216911764705899,0.24573378839590432,2.5374529012810854,0.02143622722400851,-0.027704485488126762,3.0428571428571427,0.0
2007-03-31,0.0015832221792992929,0.004748495389542251,0.0032257899082521746,0.10364917872341506,-0.6944447811488624,-0.8659829680386018,-0.8695652173913043,-0.8695652173913043,-0.3968185053380783,-5.715140378616298,-1.4548642145067032,-0.4250015775856629,0.11894319131161235,0.07194968553459113,-0.517948717948718,-0.33333333333333337,0.009496676163343043,0.1095890410958904,-0.7346512717821994,0.0,0.0033921302578019397,-0.5353356890459364,0.0
2007-06-30,0.00907960418650533,0.015795815290395643,-0.03151560849265578,0.017529401386380483,-0.23321961282132653,-0.6633182844243792,-0.6666666666666667,-0.6666666666666667,0.39934156961308376,-0.3055492618203899,-1.7764888149939542,-0.9682835820895522,0.0033714419038730625,-0.11499647969960103,-0.26241134751773054,-0.13157894736842102,-0.045155221072436524,-0.12345679012345678,0.9017341040462428,0.021511017838405033,-0.05747126436781613,-0.29657794676806093,0.0
2007-09-30,0.011478184679644121,0.048133564953859675,-0.10401243215734257,-0.016219003314982716,-1.1211133529929123,-8.160911833724438,-8.333333333333334,-8.333333333333334,0.08912218568176078,0.3334812398042415,-2.2770937758528396,90.65743944636678,0.3079793975049123,-0.14903208697958092,0.9086538461538463,0.21212121212121215,-0.15270935960591137,-0.10985915492957743,0.21192164809186087,0.021058038007190527,-0.17216642754662836,0.810810810810811,0.0
2007-12-31,0.008320364749154097,0.027573008818887024,-0.14103498739071507,-0.023884286787692166,4.247757368645878,0.24465146762792012,0.2272727272727273,0.2272727272727273,0.030048235121052258,-1.1716905791853431,-6.289334298670122,-2.598562925491084,-0.3764007656432411,-0.07946400747896554,-1.7103274559193955,-0.7583333333333333,-0.16511627906976745,0.08544303797468356,-0.48509126375923084,0.10613682092555332,-0.24350086655112646,0.0,0.0
2008-03-31,-0.0051637047811669,0.020476434772417118,-0.11364779414118042,0.02779011891044303,0.998046398046398,0.45762966863504717,0.5925925925925926,0.5925925925925926,-0.5922203848466627,-7.471755116000684,-1.042882975044666,-0.6270417922901923,-0.22511534203486627,0.20209884901828024,1.687943262411348,-1.6551724137931036,-0.08774373259052926,0.4431486880466473,0.0,0.0,-0.10194730813287523,0.0,0.0
2008-06-30,-0.021331506403242773,-0.03292024413293171,0.027576419185816325,-0.020390566848974334,-11.430986718813656,-7.254038292821386,-7.4186046511627906,-7.4186046511627906,2.4355495751230394,-6.172529814857223,-51.950020999580005,-4.52653130144793,1.0245089923535868,0.04984511405237968,-3.1411609498680737,-11.894736842105264,0.10381679389312981,0.14949494949494957,0.0,0.01955434288312885,0.07525510204081631,1.7194029850746269,0.0
2008-09-30,-0.04158772065905414,-0.04775118898898256,-0.005619278360413205,-0.06560699984189944,-0.3133897570292026,-0.32509933201028185,-0.3405797101449275,-0.3442028985507246,-0.4924724490562393,-0.21169911691283894,0.1023575573727249,-1.6650466842231266,-0.33654891674718246,-0.040504291845493534,1.3900184842883552,0.8454106280193237,0.051175656984785434,-0.1300527240773287,-0.6321201461236639,0.09500446030330068,0.06405693950177938,1.234906695938529,0.0
2008-12-31,-0.04991889132447869,-0.03250254913534478,-0.10490033862025183,-0.4808878271015057,-0.9535207822570094,-1.0332263487696776,-1.021978021978022,-1.022099447513812,-0.08816626847368758,-0.11821720497001742,-0.38108655402111136,-1.7256290723208179,0.368089953297694,-0.2915851272015656,0.12786800721835512,0.08376963350785349,-0.1907894736842104,-0.32727272727272727,-0.6715704303052593,0.12912423625254577,-0.14381270903010046,0.21856581532416497,-0.0625
2009-03-31,-0.034130983881264565,-0.03394142969394509,-0.02386857619036209,0.6991686004368618,-4.985925835271081,5.935786568537258,7.25,7.25,-1.2060658056437963,-1.0218001072979772,-0.5655987666552289,-3.560406305423607,-0.6888873316515169,-0.6554853985793212,0.0470857142857144,0.01690821256038655,-0.04390243902439028,-0.5735735735735736,-0.6730123180291153,0.0,-0.013020833333333148,0.06368399838774708,-0.06666666666666654
2009-06-30,-0.026513016974487935,-0.024967025046154,-0.05285509375419806,-0.04145145959069618,-0.7658509625717707,-0.20625530560271643,-0.21212121212121215,-0.21212121212121215,-5.342016428491054,-18.782447466007415,0.20453913333704188,-1.0914586592909423,0.2025141312625358,-0.06758304696449025,-0.7319362584588518,-0.6342042755344418,-0.054421768707483054,-0.028169014084507116,-0.05821917808219179,0.003607503607503615,-0.029023746701847042,-0.7332322849564229,0.0
2009-09-30,-0.04149593147979269,-0.04784931196070352,-0.03889595515008437,-0.04615320282677915,0.25308156307369534,0.3532301727883427,0.34615384615384603,0.34615384615384603,0.010301263362487934,0.4943884837531438,0.47562113235429937,-1.2690535458926964,-0.045311022709028315,0.42874692874692877,-2.390065146579804,-1.2987012987012987,-0.07733812949640284,0.5144927536231885,4.690909090909091,0.0035945363048166534,-0.03804347826086951,0.0,0.0
2009-12-31,-0.06703256271905322,-0.07600566647561757,-0.016399711834768294,-0.3976971685883024,0.5197781498534952,-0.8337120276611509,-0.8571428571428571,-0.8571428571428571,0.2368988072335514,0.033596779445283165,0.1474348341788434,4.073622047244094,-0.24080198815329712,0.24247635425623382,0.06854130052724083,0.6304347826086956,-0.03703703703703698,0.34928229665071764,0.0,0.007163323782234832,0.035310734463276816,0.0,0.0
2010-03-31,-0.0027051269922296894,0.002278457497703057,-0.0584237705671774,0.5231955412986176,0.8947875783240378,5.00623793257092,5.999999999999999,5.999999999999999,-0.72233800976763,-0.963890911768797,-0.8936589197607469,-0.8686660976177543,-0.04165641151858235,0.1826989619377164,0.10361842105263164,-0.040000000000000036,-0.12145748987854266,0.22695035460992918,0.0,0.0,-0.12278308321964537,0.0,0.0
2010-06-30,-0.022482841011124854,-0.0023732881229840963,-0.023602552581237335,0.0068776964666048546,-0.7156406715604331,-0.5550197823936696,-0.5714285714285714,-0.5714285714285714,2.143812084547016,4.385338771810559,2.3669240042063144,-1.1308714918759233,0.005688603531300185,0.23932124049151549,-0.030303030303030276,0.0277777777777779,-0.05760368663594473,0.4104046242774566,0.0,0.0035561877667140696,-0.03265940902021769,0.0,0.0
2010-09-30,-0.011771061551796635,-0.016023389307060154,0.04740738660990518,-0.009115532338274779,0.9069648562300319,0.5837732703528757,0.6666666666666667,0.6666666666666667,-0.0591435528894696,-1.3120489785613598,-1.0180539791122318,149.66365688487585,0.8522178809469088,-0.033522190745986835,-0.04047131147540994,0.12162162162162149,-0.09046454767726153,0.024590163934426146,0.0,0.003543586109142405,-0.08199356913183276,0.0,0.0
2010-12-31,-0.03131203170982233,-0.01340046510841919,-0.12374913090461315,-0.09454947280552306,0.4383460662109637,0.3467719298245615,0.32000000000000006,0.32000000000000006,-0.14992551069363436,-4.023867313915858,-62.56877637130802,-1.505468656358624,-0.2325695219974907,0.15925744992672208,0.47891083822744274,0.1325301204819278,-0.11559139784946237,0.276,0.0,0.003531073446327637,-0.07880910683012254,0.0,0.0714285714285714
2011-03-31,-0.015820689277564193,-0.014322126211791741,-0.030211024031539857,0.08270077267489095,-0.10264175557936916,-0.17221165620196444,-0.18181818181818177,-0.18181818181818177,-0.5888966449332402,-1.022742474916388,-0.6119395825052427,-0.11180602898894387,-0.2691668538064227,0.0471976401179941,0.014801444043321288,-0.0957446808510638,-0.09118541033434646,0.1833855799373041,0.0,0.004222378606614896,-0.06653992395437269,0.0,0.0
2011-06-30,-0.013338232005367212,-0.010225347975457266,-0.03463980126966604,-0.0192564726246105,0.2176012461059189,0.04418846190161463,0.03703703703703698,0.03703703703703698,1.4395953757225435,30.880392156862744,-0.4517262693156733,-1.1322876689471049,0.048721730580137734,0.049899396378269456,0.24902170046246885,0.2705882352941176,-0.11036789297658867,0.15629139072847686,0.0,0.0042046250875964475,-0.08553971486761702,0.0,0.0
2011-09-30,-0.01706496550160974,-0.01385095235426348,-0.0285795976718064,0.0013343533723557677,-0.9385100848577885,-0.5538776863489767,-0.5714285714285715,-0.5714285714285715,0.2020643288709869,-1.4703241281751644,2.413000064420537,-3.394803229061554,-0.11125826262247429,-0.041011881947106144,-0.011962403873540417,-0.15740740740740744,-0.08270676691729328,0.07789232531500567,0.0,0.004187020237264472,-0.06681514476614703,0.0,0.0
2011-12-31,-0.024257735170393424,-0.01958371593477659,-0.04518286324570697,-0.18060481148502183,7.969486823855755,0.5816498885210459,0.5833333333333335,0.5833333333333335,0.015583999605780274,2.8405910814698574,0.18857115892789733,-2.60486674391657,0.20090728066358077,-0.05395683453237399,-0.02911501873738831,-0.10989010989010994,-0.15163934426229508,0.03081827842720508,0.0,0.004169562195969423,-0.12649164677804292,0.0,0.0
2012-03-31,-0.007018767256967595,0.0027123258394869953,-0.050983729463663474,0.18740513300894235,-1.150688108860368,-0.5468175993165314,-0.5263157894736843,-0.5263157894736843,-0.41201872922681293,-1.1185944363103952,-0.6082451306564185,-1.5140794223826715,-0.08600355785913516,0.02746092099704267,-0.08402612826603328,-0.37037037037037024,-0.2222222222222221,0.21134020618556715,0.0,0.006228373702422241,-0.21857923497267762,0.0,0.0
2012-06-30,0.01809535393917905,-0.028703809796121083,0.331339564441155,-0.010690323923754241,10.698306824012313,-1.0492977660476954,-1.0,-1.0,1.1364911701600926,2.21159919609532,-4.01070169038064,-30.332226762002044,2.7600499795756543,0.09292763157894735,-0.5886547811993517,-1.2941176470588236,2.3354037267080745,0.4051063829787236,0.0,0.0061898211829436445,2.9335664335664338,0.0,0.0
2012-09-30,-0.05494633304861041,-0.020702115712696756,-0.2369802377052037,-0.012640656841607867,0.700921052631579,45.200764818355644,inf,inf,-0.12837968327539595,-3.9304487752547828,-3.465794186156104,-1.9160710399164236,-0.6724383635178487,0.012415349887133331,-0.8557919621749409,3.9333333333333336,0.03351955307262555,-0.6965475469412478,0.0,0.006835269993164639,0.09333333333333349,0.0,0.0
2012-12-31,-0.024980701826000207,-0.03952907233254188,0.04539713500031972,-0.173379498070653,0.777313632964596,1.8170756942432646,1.7647058823529407,1.7647058823529407,-0.17432005760815372,0.1507779133618059,-0.5411167595843549,-0.9139839105911646,-0.1765790372140662,-0.04905239687848384,-7.825136612021858,1.6756756756756759,0.04684684684684681,-0.07984031936127733,0.0,0.006788866259334725,0.07642276422764205,0.12926136363636354,0.0
2013-03-31,-0.004840674979457504,0.0029177624794958223,-0.02954365458666741,0.15547453839821235,-0.9145170182514581,-0.9258105745640453,-0.9361702127659575,-0.9361702127659575,-0.3439957064269422,-1.9751342037245676,-0.939444421306901,0.9254778477516297,-0.41291033371637065,0.13130128956623688,-0.038430744595676525,0.050505050505050386,-0.03270223752151458,0.08026030368763548,2.3635782747603833,0.008091706001348564,-0.027190332326283984,0.2125786163522012,0.0
2013-06-30,0.015748164987623214,0.027721153659759468,-0.041658974763051804,0.01648854961832069,0.858112695179905,1.0013861386138614,1.3333333333333335,1.3333333333333335,1.5389429763560503,1.6261061044733514,-7.52692080958931,-0.9244010902309568,-0.05317002300334961,0.049395509499136514,0.09741881765195681,-0.07211538461538447,-0.04448398576512458,0.08634538152610438,-0.1386778115501519,0.008026755852842848,-0.060559006211180155,0.10995850622406644,0.06666666666666665
2013-09-30,0.0029040067442314133,-0.0024615096704543316,0.03614875301131937,-0.019825773505557254,5.141030325173547,5.556643910161275,5.571428571428571,5.571428571428571,-0.39503278714937085,-0.8323498964803313,-1.3312911140883021,-8.855407969639469,0.44112695266713553,-0.03357472021066488,0.3899848254931715,0.23316062176165797,0.03910614525139655,0.01109057301293892,-0.12483458314953688,0.00796284007962833,0.0363636363636366,0.41028037383177574,-0.0625
2013-12-31,-0.0631932538470571,-0.0904052131620775,0.09670723813604765,-0.19679467534202444,0.8327284626368396,0.8447516146556406,0.826086956521739,0.826086956521739,0.03163908012304084,-12.248873108984254,19.615003635041802,-1.57350596647181,-0.1755493774215492,-0.07356948228882831,0.3406113537117905,0.36974789915966366,0.10394265232974909,-0.10968921389396702,-0.3344254032258065,0.007899934167215239,0.17942583732057416,0.38568588469184895,0.0
2014-03-31,0.0006150264836424224,-0.0010124995185124552,0.016165059532361692,0.2176669422336579,-0.47307211608693533,-0.4745599110005889,-0.47619047619047616,-0.47619047619047616,-0.2926438888386922,-1.1264961534344629,-0.9425583266291231,0.46146070255243865,-0.3111872432781475,0.044117647058823595,0.25122149837133545,0.3006134969325154,0.02759740259740262,-0.05338809034907588,-0.23173040514956456,0.00849118223383405,0.028397565922920975,0.299378287900526,0.0
2014-06-30,-0.0007376110279671,-0.035262452768946906,0.15970566455361435,-0.010067329787404988,0.18659417499653452,0.16776162157113061,0.15909090909090917,0.15909090909090917,0.6327804237148957,-0.6696825706784699,2.024826368903726,-0.7362383999077757,-0.1191604603926879,0.08626760563380298,0.18776439960950198,0.2688679245283019,0.03159557661927326,0.0563991323210411,-0.16017742730409068,0.008419689119171014,0.03155818540433919,0.2642620537357381,0.0
2014-09-30,-0.02322911362939062,-0.049683697216345135,0.07731676639458573,0.0017247116687904018,0.661794865138496,0.662524996667111,0.6862745098039216,0.6666666666666665,-0.004112742797112157,-12.625591171833946,2.434453888113662,0.013986013986013957,-0.13717258913261987,0.07585089141004842,0.10794520547945208,0.21003717472118977,0.09188361408882084,0.04312114989733051,-0.13438967136150226,0.008349389852279954,0.11854684512428282,0.18777292576419202,0.06666666666666665
2014-12-31,0.026874272732310134,0.035829616449646995,-0.00042010957043792096,-0.018898652179725528,-0.693410816383916,-0.7091559347585521,-0.7093023255813953,-0.6941176470588235,-0.012063741443160136,-1.5762933080208827,-1.0507760270076605,-0.9536637931034483,-0.007366545604056696,0.05694486291051515,-0.2507418397626112,-0.21505376344086025,-0.06451612903225801,-0.03149606299212604,-0.09898305084745773,0.008280254777070173,-0.02678062678062665,-0.25245098039215685,0.0
2015-03-31,0.019423397760351513,-0.0588830363037155,0.31585969284902693,0.00861762835600266,1.3759298889228573,1.463303005238489,1.3199999999999998,1.2307692307692304,-0.26562162776168574,-1.2004274635528496,2.6680730341165346,-631.3209302325581,4.677746712229471,0.11374002280501716,-0.044224422442244116,0.08610567514677103,0.39730134932533745,0.1910569105691058,0.4273890142964636,0.008843967150979237,0.37177985948477743,0.08885245901639349,0.0
2015-06-30,-0.009292806171971701,-0.009408725795380657,0.008283984111686182,0.0021206476572575017,-0.3151511902208879,-0.31943946991404015,-0.3275862068965516,-0.3275862068965516,0.43312555103556005,-6.101550653035269,-3.102469013386217,-1.8681808454903002,-0.7152714450726487,-0.025083184028666383,-0.14226519337016574,-0.04144144144144146,0.008583690987124415,-0.3020477815699659,-0.08750658935160782,0.009392611145898622,0.018779342723004744,-0.042155977115326704,0.0
2015-09-30,0.009738710627712255,0.02979277626164012,-0.01671056105002733,0.0065527426332709915,-0.6567192221578544,-0.6845766725873298,-0.6923076923076923,-0.6923076923076923,0.09159984026421153,0.2644523496754274,-1.274833281454861,-0.9864519144957715,-0.034034376000854016,-0.013651877133105894,-0.3880837359098229,-0.33458646616541343,-0.019148936170212738,-0.022004889975550057,0.0433275563258233,0.009305210918113982,-0.028068705488060397,-0.33888714240804785,0.0
2015-12-31,-0.011816017017329039,-0.01982793073370659,0.012924473524839497,-0.0020780317143356264,2.177012542759407,2.474581573596121,2.5833333333333335,2.5833333333333335,0.0030353964801266287,-1.3398927739988322,-5.829632426124858,-4.480552070263489,0.12263212572666382,0.021027415491083223,0.06447368421052624,0.1355932203389829,0.013015184381778733,0.040000000000000036,0.5730897009966778,0.0092194222495392,0.026724137931034564,0.14360437470280552,0.0
2016-03-31,-0.00032241820489387063,-0.013547507938403203,-0.011852260028562767,0.0014804270462633884,-0.625918800964741,-0.6515103768063746,-0.6511627906976745,-0.6511627906976745,-0.27101836426902715,-2.4629199946454863,-1.0375423710746796,1.4630497476568132,0.26905432278643016,0.002085505735140769,-0.2787391841779976,-0.26865671641791045,-0.012847965738757905,-0.009615384615384581,-0.10982048574445624,0.010048721071863609,-0.013014273719563318,-0.28191268191268193,0.0
2016-06-30,0.021493067726567006,-0.011978392699563356,0.1047891604217166,0.02022019257713037,7.613155773880338,8.532876889290788,8.466666666666667,8.4,0.39023433802550267,0.3594424364429396,-5.334847624455802,-1.675375045737285,-0.14318738945604614,0.08350676378772115,0.8997429305912596,0.8775510204081634,0.11605206073752705,0.09708737864077666,0.5108738631870304,0.009948748869460289,0.09272649936197364,0.9334105385060798,0.0
2016-09-30,0.0031269185627298413,0.021983097960760256,-0.04982565059204269,-0.009211123406762223,-0.9308791487882798,-0.949517124246777,-0.9507042253521126,-0.950354609929078,-0.03035637863284446,-0.10758357639667937,0.19898694380158077,-0.2071730414996208,-0.13249434133091897,0.09387755102040818,-0.042850699142986004,-0.021739130434782594,-0.03498542274052474,-0.019911504424778736,-0.4349646689348339,0.009850746268656563,-0.036590112884390846,-0.02695417789757404,0.0
2016-12-31,-0.009696613216050531,-0.04088618048108206,0.06595492204857423,0.0023663741844244246,9.59801456842648,13.495347172512528,13.857142857142856,13.857142857142856,0.015818880340251473,-2.7157510999371466,7.173209993444534,-2.822604892715594,0.2783668698338482,-0.06343283582089554,0.25353440150801143,0.2777777777777779,0.07049345417925479,-0.02934537246049662,-0.04075961093098657,0.009754655631096565,0.08202020202020188,0.29116651277316086,0.0
2017-03-31,-0.00728049495428873,0.015486596134301367,-0.058959152194962616,-0.012072482995514888,-0.9166823797040272,-0.929067901234568,-0.9326923076923077,-0.9326923076923077,-0.32341904649050046,-1.6318357657816072,-1.0960342215488816,-0.7128074385122976,0.06253673829273065,0.05108975861260845,-0.046240601503759526,-0.0304347826086957,-0.0639698965192852,-0.018604651162790753,-0.18879768227909222,0.010538641686182793,-0.05675877520537709,-0.028367103694874718,0.0
2017-06-30,0.0019009477263618457,0.08709559833173985,-0.11470284384670426,0.010593108596605783,0.3178566214045846,0.37873118092420155,0.4285714285714286,0.4285714285714286,0.56893280401658,0.054245228321621486,-1.830224573125464,-1.3425587467362925,-0.020161662107754275,-0.026532887402452743,-0.4867954276704769,-0.49177877428998507,-0.12361809045226113,0.04028436018957349,0.0035714285714285587,0.010428736964078755,-0.125494853523357,-0.5051521099116781,0.0
2017-09-30,-0.0048173942388068935,0.0027158395399047297,-0.026976210135550183,0.022252822250413473,0.08769111455794376,0.1001704222685098,0.09999999999999987,0.09999999999999987,0.014093416560462257,0.06675392670157065,0.12379142681495559,5.159298780487805,-0.12673692795081715,0.01465872652313327,0.0714285714285714,0.0235294117647058,-0.029816513761467878,0.15717539863325758,1.052787663107948,0.010321100917431103,-0.024445450430058968,0.025285076846802257,0.0
2017-12-31,-0.014636578511341036,-0.06700226592103131,0.14369413541321396,0.002332750800164929,12.465189712248536,14.037119908204245,14.272727272727272,14.272727272727272,0.0009356768062231957,-3.9782234366139093,17.741396459120747,-3.6116817225590894,0.3790341409098257,-0.0006772009029344384,0.5168458781362006,0.4741379310344829,0.15602836879432602,0.02952755905511828,-0.03091592025426182,0.010215664018161208,0.17401392111368907,0.47582205029013536,0.0
2018-03-31,0.02899306469442542,0.03922369410539717,0.004236554381340296,-0.02942063793691152,-0.6830730476683977,-0.688951037211414,-0.6904761904761905,-0.6904761904761905,-0.25469692248474074,-1.5941913080808605,-1.2303158799741012,-1.1663113006396588,0.8106295418435652,-0.07634967246442292,0.23204158790170126,0.21832358674463936,0.004089979550102374,-0.20076481835564064,-0.3780560524746571,0.010674157303370624,-0.02371541501976282,0.22673656618610738,0.0
2018-06-30,0.04621144663157106,0.06612257348430783,-0.03307947000041911,0.009958824479250783,-0.9398868627076571,-0.9654461821527139,-0.9615384615384616,-0.9615384615384616,0.2825768847681467,-0.28881651012655274,-0.7964744512932773,-0.9740740740740741,-0.0006545302846128198,-0.00684764000978233,-0.05408515535097802,-0.04800000000000004,-0.035641547861507084,-0.009569377990430672,-0.1922339405560881,0.010561423012784843,-0.07813765182186228,-0.03552350427350437,0.0
2018-09-30,-0.05490761810634992,-0.18768236088465928,0.31625985097907594,-0.03080096088126083,112.16081000595592,200.2882499112531,180.0,179.5,0.12460811290183416,-5.365175857577073,-39.76309085762808,379.6703296703297,-0.24932344897077874,0.05983747845358289,1.2538523925385237,1.4756302521008404,0.35691657866948234,0.09661835748792269,0.09614243323442118,0.010451045104510559,0.4207290294246815,1.54084741068956,0.0
2018-12-31,0.0008056561166081,0.11196633253384491,-0.20052999460878906,-0.04313327642165776,-0.9870050579745996,-0.9907835401716667,-0.9917127071823204,-0.9889196675900277,-0.20322250639386186,-1.2201088945569614,-0.9884775465498357,-0.08478392656101152,-0.3039722336743401,0.03833643122676578,-0.28517452320978764,-0.28105906313645623,-0.1766536964980544,-0.23348017621145378,-0.584731997834326,0.010342950462710832,-0.21391035548686244,-0.2640871934604905,-0.0625
2019-03-31,0.015147809274436597,-0.02376145414457842,0.10839998846664645,-0.007701855858496143,36.00999054948022,50.964791427478,61.666666666666664,45.99999999999999,-0.12673599965761484,-3.1522221085303044,25.39125475285171,-4.967764319959627,1.7328190646738757,0.04005370328932645,0.2491819783538889,0.2832861189801701,0.1172022684310019,0.2614942528735631,0.4458930899608866,0.012392241379310276,0.10066850176956343,0.3130924170616114,0.0
