Quarter end,Assets,Current Assets,Liabilities,Current Liabilities,Shareholders equity,Revenue,Earnings,Earnings available for common stockholders,EPS basic,EPS diluted,Cash from operating activities,Cash from investing activities,Cash from financing activities,Cash change during period,Cash at end of period,Price,ROE,ROA,Book value of equity per share,P/B ratio,P/E ratio,Cumulative dividends per share,Equity to assets ratio,Net margin,Asset turnover,Current ratio
1996-03-31,-0.2503987610308155,-0.48666367521582987,-0.17232878415052122,-0.2943312774702994,-0.29679309703330015,-0.2743891831469699,-0.8734259323323877,-0.8734259323323877,-0.8497109826589595,-0.8497109826589595,-2.264951768488746,-1.0797171327547412,0.07589163942977195,-1.962362128788824,-0.8656568383314174,0.05894105894105883,0.08764607679465763,0.026519337016574607,-0.2914728682170542,0.12195121951219523,1.3285899094437257,1.1818181818181817,-0.06186224489795911,0.078811369509044,0.021739130434782483,-0.27255734919286323
1996-06-30,-0.2503987610308155,-0.48666367521582987,-0.17232878415052122,-0.2943312774702994,-0.29679309703330015,-0.2743891831469699,-0.8734259323323877,-0.8734259323323877,-0.8497109826589595,-0.8497109826589595,-2.264951768488746,-1.0797171327547412,0.07589163942977195,-1.962362128788824,-0.8656568383314174,0.05894105894105883,0.08764607679465763,0.026519337016574607,-0.2914728682170542,0.12195121951219523,1.3285899094437257,1.1818181818181817,-0.06186224489795911,0.078811369509044,0.021739130434782483,-0.27255734919286323
1996-09-30,-0.03135927586479237,-0.11705352758225573,-0.019523265224392405,-0.11836926906387701,-0.03963795377355184,-0.06255387958518455,-0.4610864366245302,-0.4610864366245302,-0.46153846153846145,-0.46153846153846145,-2.0765355640800482,-0.3769776042736799,-0.9822041738573487,-0.9825999208131716,-0.11211957012553053,-0.20660377358490567,0.08764607679465763,0.026519337016574607,-0.01750547045951867,0.12195121951219523,1.3285899094437257,0.5,-0.008497620666213512,0.078811369509044,0.021739130434782483,0.001518336837187606
1996-12-31,1.0635129961356071e-05,-0.03913665757000473,-0.03258535644488314,-0.05921404044257916,0.023287374341959932,0.1127405101863137,1.271205781666033,1.271205781666033,1.2857142857142856,1.2857142857142856,-0.5832224273386855,0.07218237282545958,1.195201199700075,4.051147805074507,-0.6378477343233484,0.029726516052318575,0.08764607679465763,0.026519337016574607,0.022271714922048824,0.048913043478260754,1.3285899094437257,0.44444444444444464,0.02331162152896793,0.078811369509044,0.021739130434782483,0.021341107871720055
1997-03-31,-0.0048625660405005044,-0.004117449573784127,-0.02683668413167073,-0.08878795252385974,0.009972327681423865,-0.029834470280446945,0.12638865628314622,0.12638865628314622,0.125,0.125,0.5987845076225793,0.05409665884886006,-1.0305134919731298,-0.5364774358156594,-0.8163881477320601,0.09353348729792144,0.08764607679465763,0.026519337016574607,0.006535947712418277,0.06735751295336789,1.3285899094437257,0.23076923076923084,0.014907872696817481,0.078811369509044,0.021739130434782483,0.09288650376798357
1997-06-30,0.008765700959216138,0.005831660686469675,-0.02999005754572026,-0.09393822508382044,0.03397643443426168,0.04678064860832487,0.00921841700946624,0.00921841700946624,0.0277777777777779,0.0277777777777779,0.535983506217383,-0.12182667055733876,4.518656716417911,-1.1069063386944182,0.4753346080305927,0.026399155227032622,0.08764607679465763,0.026519337016574607,0.03246753246753231,0.01941747572815533,1.3285899094437257,0.125,0.024921604225119687,0.078811369509044,0.021739130434782483,0.11011858120461815
1997-09-30,0.017171888389788226,0.05330554474745641,0.00678974766738305,0.02432295248387195,0.023507691841113676,-0.00271578187071142,-0.0891322496685164,-0.0891322496685164,-0.108108108108108,-0.108108108108108,0.1885067114093959,-0.16074098687489613,-2.113590263691684,4.213998390989541,1.679885951270088,0.23662551440329205,0.13507290867229482,0.026519337016574607,0.02096436058700224,0.19999999999999996,0.12222222222222223,0.22222222222222232,0.006280193236714915,0.12814371257485035,0.02127659574468077,0.028281022069549522
1997-12-31,0.027849270236866452,0.08529127775989709,0.14408191471638965,-0.10037644162757053,-0.041924240796779144,0.04615399471780823,0.1264826396376968,0.1264826396376968,0.18181818181818188,0.15151515151515138,0.09808004517540758,-0.0798772641789568,-7.959319975713418,2.7005091806819936,2.319663410387852,0.011647254575707144,0.032454361054766734,0.026519337016574607,-0.010266940451745366,-0.007936507936507908,-0.12772277227722761,0.3181818181818181,-0.06785085613698194,0.023354564755838636,0.0,0.20638843126487272
1998-03-31,0.015365111390583719,0.034124609080125046,0.0448381399236879,0.14665067519545127,-0.005762212565914582,-0.007019892001661532,0.08399540537953487,0.08399540537953487,0.07692307692307687,0.10526315789473673,0.6964612862790474,-0.000860585197934638,-3.2931425580177978,-0.6696826919067673,0.23081405512499265,-0.032072368421052655,0.028814669286181926,0.012917115177610405,0.004149377593360981,-0.02400000000000002,-0.07207718501702609,0.13793103448275867,-0.02094420600858371,0.010373443983402453,0.01041666666666674,-0.0981336772627267
1998-06-30,-0.0023585428707025846,-0.012181371430805998,-0.0332719957261538,-0.07301634035036064,0.020929124826238654,-0.05134116356571494,-0.036999426023224036,-0.036999426023224036,-0.023809523809523836,-0.023809523809523836,-0.34581865029744985,-0.09969853574504739,-0.3548166184751179,-0.8930825549103761,0.020050184641605906,0.009345794392523477,0.01909611712285164,0.0031880977683313994,0.026859504132231482,0.004098360655737876,-0.031192660550458773,0.15151515151515138,0.02349640540066633,0.021560574948665368,-0.020618556701030966,0.06565720294426924
1998-09-30,0.005043897917196949,-0.02528338237816863,0.25980495540350423,-0.015972518241769262,-0.17668342474101162,-0.03875984184455883,-0.19412223190133415,-0.19412223190133415,-0.19512195121951215,-0.19512195121951215,-0.082771004083524,0.2351112174121024,0.47004363722137055,-17.427390791027154,-0.32289805295769414,-0.11952861952861948,0.04184884447220494,-0.022245762711864403,-0.07444668008048294,-0.1428571428571429,-0.14267676767676762,0.10526315789473673,-0.18091485352064407,0.0020100502512561125,-0.021052631578947323,-0.00947268708556992
1998-12-31,0.037111869760096505,0.05438976511202864,0.030156876789313003,-0.08320592532191762,0.04470324281815241,0.04702536290980275,0.29117596859532346,0.29117596859532346,0.48484848484848486,0.45454545454545436,-0.42433140728110885,0.6366673121611155,-1.3039833126078062,-0.4252551387092137,-0.27408575247626554,-0.04971319311663491,0.056354916067146155,0.007583965330444364,0.04347826086956519,0.028571428571428692,-0.04933726067746691,0.11904761904761907,0.007320644216690875,0.03510531594784361,-0.032258064516129115,0.1500637551801085
1999-03-31,0.1548757353670358,0.01033287323853238,0.26634645053792205,0.1476245182330269,0.034899605240143794,0.014248994732691367,0.021017845340383312,0.021017845340383312,0.0,0.02083333333333326,2.4180561649846424,3.6912769544768835,13.930192662971761,-3.1084156558709517,0.7960812086874409,0.11066398390342047,0.03121452894438148,-0.04086021505376347,0.03541666666666665,0.06481481481481466,0.04260263361735084,0.1063829787234043,-0.10382059800664445,0.014534883720930258,-0.05555555555555558,-0.11960363107199778
1999-06-30,-0.1344559152532827,-0.014201792539452085,-0.25124389019653703,0.017913942036005492,0.019354769698136653,-0.03616117497420146,0.06218712238909019,0.06218712238909019,0.061224489795918435,0.061224489795918435,-0.6353541512885523,-1.8337431745671446,-2.388718501692578,-1.1285214400094894,-0.05696485371047033,-0.0126811594202898,0.06053935057787574,0.022421524663677195,0.01810865191146882,-0.047826086956521685,-0.052748885586924255,0.09615384615384603,0.17771084337349397,0.0372492836676217,-0.0117647058823529,-0.03156237701692244
1999-09-30,0.012711511833568334,0.035039432252907954,0.0008851458212655317,0.09145127647931228,0.024152267580596742,0.0561473226068292,-0.3036606671271279,-0.3036606671271279,-0.28846153846153855,-0.3076923076923077,1.2403626122161593,-1.156288285563034,-0.8774193137772799,-6.0687586525149975,0.272648714946758,-0.08807339449541296,-0.03425012973534003,-0.016447368421052655,0.031620553359683834,-0.10502283105022836,-0.1435294117647059,0.08771929824561409,0.011213850088530375,-0.023941068139963217,0.011904761904761862,-0.051690507152145515
1999-12-31,0.0050140414227237695,0.03564678297747781,0.004727440614372247,-0.04553843918035172,0.005284998514298644,0.0593957168318513,0.39477215706867375,0.39477215706867375,0.3783783783783785,0.41666666666666674,-0.4432331565507759,-0.08864802090390012,-0.7360851505711319,-0.7299708667152222,0.06496550213558216,-0.06539235412474853,-0.006985491671144484,0.010033444816053505,0.01724137931034475,-0.09183673469387754,-0.08058608058608063,0.08064516129032273,0.00038910505836575737,-0.009433962264150941,0.0117647058823529,0.08506170723345896
2000-03-31,-0.04170029368175465,-0.10027691003280226,-0.11246521260759823,-0.029919377555137627,0.025164912223481606,0.04805436993452994,0.1942271491319807,0.1942271491319807,0.21568627450980382,0.196078431372549,0.49504321749867697,-0.34575767229478604,10.271099744245523,-10.18509777478085,-0.5603134448077991,-0.03982777179763175,0.04166666666666674,0.10706401766004414,0.033898305084745894,-0.0561797752808989,-0.054780876494023856,0.08955223880596996,0.06962271489692728,0.027619047619047654,0.08139534883720945,-0.07250898463725752
2000-06-30,0.060248843934429086,-0.0010192249212189752,0.06313335715448987,-0.023347433351906588,0.05788920063073033,-0.03938338712417189,0.18442622950819665,0.18442622950819665,0.19354838709677424,0.19672131147540983,-0.20829695353611632,3.304577179029378,-1.2559215234504548,-0.8681129097382814,-0.16806997848255212,0.1905829596412556,0.06701298701298697,0.0887337986041874,0.05828779599271394,0.14880952380952372,0.11907270811380388,0.06849315068493156,-0.0021818181818183957,0.06672845227062085,0.021505376344086002,0.022823078560783472
2000-09-30,0.0077790867284097676,0.04618956185480805,-0.01715701965375016,0.14857611211108246,0.028278905759536288,0.047951866882399274,-0.2989087037529944,-0.2989087037529944,-0.29729729729729726,-0.3013698630136986,0.3231296572280178,-0.7277200656096228,-2.8910107761560497,-1.2955747286390202,0.0597132414956425,0.05084745762711873,0.0331061343719572,0.055860805860805884,0.027538726333907082,-0.005181347150259086,-0.048964218455743835,0.07692307692307687,0.020408163265306367,0.034752389226759384,0.021052631578947434,-0.08913034428208644
2000-12-31,0.004982931310680838,0.007686650679456397,-0.016218932323410873,-0.005750745078285657,0.0216426872759643,-0.07695747364513417,-0.3373407576141061,-0.3373407576141061,-0.34615384615384615,-0.33333333333333326,-0.2172061904440089,0.2035729123390113,-0.3656495707999712,-0.5734463276836158,0.024035655541996048,-0.007168458781361964,-0.10367577756833168,-0.08152645273200354,0.021775544388609624,-0.03124999999999989,-0.07029702970297025,0.0714285714285714,0.01660714285714282,-0.06884970612930308,-0.010309278350515427,0.013528336380255856
2001-03-31,-0.010296362915982127,-0.02964265089448337,-0.0409982596193863,-0.0181964029384446,0.012934173306113461,0.02559298021114209,0.43516455535043597,0.43516455535043597,0.44117647058823506,0.4117647058823528,-0.09534087311865092,0.18455873892532515,-0.1709688423925404,-11.45253863134658,-0.24533678756476685,0.057761732851985714,-0.08622502628811779,-0.07271010387157695,0.011475409836065653,0.032258064516129004,0.13951011714589967,0.14444444444444438,0.02336202353767791,-0.046889089269612216,-0.03124999999999989,-0.011679292929292928
2001-06-30,0.02822699327154443,-0.048716204727087264,0.03766169080624726,-0.042134308034114554,0.02146833976288387,-0.05848224232431709,-0.343313373253493,-0.343313373253493,-0.346938775510204,-0.33333333333333326,0.17619926199261982,1.8586692569208352,-2.092243330361429,0.4103484688489969,-0.4584963954685891,-0.03839590443686014,-0.21518987341772156,-0.2046843177189409,0.021069692058346856,-0.04687499999999989,0.02242990654205612,0.058252427184465994,-0.006522485410230039,-0.185430463576159,-0.021505376344086002,-0.006844002372587532
2001-09-30,0.16748605275431827,0.4154217397581417,0.35979440726940926,1.5505383423992338,0.027539815663421452,0.14544740304610815,0.13211752786220865,0.13211752786220865,0.15625,0.125,-0.09181879648411084,0.3069486918110771,3.1174808489262844,-4.9435459718478585,3.339038924812983,-0.11623779946761303,-0.10850439882697938,-0.13188220230473757,0.0365079365079366,-0.13661202185792354,0.1032906764168191,0.05504587155963292,-0.11990324809951625,-0.09523809523809523,-0.04395604395604402,-0.44507741075940643
2001-12-31,-0.031707875359741955,-0.06825478548495989,-0.06303593740443336,-0.10867396929142636,-0.0015381612073723794,-0.011697525380448437,-0.16138655211502895,-0.16138655211502895,-0.16216216216216217,-0.05555555555555547,0.24997022036926753,-0.7483588336994813,-1.356050324056424,-1.138105183216252,-0.10627666413418269,0.056224899598393385,-0.03865131578947367,-0.05752212389380529,-0.0015313935681471325,0.018987341772152,0.16238608119304043,0.008695652173912993,0.03121319199057715,-0.046213093709884356,-0.011494252873563204,0.04536799403924152
2002-03-31,0.0012705017818013253,0.0017619721577122327,0.1544930460877365,0.2443415383906502,-0.13719825653714302,-0.060864766332477616,0.19507683551508248,0.19507683551508248,0.25806451612903225,0.11764705882352944,-0.19778910754276458,-0.698005992354582,0.26267774541716626,-0.7011273027220237,-0.0355402975314697,0.1796577946768061,-0.06244653550042767,-0.11737089201877937,-0.056748466257668606,0.18012422360248426,0.1796151104775483,0.06034482758620685,-0.1383971064153816,-0.08344549125168255,-0.03488372093023262,-0.19489981785063748
2002-06-30,0.0274610711727723,0.047973523236118254,0.0025379316583953315,-0.043620743922534344,0.05759891541740414,0.0909192086471855,0.2319323729015359,0.2319323729015359,0.28205128205128194,0.26315789473684204,0.32584937039676887,1.1265822784810124,0.13958142532478535,-4.593376264949402,0.1324157570004747,0.20225624496373884,0.11222627737226265,0.054964539007092084,0.05691056910569103,0.27894736842105283,0.2876132930513593,0.04878048780487809,0.029385771100309377,0.05433186490455233,0.0,0.09571119417666729
2002-09-30,-0.005573312816381848,0.003297126187077115,-0.032609869170564854,-0.514487603191504,0.025418046609911205,0.07456815111956283,-0.016526529428819936,-0.016526529428819936,-0.020000000000000018,0.0,0.11112355523698603,-0.31362612612612617,0.1409691629955947,-0.3115719406041987,0.08049934139624004,-0.048927613941018744,0.07136997538966372,0.055462184873949605,0.024615384615384706,-0.10288065843621397,-0.14641013608634434,0.054263565891472965,0.031122558488946073,0.03064066852367686,0.024096385542168752,1.0665230272017237
2002-12-31,0.032424339457719276,0.022175039532000396,0.038101615412548195,-0.060078380441345725,0.02628488258986783,0.05737038781121351,-0.16956564465408808,-0.16956564465408808,-0.18367346938775508,-0.10416666666666663,-0.660316500352787,0.6638931208250323,-0.9039183971616405,-0.4261807363332094,0.04275067187543291,-0.031712473572938604,0.05130168453292505,0.02547770700636942,0.02552552552552556,-0.05504587155963303,-0.10060472787245744,0.051470588235293935,-0.005828476269775118,-0.0013513513513513375,0.0235294117647058,0.08749294061427526
2003-03-31,0.027508977699093773,0.0273299052931264,0.052299684218633624,0.1069469780069936,0.0003914066065222599,-0.04619097729778654,0.24217501922963147,0.24217501922963147,0.2749999999999999,0.16279069767441867,1.917566765578635,1.3576560078884352,3.036111865327179,0.7180816591056383,0.0704378786268467,-0.05385735080058229,0.02840495265841203,0.03571428571428559,0.013177159590043841,-0.07766990291262144,-0.10207823960880191,0.09790209790209792,-0.02638190954773867,0.014884979702300516,0.02298850574712641,-0.07190508528742046
2003-06-30,0.019097336945747667,0.04573315140932199,-0.0015675271801284252,-0.0003613389249619292,0.042874712919961366,0.01470798659487138,0.07568829189292181,0.07568829189292181,0.07843137254901977,0.08000000000000007,-0.2642135025731779,-0.5705921013323774,0.11072990245543224,2.661259901923802,0.24092138903368343,0.00692307692307681,0.0,0.004497751124437954,0.041907514450867156,-0.0052631578947368585,-0.05718175629680056,0.04458598726114649,0.023225806451612874,0.0013333333333334085,0.0,0.04609822235613126
2003-09-30,0.06169557358335287,0.013248152154317738,0.10458595379836333,0.0974434245404956,0.014448183041722684,0.026254657186539854,-0.5635655138821237,-0.5635655138821237,-0.5636363636363637,-0.5740740740740741,-0.3799071104721884,5.371643244747461,-3.409363454666586,-4.008860498660622,-0.5841617826495709,0.054239877769289624,-0.14730878186968843,-0.15970149253731347,0.01664355062413314,0.010582010582010692,0.02166064981949467,0.04268292682926833,-0.04434636401849523,-0.1411451398135819,-0.022471910112359605,-0.0767363396971692
2003-12-31,0.04602447048107794,0.07056772210595619,0.038446595498456304,0.0483631100908275,0.05511386627926251,0.07987315178755461,0.8782467532467533,0.8782467532467533,0.8333333333333335,1.0869565217391304,0.8874275523851984,-0.7056537025309545,-1.3691460747593072,-1.145048623476236,0.6919043725046901,0.020289855072463725,-0.005813953488371992,-0.014209591474245165,0.04774897680763979,0.005235602094240788,0.17031802120141326,0.0,0.008577083791510898,0.0046511627906975495,-0.011494252873563204,0.021213066535942016
2004-03-31,-0.0015339247497461184,0.012736590848185125,-0.008426644653627524,0.03196062283704082,0.0066030514553905295,0.07825140637556927,-0.2649632670700086,-0.2649632670700086,-0.25,-0.33333333333333326,0.056454470296445125,-0.490948883448327,0.03472931562819204,2.623229461756374,0.4363574332584652,0.02911931818181812,-0.1278195488721804,-0.12972972972972974,0.00390625,-0.015625,0.0,0.08771929824561409,0.008068033144352338,-0.1466049382716048,0.011627906976744207,-0.018634082478725666
2004-06-30,-0.0029469455941286693,-0.009932307692307685,-0.025023464533307505,0.09440228798117944,0.022725640280939707,0.014751140496073178,0.5262732417138238,0.5262732417138238,0.5151515151515151,0.53125,-0.08959195081050864,-0.4057421846535014,2.033102994406055,-1.7732603596559813,-0.2349122147225906,0.12008281573498958,-0.051724137931034475,-0.051759834368530044,0.02204928664072625,0.11640211640211628,0.24879227053140096,0.037634408602150504,0.025740860912827124,-0.07233273056057876,0.02298850574712641,-0.09533973674848806
2004-09-30,0.7588685964110722,0.5339350015953326,1.4315174802542332,2.44527291886196,0.01317147498534288,0.26669502599775363,-0.9601791217257319,-0.9601791217257319,-0.96,-0.9591836734693877,0.1241711282479494,96.81630901287554,-17.73118816177747,-2.8675429726996966,0.5734095671746049,0.13370301910043114,-0.1636363636363637,-0.2882096069868997,0.010152284263959421,0.1090047393364928,0.17069632495164422,0.0362694300518136,-0.4238717840573598,-0.2300194931773879,-0.0674157303370787,-0.554758159653952
2004-12-31,0.005600747589681987,0.009514213240478409,-0.01935218576557729,-0.5427573829415788,0.07198882464364997,0.08978168850748003,22.744860943168078,22.744860943168078,21.0,22.0,0.31817188797133733,-0.9385000727097677,-1.0304652921060242,-1.6509204114780727,-0.23721985629018205,-0.011956521739130421,-0.008454106280193163,-0.11963190184049077,-0.04020100502512569,-0.02564102564102566,0.14663362247005374,0.004999999999999893,0.06588579795021965,-0.08354430379746824,-0.04819277108433728,1.2077721351291677
2005-03-31,0.02482002828784835,0.12643796577514355,-0.057505905727833984,0.04647541378369269,0.2251878404498331,0.13057984991076665,0.2384274583694046,0.2384274583694046,0.20454545454545459,0.13043478260869557,-1.0404885809937352,-0.4130009376656203,-3.777754129065214,-2.8985236015803704,0.5904289717611555,-0.024202420242024236,0.10109622411693042,0.04181184668989535,0.2251308900523561,0.01754385964912286,-0.009365994236311348,0.034825870646766344,0.1957417582417582,0.06353591160220984,-0.012658227848101222,0.07640764076407636
2005-06-30,0.009009041397729733,0.01858509985022172,0.0011692566395760107,0.024624408103989692,0.02368719365557248,-0.014140186091202378,0.31822854558164404,0.31822854558164404,0.3018867924528301,0.28846153846153855,-18.897257470323375,-0.21939785394311906,-0.8032181442035093,-0.1052208835341365,0.3321767416644077,0.0219842164599775,0.0829646017699115,0.03678929765886285,0.022435897435897578,-0.1637931034482758,-0.11490909090909096,0.0769230769230771,0.014359563469270586,0.06233766233766236,-0.02564102564102566,-0.005899842051472759
2005-09-30,0.014251401564653321,-0.0033152276580709072,0.01261420297555138,0.07637486993040499,0.01724924429480401,0.0076598097677988974,-0.17986150102938425,-0.17986150102938425,-0.1884057971014491,-0.17910447761194026,0.20620725933719086,-0.6059878108456782,-8.494431897827273,-3.057654643381753,-0.5130738238645614,0.005515719801434171,0.2359550561797752,0.31612903225806455,0.016718913270637348,-0.020618556701030966,-0.10312243221035344,0.0,0.003114382785956993,0.26894865525672373,0.03947368421052633,-0.0740221505677835
2005-12-31,-0.0057308469217483005,0.0,-0.022579642899024477,0.0,0.02498008490496395,0.1610130180317999,0.22463106648410158,0.22463106648410158,0.24999999999999978,0.21818181818181825,0.0,0.0,0.0,0.0,0.0,0.1662095447065277,0.05454545454545445,0.11029411764705865,0.012332990750256956,0.14736842105263182,-0.11452130096197899,0.03571428571428559,0.030764888512559985,0.050096339113680166,0.05063291139240489,0.0
2006-03-31,0.013742701422675418,0.05269241794048307,-0.004071199924797542,-0.07897689600652824,0.04470613528257772,0.032607642283334126,0.06764395304056148,0.06764395304056148,0.04285714285714293,0.05970149253731338,-0.3036083353874741,1.688269165631704,-0.9417265888025271,-1.169148704118662,0.4020351449048245,0.0,0.05799373040752376,0.07947019867549665,0.04263959390862948,-0.00917431192660556,-0.08742886704604236,0.01724137931034475,0.03066812705366928,0.04036697247706433,0.03614457831325302,0.14292202876608617
2006-06-30,0.02319412264270415,0.037064657816820556,0.0009134461634949798,0.05624900890288376,0.06011334919289113,-0.06348356971387359,0.26038515243192917,0.26038515243192917,0.2602739726027399,0.2535211267605635,1.5888855610313937,0.18731625367492644,6.005706134094151,2.73915592028136,0.47533532041728765,0.10536218250235185,0.05111111111111111,0.07770961145194266,0.05842259006815964,0.06018518518518512,0.02494331065759625,0.016949152542372836,0.03586609989373013,0.05820105820105814,0.023255813953488413,-0.018148099085971703
2006-09-30,-0.011140582148877698,-0.0009077259589261866,-0.017899862022413893,-0.0065104352840809065,-0.000565862294547359,0.06860268250359969,-0.9471692016525493,-0.9471692016525493,-0.9456521739130435,-0.9438202247191011,-0.11603668412528134,1.2454899186416695,-0.30910201588271224,-1.2953440978209751,-0.09515632102631444,0.07148936170212772,-0.20155038759689925,-0.18026565464895627,-0.002759889604415755,0.013100436681222627,-0.012168141592920345,0.016666666666666607,0.010771992818671361,-0.21166666666666656,0.03409090909090917,0.00562151466091021
2006-12-31,-0.03151482351446222,0.030678334445333633,-0.05100050284143309,0.15842332250744784,-0.0015587018781143547,-0.03830258399718334,26.5128877238969,26.5128877238969,12.2,11.799999999999999,0.9088388915989483,-0.534341524889729,1.6335470085470085,-7.36135881104034,0.668981300586101,0.2740270055599683,0.2436010591350397,0.2777777777777777,-0.0036900369003689537,0.27586206896551735,0.5487122060470326,0.0901639344262295,0.030956609997462525,0.2769556025369979,0.0,-0.11023657260408748
2007-03-31,0.031448390115587976,0.021073961288603726,0.01550054251233135,-0.23658605774108654,0.0547515898289852,0.008042262508617837,-0.07731394000984482,-0.07731394000984482,-0.0757575757575758,-0.0625,-0.9629135605475081,-0.031055480378890388,-0.9486185913128629,-1.408567518857219,-0.16376698171894122,0.20448877805486299,0.13413768630234202,0.16123188405797118,0.04814814814814805,0.20945945945945943,-0.0462762111352133,0.041353383458646586,0.02264336697021907,0.17384105960264895,-0.01098901098901095,0.3375050261359065
2007-06-30,0.02104221393255945,0.04862282553411834,0.017873483503719312,-0.04111584257777534,0.025500097750989603,-0.043150645409834376,-0.07305362428581264,-0.07305362428581264,-0.06557377049180335,-0.08333333333333326,11.666050420168068,-0.13267229942043157,-6.401851347672203,-4.079279500061267,0.6030428105202534,0.0522774327122153,0.042553191489361764,0.06240249609984372,0.028268551236749095,0.0027932960893854997,-0.0985595147839271,0.07581227436823101,0.0043321299638989785,0.06629055007052176,0.0,0.09357032805982501
2007-09-30,0.02256176021056233,-0.016944869154272846,-0.027974856116891655,0.13501503404227644,0.09312974353440517,0.03577256248536753,0.09720958728626328,0.09720958728626328,0.08771929824561409,0.1090909090909089,-0.1039767525178138,0.8136623460268899,-7.125094501285218,-2.314829552991113,-0.4946209195333473,0.0054107230693558606,0.26530612244897944,0.30543318649045537,0.09020618556701021,-0.02228412256267409,-0.05298570227081589,0.030201342281879207,0.0690150970524801,0.33333333333333326,-0.022222222222222254,-0.1338785608741967
2007-12-31,0.038702202982986655,0.041590944596163304,0.02833078151801094,0.004121984832890169,0.051580119841659,0.0259854344576278,-0.008105044078580037,-0.008105044078580037,-0.016129032258064502,-0.016393442622950838,0.3876227286863032,-0.23668849184330265,-0.7176782305312356,-1.2952837326607818,0.28899793643427696,0.0572407045009784,-0.0706831119544592,-0.04611923509561311,0.10165484633569744,-0.028490028490028352,-0.20026642984014198,0.0032573289902280145,0.01232907419861018,-0.024801587301587324,-0.022727272727272707,0.03729418766117831
2008-03-31,0.05120917168648087,0.0854430920471827,0.11205782964864741,0.014198954127028651,-0.02267455732395629,0.11519704384167051,0.07917093142272269,0.07917093142272269,0.13114754098360648,0.13333333333333353,-0.808136432520117,-0.44947806112064204,-0.9573302244243661,-0.8435599590023916,0.035074415362578604,-0.15386395187413227,-0.01225114854517606,-0.010613207547169767,-0.022889842632331958,-0.23167155425219943,-0.1393670183231539,0.038961038961039085,-0.07019486271036313,-0.011190233977619535,0.0,0.07026200038248231
2008-06-30,0.03151480727768918,0.05308247780614228,0.019934243877004265,0.05225652044107498,0.047514647968494916,-0.07097969549984506,-0.025386889236654442,-0.025386889236654442,-0.014492753623188248,-0.014705882352941235,3.2596506841695403,1.1377489040300004,0.11202185792349728,6.283686394409259,0.24681417893879964,0.10226961990702765,-0.007235142118863114,-0.0023837902264601807,0.04831625183016097,0.12595419847328237,0.0658064516129031,0.03749999999999987,0.015479876160990669,0.010288065843621519,-0.011627906976744207,0.0007862197126724535
2008-09-30,-0.015500963780364918,0.008658432878459799,0.0041721504837024526,-0.12228599601853063,-0.04196591835596297,0.06397583568264187,-0.088881680317898,-0.088881680317898,-0.08823529411764708,-0.08955223880597019,-0.28090885348655004,0.47852942629836437,-32.062653562653566,0.16121971695850323,0.2298702532021224,-0.10493674026296218,-0.01926080166579891,-0.03703703703703698,-0.03980446927374304,-0.1457627118644068,-0.1470944309927361,0.03614457831325302,-0.026969981238273988,-0.04175152749490829,0.0117647058823529,0.14919297243250962
2008-12-31,-0.04926944068170758,-0.029349481709576186,0.022127718307437094,0.16151400333854427,-0.14994085794661027,-0.2161180868572501,-0.7666043613707165,-0.7666043613707165,-0.7741935483870968,-0.7704918032786885,2.016652139173386,-0.25712710136693295,-2.2082064465097884,0.19011593379638003,0.22243992838218052,-0.34783813747228376,-0.15445859872611467,-0.1923076923076923,-0.15200000000000002,-0.3214285714285714,-0.347764371894961,0.03488372093023262,-0.10580862858520124,-0.16365568544102016,-0.03488372093023262,-0.16431545584488216
2009-03-31,-0.0653137778625601,-0.15042882359577348,-0.10376679767962071,-0.26341170754185417,-0.04915314828419992,-0.06013617267854554,0.9372282815956068,0.9372282815956068,1.0,1.0,-1.0246747852468983,-0.15159149701945784,-0.5633807427290136,-2.5057710665625272,-0.27399596530637216,-0.13939651508712292,-0.15442561205273075,-0.17511520737327202,-0.04974271012006859,0.01754385964912286,0.04896626768226353,0.03370786516853941,0.017250673854447562,-0.13087674714104192,-0.06024096385542166,0.1533799360452146
2009-06-30,-0.009005660520005065,-0.0887658387406286,-0.06895633998067241,-0.0960185322828403,0.09686841624851361,-0.08485976929289696,0.5155321075632899,0.5155321075632899,0.4999999999999998,0.4999999999999998,-26.96096608929007,-0.037729345635804434,2.218840199422724,-0.8354129444988762,-0.062115617811951074,0.25876543209876535,-0.10987379361544158,-0.11731843575418999,0.09566787003610111,0.32183908045976994,0.5549792531120332,0.03532608695652173,0.10678325384207743,-0.07748538011695905,-0.03846153846153855,0.007995099777555748
2009-09-30,0.04481177101951661,0.09869909595221937,0.018638071753459107,0.17122771436010575,0.0769313121317079,0.157146097341337,0.354298184085418,0.354298184085418,0.357142857142857,0.357142857142857,0.4762437273291109,-0.21783815060755518,-0.5172879618954453,-8.70007878840935,0.5099724019573737,0.1514319340918009,-0.01834862385321112,-0.00843881856540074,0.07578253706754534,0.052173913043478404,0.3502334889926617,0.03149606299212593,0.030883409145319618,0.04120443740095081,-0.053333333333333344,-0.06191831643585888
2009-12-31,-0.0030901232596249883,0.029253465210276053,-0.011483348916188518,0.033322413066878775,0.0072118175902187165,0.08335726872588678,0.1959294853350213,0.1959294853350213,0.19298245614035103,0.17543859649122817,-0.36905527299115815,-0.32243632648747667,-0.35375150784077203,-0.45022624434389136,0.1856785212376264,0.16899488926746176,0.33899745114698376,0.3936170212765957,0.010719754977029039,0.08677685950413228,0.20207509881422925,0.03307888040712448,0.01021830004644686,0.35312024353120264,0.04225352112676051,-0.003920766424601929
2010-03-31,-0.005292692879850569,0.030563314914343387,-0.0016492791978074406,-0.0065729879070609565,-0.004686090026009837,0.03948565818984351,0.015446306840965596,0.015446306840965596,0.014705882352941124,0.02985074626865658,-0.8175489572928962,0.45164812311531666,-0.012879381789674071,-1.8576627995946813,-0.13431090932054368,0.1407752841737102,0.16434010152284273,0.20458015267175567,-0.005303030303030143,0.12927756653992417,-0.1705713111385121,0.034482758620689724,0.0006896551724138167,0.15860517435320576,0.04054054054054057,0.037376779846659325
2010-06-30,-0.0093649070981483,0.016410766515831066,-0.02251514941595989,-0.09629511429239024,-0.0021299183531298116,0.021047098764368277,0.2913217918746447,0.2913217918746447,0.30434782608695676,0.2898550724637683,5.417827914178279,-0.35650585580745675,0.25323349217154534,-2.369677388243237,0.21250425524751515,0.08814512008175779,0.17874659400544957,0.1913814955640052,-0.0007616146230008392,0.09090909090909083,-0.10208126858275512,0.033333333333333215,0.007351252010108,0.12135922330097104,0.051948051948051965,0.12471954599445678
2010-09-30,0.07527818767003414,0.12115224875726804,0.011481444484640946,0.09647230945804486,0.15469440245847554,-0.0125691370047748,0.14602879475480424,0.14602879475480424,0.14444444444444438,0.146067415730337,0.21995519558848864,-0.18144375800077917,0.14454704568773002,0.7700595007569624,0.31022173680979126,0.005165531814979918,0.11696717521960243,0.14468085106382977,0.15091463414634143,0.006172839506172645,-0.16225165562913912,0.032258064516129226,0.07388825541619148,0.12554112554112562,0.024691358024691246,0.022500586716733162
2010-12-31,0.044751860957686684,0.11231768671899611,0.06253490713783827,0.047256027422471814,0.024110910622787474,0.03408166335063134,-0.09304187257842433,-0.09304187257842433,-0.10679611650485432,-0.10784313725490191,-0.6074737972144533,1.1483647242809547,-3.3615798354777473,0.044027846842366936,0.2471949005470091,0.20882971268395223,0.0314569536423841,0.04739776951672847,0.023178807947019875,0.052147239263803824,0.04281949934123852,0.03125,-0.019749416011892063,0.05384615384615388,-0.012048192771084376,0.062114474250466234
2011-03-31,0.023402250462096763,-0.0013529170047722472,-0.07229760069332147,0.04787232581958767,0.12713671743143373,0.15133683210049997,0.2542955326460481,0.2542955326460481,0.26086956521739113,0.2637362637362637,-0.16231534627633737,0.30779212558551716,-2.1528748464887797,-1.8443468569305659,-0.16735013688284717,0.09507246376811596,0.05337078651685401,0.09671694764862471,0.12686084142394827,0.06997084548104948,0.020214782059380765,0.03679653679653683,0.1011698440207971,0.0802919708029195,0.012195121951219523,-0.04697460831982714
2011-06-30,0.04855789120670506,0.08119734932492761,0.00881051006185296,0.03354725099643363,0.08139732311515058,0.06543580319584219,0.07111090260836939,0.07111090260836939,0.06896551724137945,0.06956521739130439,1.1396597645845863,-0.0011132354008857037,-0.8998576450422707,-1.560736487020093,0.11269962563461844,0.1298747132521616,-0.005714285714285672,0.039644012944983764,0.08041355542791484,0.0027247956403271267,-0.0012383900928791824,0.03340292275574108,0.031477473932716826,0.02635135135135136,0.024096385542168752,0.04611547291743423
2011-09-30,-0.0070745884318997865,-0.004356678867016184,0.07260902358565269,0.020235134237461816,-0.0802171227813222,-0.025779266629655018,0.01698508220990025,0.01698508220990025,0.040322580645161255,0.04065040650406515,0.39836769931937277,0.5699333737129013,6.530122812107146,-1.190274033238099,-0.01927187878911385,-0.13353115727002973,0.02183908045977012,0.02801556420233453,-0.048910154173312015,-0.19836956521739124,-0.2021078735275883,0.03434343434343434,-0.07381270265115392,0.0039499670836076195,0.0235294117647058,-0.024114013222065633
2011-12-31,-0.019954084590194987,-0.06467295084568714,-0.04594189806009885,-0.0030219138456338834,0.0023343837850402505,-0.02155946869679115,-0.14345639029096113,-0.14345639029096113,-0.1240310077519381,-0.1328124999999999,0.4493635900270645,0.011450793993734498,0.7676610718000745,0.25219414190546674,-0.024606344206226205,-0.14437635183850028,0.00637420322459703,0.02346707040121121,0.0,-0.10169491525423735,-0.19269619269619265,0.03515625,0.02285831960461282,-0.0026229508196720097,0.02298850574712641,-0.061830196013104466
2012-03-31,0.04983888003835424,0.08404715185671496,0.020411843433134624,0.08022374108251196,0.08273858039800741,0.006098474674507637,0.08648170308619019,0.08648170308619019,0.07079646017699126,0.08108108108108092,-0.3880688685039526,-0.14510001373186254,-0.8392252589977188,-5.2174463773011315,0.10639390221040612,0.27217189804086805,-0.015648286140089507,-0.013313609467455634,0.07993292342090541,0.2754716981132075,0.2184793070259865,0.037735849056603765,0.03120595933158854,-0.0019723865877713243,-0.011235955056179803,0.0035512414548251048
2012-06-30,-0.018074035401824062,-0.012167620696319159,-0.03024307173266927,-0.04628693794102856,-0.01001023252736466,-0.037670155008261874,-0.6507686754347806,-0.6507686754347806,-0.6528925619834711,-0.65,-0.5032943728550152,0.5029358747836019,0.11161319475824683,-2.1534749614560598,-0.11092134727616154,0.01838052657724787,-0.1722180166540499,-0.17541229385307344,-0.01345755693581785,-0.059171597633136064,0.00789889415481837,0.036363636363636376,0.008395158141351056,-0.15810276679841895,-0.022727272727272707,0.03577010409601611
2012-09-30,0.018151171145366574,-0.04465393424836828,-0.03160305434564359,-0.07449982216436857,0.060189131671053886,-0.03455717235075795,1.6306848298526448,1.6306848298526448,1.6428571428571432,1.6190476190476195,0.9811456041717592,0.24201113868734492,2.1146747967479675,0.026055408970976357,-0.12801055114119952,-0.07951219512195118,-0.07727480566986744,-0.053636363636363704,0.06295907660020994,-0.06603773584905659,0.10658307210031337,0.03508771929824572,0.04123910939012587,-0.025039123630672844,-0.023255813953488413,0.03222867554948183
2012-12-31,0.022195556784742942,0.014753556976519588,0.03004779070626773,0.006527899778307589,0.013959656129275633,0.039880464470544164,-0.33004906257241007,-0.33004906257241007,-0.32432432432432434,-0.31818181818181823,0.499378973949808,-0.4614450574141179,-0.29597629892588195,-2.2697558747398876,0.18640380288196456,0.009362303479950596,-0.12685827552031725,-0.11143131604226708,0.01875616979269501,-0.05050505050505061,0.056657223796034106,0.03389830508474567,-0.008181480104127892,-0.0890850722311396,-0.023809523809523836,0.008191747572815489
2013-03-31,0.0038268508543501945,-0.0027094185870520926,0.028514239515094575,0.12789830887070175,-0.01941592431928918,-0.06685757334248599,0.2629624060150375,0.2629624060150375,0.2666666666666666,0.2533333333333332,-0.4588115248732747,-0.0322042323533589,0.5577924846597335,-1.5701494923654968,-0.08957998392282962,0.12408120406020307,-0.08683314415437005,-0.08324324324324328,-0.008236434108527257,0.1028368794326242,0.24061662198391431,0.03934426229508192,-0.0230596175478065,-0.052863436123348095,-0.03658536585365846,-0.11580444833529391
2013-06-30,-0.03318296625507722,-0.08665621660135381,0.2082095071389125,-0.13510158871251876,-0.24749930061062397,-0.011576855639976569,-0.014859442532772937,-0.014859442532772937,0.03157894736842115,0.042553191489361764,-0.18698428788646726,-0.11699746854019155,0.9030964394516374,1.8099878481959246,-0.27648630502363736,-0.02164097773626028,0.21690490988191424,0.15448113207547176,-0.1875915974596971,-0.012861736334405127,0.05780659103187458,0.03785488958990535,-0.2216465169833045,0.17860465116279078,-0.025316455696202556,0.05600247524752455
2013-09-30,0.04020325250775714,0.0880177364772623,0.011953665113474177,0.09386473828687669,0.08433222911557636,0.022770527139043484,0.09394602303629496,0.09394602303629496,0.13265306122448983,0.13265306122448983,0.728928731734078,-0.34739072627555256,-0.8431413010173774,-1.7215934134475446,0.2757524812574883,0.00684277530235522,0.025025536261491288,-0.0337078651685393,0.0835838845460013,0.23778501628664506,-0.14300306435137877,0.03647416413373872,0.04240631163708075,-0.02209944751381221,-0.012987012987012991,-0.0053325520070318655
2013-12-31,0.03306335760281143,0.06324558724204232,-0.0268870884920408,0.062131696999053077,0.10924036957388572,0.06678301302113043,0.7227881385893584,0.7227881385893584,0.7387387387387385,0.7117117117117115,-0.1682375763519799,-0.24625962946456992,-0.24225632848315726,-0.1262677484787018,0.1888562553091846,0.04330646435909591,0.3183856502242153,0.2621564482029599,0.13596004439511655,-0.03684210526315779,0.040524433849821184,0.035190615835777095,0.07379375591296111,0.2744148506860373,0.0,0.0010604453870626251
2014-03-31,-0.007272099368527685,-0.003717677682132825,-0.005914156244689939,-0.030167543994334967,-0.013893659734994235,-0.05098156530183995,-0.6371326146485992,-0.6371326146485992,-0.6321243523316062,-0.6263157894736842,0.29335518216025935,-0.09130838753273085,3.241056397306397,-0.38263071809212257,0.0980724542629583,-0.028632025450689325,-0.03628117913832196,-0.07370184254606371,-0.01465559355153867,-0.14480874316939896,-0.25486827033218795,0.03824362606232312,-0.006828193832599028,-0.07156428119062697,-0.013157894736842146,0.027248116760828722
2014-06-30,-0.0292790008115259,0.03281503612422343,-0.0009201983259490287,0.9279676936854766,-0.06341793835928444,-0.07912237181332127,-0.6032907410352932,-0.6032907410352932,-0.5915492957746479,-0.6056338028169014,-0.021444899546164575,0.1392452128648447,0.5903068945840673,-1.190667464319289,-0.017029136921970167,0.0701809107922644,-0.17686274509803923,-0.1636528028933093,-0.04759543877045125,0.08626198083067083,0.12221368178324354,0.03819918144611201,-0.03504102905300521,-0.14665757162346538,-0.013333333333333308,-0.464279576052707
2014-09-30,-0.017677068847531285,-0.011518576457041574,-0.012707153328719856,-0.0039268844510573775,-0.030765525312695274,0.062337838441198556,2.2429277854501715,2.2429277854501715,2.2068965517241383,2.321428571428571,-0.07247181004836478,-3.754079634464752,-0.6807045186855016,-16.46402958314657,0.2679012034112507,-0.018799183911396233,-0.05288232491662692,-0.04864864864864871,-0.03071317022384179,0.02941176470588247,0.15273972602739727,0.035479632063074806,-0.01333026890370026,-0.05195843325339722,0.0,-0.007646241043738677
2014-12-31,0.5391646770587948,1.2202708069378447,1.0675884940441094,0.4025741039239088,-0.066776455114533,-0.15673284372480223,-1.2542517240431903,-1.2542517240431903,-1.2688172043010753,-1.2688172043010753,-0.5415857306399794,-2.0015553712152636,-46.416475301705184,12.308947036615677,2.8121141597256245,-0.14792811525323035,-0.5472837022132797,-0.6125,-0.34908700322234165,-0.12,-0.10754604872251927,0.035532994923857864,-0.39366410435592836,-0.5404721753794266,-0.14864864864864868,0.5830055498679885
2015-03-31,0.87527586570665,-0.4963814443764277,0.7532427644312389,0.2776224990920144,1.2872107777691961,0.632554962804349,-3.329533174843311,-3.329533174843311,-2.6,-2.6,-0.2622327484814797,29.950749116294205,-1.0982460122705986,-2.21326841071343,-0.8950018636274545,-0.05002614606937417,-0.2833333333333333,-0.35777126099706746,1.2871287128712874,0.4610389610389609,1.1724367509986688,0.035539215686274384,0.21974644640799101,-0.17798165137614674,-0.2222222222222222,-0.605806868851901
2015-06-30,-0.0024451852260989337,-0.019247656300491633,-0.014132264740862377,-0.060607933290486304,0.022414093085348474,0.05323472078371427,0.20948625768294105,0.20948625768294105,0.1499999999999999,0.1499999999999999,0.9084973029634644,-0.9720926298566475,-0.5418211084770075,-0.9756846667058586,-0.20726337975908593,0.07541284403669724,0.018604651162790642,-0.031963470319634646,0.02200577200577203,-0.5311111111111111,0.3208703646950659,0.034319526627219155,0.024881889763779474,0.1116071428571428,-0.12244897959183676,0.044037647871513874
2015-09-30,-0.009799086237383237,0.04040551823036487,-0.008419806413702213,-0.03328026618365332,-0.010879887464191662,-0.02833325281673882,0.25399351832320183,0.25399351832320183,0.26086956521739113,0.26086956521739113,1.1022519223727572,-1.875327477269225,1.409810599271076,-1.5029621837107578,0.13150097955008255,-0.1707899675823238,-0.197869101978691,-0.22169811320754718,-0.010942463819272774,-0.18483412322274873,-0.26774941995359636,0.03318077803203656,-0.0012292562999385304,-0.12449799196787148,-0.11627906976744184,0.07617235960631863
2015-12-31,-0.006206677289163132,0.06397062028049039,-0.029192647506854907,0.22240175781899785,0.03495098885701298,0.02790873424056972,1.6647296305358452,1.6647296305358452,1.6896551724137936,1.6724137931034484,-0.7616699325059874,-2.185406885758998,-0.9487863536062282,-1.7616321737854101,-0.0885155017271525,0.05041152263374471,1.0037950664136623,1.0909090909090908,0.03461812990720903,0.058139534883721034,0.3593155893536122,0.032115171650055396,0.041538461538461524,1.103211009174312,0.0,-0.12957270212111882
2016-03-31,-0.018309489720971794,-0.11775622432076849,-0.07557557082325006,-0.2422160161070338,0.08785450554204899,-0.06981758536813443,0.3095172508780386,0.3095172508780386,0.3012820512820511,0.3032258064516129,2.944365779016124,-3.7764612693488235,27.78350116189001,-2.8620158026594718,0.18082289200595136,0.07835455435847205,0.5018939393939392,0.5652173913043477,0.08761641945498466,0.0439560439560438,-0.5708624708624708,0.03326180257510725,0.10812407680945335,0.5616139585605233,0.0,0.16422390958855715
2016-06-30,-0.013411105959888814,-0.054247547497788484,0.04560124942179766,-0.05390589161030379,-0.10837766802577742,-0.22656742909043004,-2.3796683407395722,-2.3796683407395722,-2.3793103448275863,-2.376237623762376,-0.5379889756120156,-1.2269090865864676,-0.6718234906282377,-2.5193800455392257,-0.2326671474193881,0.3476839237057221,-0.7055485498108449,-0.7018518518518518,-0.10941960038058995,0.23684210526315796,-0.12601846822379148,0.031152647975077663,-0.09624100239936018,-0.6829608938547486,-0.07894736842105265,-0.0003791900500530465
2016-09-30,0.009080706642049963,0.0195992826098339,-0.010077197352329814,-0.07094036709120688,0.045113832380572205,-0.02288418067700837,-1.4072790569879392,-1.4072790569879392,-1.407142857142857,-1.4064748201438848,1.5056583910869374,0.09854100636508889,0.18292520423538572,-1.6801314691507296,0.20622634397219874,0.09448712764523526,0.3961456102783725,0.4223602484472051,0.04451566951566943,0.2297872340425533,2.6836544437538845,0.03121852970795569,0.03569321533923331,0.5242290748898677,-0.05714285714285705,0.0974888096502542
2016-12-31,-0.13150413581266418,1.1227525401183667,-0.2904557741126036,0.058754645562825836,0.15035971266635983,-0.2531184538462715,3.69575729215411,3.69575729215411,3.7017543859649127,3.672566371681417,0.4053037502375785,-68.5351343618112,8.251444911398986,49.98294857028394,8.716462827323747,0.037931034482758585,1.8634969325153379,2.096069868995633,0.14933515172178669,-0.00692041522491349,-0.2593217479331872,0.029296875,0.3244090002848192,2.4739884393063587,-0.12121212121212133,1.0049080602792753
2017-03-31,-0.09738008115711316,-0.2771302884094867,-0.1507861725789319,0.05950690420076077,-0.04147310373321966,0.4782196581966476,-0.9149412878473318,-0.9149412878473318,-0.914179104477612,-0.9147727272727273,-0.7060697303607528,-1.0282955249975638,-0.04295737512679565,-1.4985961298662136,-0.44728155801769,0.1541290934978643,-0.2801285484734869,-0.2313117066290551,-0.025511717591219174,0.006968641114982521,-0.607744874715262,0.030360531309297834,0.06193548387096781,-0.23377703826955076,0.034482758620689724,-0.3177257525083612
2017-06-30,-0.010110544157661439,-0.07773483487528943,-0.053118831116629295,-0.18567453704508563,0.03385712113993877,0.021043870133215625,1.0177103469822115,1.0177103469822115,1.0217391304347827,1.0444444444444443,-2.6593812435672337,-0.3906891431566075,-0.9412731858222605,-0.7561208408029787,-0.1973566322528807,0.13118124807237597,0.8169642857142858,1.0165137614678899,0.03622526636225265,0.15916955017301038,0.5662020905923346,0.02946593001841613,0.04434993924665864,0.8463626492942455,0.06666666666666665,0.13255508388922577
2017-09-30,0.031721249168093824,0.05574003106446601,0.02698250514857925,0.12133741061462167,0.03669110276189036,0.02388309112956377,0.14842305942922396,0.14842305942922396,0.15053763440860224,0.15217391304347827,-1.9435128429655575,0.9534936107470511,-1.0589764527471794,-1.1550702569964175,0.03812919275630744,0.10342633827138048,-0.04995904995904987,0.050045495905368664,0.03642773207990602,0.06567164179104479,-0.42120875046347794,0.028622540250447193,0.004847779716889544,-0.04763304910320487,0.125,-0.05849805898888938
2017-12-31,0.03023566785851961,0.0645543980984169,0.12898481167301235,0.0887638177834067,-0.05752254721237382,0.136346053471742,-2.8401112328305382,-2.8401112328305382,-2.850467289719626,-2.8679245283018866,0.7721328084517283,0.39879236421959674,-3.430347555806725,1.3952700942855656,0.08797528839926572,0.11728852648052057,-0.9366379310344828,-0.9367417677642981,-0.058673469387755084,0.07563025210084029,0.12684176809737346,0.027826086956521667,-0.08510227711308371,-0.9447360296387775,0.13888888888888884,-0.02227488151658752
2018-03-31,-0.025085501160400536,-0.12869016852447346,-0.08140346131119769,-0.2765076919874263,0.03422488038668137,-0.04215488890624619,-1.603390637736644,-1.603390637736644,-1.601010101010101,-1.595959595959596,-0.46950924127697646,-0.006707385618465955,49.95709801185909,-5.84010047409856,-0.3913776715615803,-0.15982307408772578,1.435374149659864,1.4657534246575339,0.03312255344775683,-0.10677083333333326,13.398521887436043,0.027918781725888353,0.060746677916051484,1.3854748603351958,0.024390243902439046,0.20431410567135244
2018-06-30,-0.0023790618209345027,0.05760113029681868,0.024404981026374895,0.19888244366180974,-0.02808560354286882,0.03924520677824184,1.2955449301760775,1.2955449301760775,1.3193277310924367,1.3135593220338984,-0.15837405597512222,-2.948430662441527,-0.7294321920589939,-1.4851690012693348,0.3119903841152982,-0.15258401333684302,1.480446927374302,1.4500000000000002,-0.007286505392014031,-0.18075801749271136,-0.6768271015122203,0.027983539094650123,-0.025651222907138616,1.3817330210772831,0.023809523809523725,-0.11781042463272284
2018-09-30,-0.0067876805614163205,-0.097891435654623,0.02697453691257401,0.08193452572381998,-0.04459959670519842,-0.0891536690425051,-0.5710356045903439,-0.5710356045903439,-0.5615942028985508,-0.5604395604395604,0.49637840532535704,-1.7799221669345002,0.8219926634903234,-2.2359832558484136,-0.2939159428460685,0.02215779664526818,0.059684684684684575,0.03401360544217691,-0.02436876100998253,0.03202846975088969,-0.5965791081246181,0.02642113690952752,-0.03816326530612246,0.026548672566371723,0.023255813953488413,-0.1662104206588193
2018-12-31,0.012618744402943971,-0.029693475893350918,0.005695466200533739,0.049834562101988444,0.016004391239737403,0.18508694332868747,-0.0011484064896527535,-0.0011484064896527535,0.008264462809917328,0.008333333333333304,0.10543231167202327,0.13195902905005186,-0.9370640698691574,-0.6781558381225694,-0.13397148587237573,-0.08519043760129652,1.0180658873538788,1.0175438596491229,0.020162503761661288,-0.06206896551724128,-0.12628709872804367,0.025741029641185742,0.003394865266284741,0.968390804597701,0.022727272727272707,-0.07578659370725027
2019-03-31,0.038169406914620785,-0.005626942471080865,0.04825475871443419,0.08030778254743809,0.024252500682644618,-0.09724975290197779,0.030656810395382594,0.030656810395382594,0.032786885245901676,0.04132231404958686,-0.6754833829716824,-0.09120615468290139,-6.534416826003824,0.04819221009009844,-0.16215155225815747,-0.08249363304174517,0.01158504476040001,-0.007608695652173814,0.022418879056047114,-0.10294117647058831,-0.545580589254766,0.028136882129277563,-0.013322055402833488,-0.00048661800486615725,-0.022222222222222254,-0.07951450562463003
