Quarter end,Assets,Current Assets,Liabilities,Current Liabilities,Shareholders equity,Revenue,Earnings,Earnings available for common stockholders,EPS basic,EPS diluted,Cash from operating activities,Cash from investing activities,Cash from financing activities,Cash change during period,Cash at end of period,Price,ROE,ROA,Book value of equity per share,P/B ratio,P/E ratio,Equity to assets ratio,Net margin,Asset turnover,Current ratio
1993-12-31,0.049898938635398515,-0.06636638827090702,0.06460659359728793,0.014595820653518388,-0.03544862227496959,0.178659828377,-2.5335022968477743,-2.5335022968477743,-2.5319148936170213,-2.170212765957447,0.7804417280177802,-0.45253486387599795,-0.9216872296106393,55.284574468085104,0.013834210235843747,0.08847184986595158,-0.45614035087719307,0.29729729729729715,-0.03833865814696491,-0.04615384615384621,1.5121951219512195,-0.08163265306122436,-0.45029239766081874,-0.009615384615384581,-0.07978463044542339
1994-03-31,0.049898938635398515,-0.06636638827090702,0.06460659359728793,0.014595820653518388,-0.03544862227496959,0.178659828377,-2.5335022968477743,-2.5335022968477743,-2.5319148936170213,-2.170212765957447,0.7804417280177802,-0.45253486387599795,-0.9216872296106393,55.284574468085104,0.013834210235843747,0.08847184986595158,-0.45614035087719307,0.29729729729729715,-0.03833865814696491,-0.04615384615384621,1.5121951219512195,-0.08163265306122436,-0.45029239766081874,-0.009615384615384581,-0.07978463044542339
1994-06-30,0.05850181312820624,0.18411050302156706,0.057786794583706946,0.1441639933725809,0.0630814260590733,0.178659828377,-2.5335022968477743,-2.5335022968477743,-2.5319148936170213,-2.170212765957447,0.7804417280177802,-0.45253486387599795,-0.9216872296106393,55.284574468085104,0.7680275812012338,-0.07881773399014769,-0.45614035087719307,0.29729729729729715,0.06312292358803995,-0.04615384615384621,1.5121951219512195,0.004444444444444473,-0.45029239766081874,-0.009615384615384581,0.03497340425531914
1994-09-30,0.0165543880624468,0.07901386891173257,-0.003404795515062453,-0.025849983824503542,0.14375401882270422,0.1704395188743475,1.5062493544055364,1.5062493544055364,1.5138888888888888,1.2181818181818178,-0.28175761074788963,0.0,-3.6680306905370843,-1.8461465765723197,-0.3675643499322633,0.08021390374331538,-0.45614035087719307,0.29729729729729715,0.14375000000000004,0.016129032258064502,1.5121951219512195,0.125368731563422,-0.45029239766081874,-0.009615384615384581,0.10767056404985231
1994-12-31,0.026200750754381108,-0.16642054574638843,0.03495395829786063,0.1063150681320999,-0.022405985832711472,-0.17797006729558607,-1.210196595639451,-1.210196595639451,-1.2099447513812154,-0.9836065573770492,-1.0429936997610254,0.0,-0.7661042944785276,0.0725414642318647,-0.623348803998572,-0.03712871287128716,-0.45614035087719307,0.29729729729729715,-0.010928961748633892,-0.15873015873015872,1.5121951219512195,-0.04718217562254268,-0.45029239766081874,-0.009615384615384581,-0.2466071221436028
1995-03-31,-0.02123317811382075,-0.12680318218329467,-0.010647465124282718,0.015385458383264217,-0.08346490448457222,-0.07355910454708425,2.203921568627451,2.203921568627451,2.2105263157894735,-62.0,-9.282971197574533,-1.213285220139215,12.850409836065573,-0.6139747995418099,-0.6388625592417061,-0.02570694087403602,-0.45614035087719307,0.29729729729729715,-0.09668508287292821,-0.009433962264150941,1.5121951219512195,-0.06396148555708392,-0.45029239766081874,-0.009615384615384581,-0.1399538106235566
1995-06-30,0.1307786025051385,0.7570136639909943,0.14427156365728266,0.07634588988866864,0.04515352540884021,0.2295492119101208,-1.4296817625458997,-1.4296817625458997,-1.4262295081967213,-1.3934426229508197,2.5419716935090286,-5.505856442086295,-4.296316023080337,-17.7858106285406,29.694583631591506,0.08443271767810034,-0.22580645161290325,0.29729729729729715,0.042813455657492394,0.19999999999999996,1.5121951219512195,-0.07567964731814847,-0.23404255319148937,-0.009708737864077666,0.6322950232724671
1995-09-30,-0.0713343963347054,-0.15488388549680365,-0.10481333830836004,-0.03493887658476191,0.16126813986868882,0.15858163625922161,2.895741347386412,2.895741347386412,2.865384615384615,1.7083333333333335,0.02864278332759218,-1.2584594192272656,-2.273350748211384,-1.5664443551627159,-0.5479901431114497,0.0875912408759123,0.28409090909090917,0.29729729729729715,0.14956011730205265,0.039682539682539764,0.23994452149791945,0.25039745627980925,0.2916666666666665,0.009803921568627416,-0.12425970607589387
1995-12-31,-0.028818232839608604,-0.04273465589083103,-0.03395504543280725,0.004707306715817872,-0.0013065260506255338,-0.18712481739822562,-1.0267987715706346,-1.0267987715706346,-1.0248756218905473,-0.8076923076923077,-1.1452539222745006,-7.646007048912576,-1.3781882270003525,-0.5412091809231991,-0.5562969714688635,-0.09172259507829983,0.3023598820058997,0.3333333333333335,0.012755102040816313,-0.20610687022900764,-0.21700223713646527,0.028607755880483143,0.3118279569892475,0.01941747572815533,-0.04721352536005008
1996-03-31,-0.0383736866148926,0.048463356973995175,-0.04387319465891548,-0.06227517985611508,-0.009882352941176453,0.030178302345898356,8.822646657571623,8.822646657571623,9.4,-3.08,-6.083573487031701,-1.2328198362500484,-1.434328747716512,-2.1996784367076865,1.503875968992248,0.3448275862068966,0.4620611551528877,0.5312499999999998,-0.04282115869017644,0.32692307692307687,-0.037142857142857144,0.02966625463535233,0.4672131147540981,0.04761904761904767,0.11803364879074651
1996-06-30,0.04893111638954872,-0.08765501691093569,0.026125783773513156,0.08726923999041003,0.16302281368821303,0.18582811610700056,-3.5,-3.5,-3.3846153846153846,-2.6923076923076925,1.1564625850340136,-6.2444444444444445,-0.4721030042918455,-1.2989690721649485,-0.17956656346749222,0.26007326007326004,0.3168086754453914,0.45408163265306123,0.11315789473684235,0.3115942028985508,-0.32381305637982194,0.10864345738295311,0.36871508379888285,0.05454545454545445,-0.1608276510698331
1996-09-30,0.005359299516908278,0.004016064257028162,-0.023979261179520428,-0.0319735391400221,0.13485901103391917,0.11567074634029284,0.8222222222222222,0.8222222222222222,0.814516129032258,0.7386363636363638,-0.13038906414300733,-0.15677966101694918,-0.6585365853658536,-0.9051724137931034,-0.02075471698113207,-0.14098837209302317,0.06705882352941162,0.15087719298245617,0.13475177304964525,-0.22651933701657467,-0.32089961601755346,0.12885760693015702,0.11020408163265305,0.034482758620689724,0.03712524516671323
1996-12-31,-0.015391545911855209,-0.0763076923076923,-0.01451337507114403,0.10660592255125279,-0.018725243068059005,-0.22736072273607222,-1.170731707317073,-1.170731707317073,-1.1777777777777778,-1.261437908496732,-0.9879081015719468,-1.035175879396985,0.5,1.272727272727273,-0.048169556840077066,-0.0321489001692048,-0.16648291069459764,-0.11280487804878059,-0.012499999999999956,-0.15000000000000002,-0.1365105008077545,-0.003357314148680901,-0.12132352941176461,0.016666666666666607,-0.16533837633391868
1997-03-31,-0.0020588683849321887,-0.07195203197868083,0.0008663008951776963,0.02326060107039929,-0.01321100917431195,0.059020044543429906,0.017857142857142794,0.017857142857142794,-0.025000000000000022,-0.025000000000000022,35.7,-16.75,2.761904761904762,11.44,-0.6295546558704453,0.05769230769230771,-0.017857142857142905,0.027491408934707806,-0.025316455696202556,0.07563025210084051,0.5191768007483628,-0.011068334937439972,0.02092050209205021,0.008196721311475308,-0.09289529050008094
1997-06-30,0.06999312294643545,0.22325915290739418,0.06770532794768225,0.057734862200764514,0.07883971736705098,0.14353312302839116,-4.649122807017544,-4.649122807017544,-4.615384615384615,-3.58974358974359,1.0599455040871937,2.090702947845805,-6.261603375527426,-3.057877813504823,3.497267759562842,0.016528925619834878,0.026936026936027035,0.056856187290970084,0.07792207792207795,0.0390625,-0.06465517241379304,0.008272506082725117,0.05737704918032782,0.0,0.15646743978590538
1997-09-30,0.03599228736699289,0.14113849765258224,0.003963249864889162,-0.03423354887790031,0.15856601172009643,0.15218390804597703,1.0288461538461537,1.0288461538461537,1.021276595744681,0.9306930693069306,0.5198412698412698,0.23037417461482024,-0.44506816359262225,-0.74375,0.19927095990279464,0.18536585365853653,0.16131147540983615,0.19620253164556956,0.14457831325301207,0.09774436090225547,0.09677419354838723,0.1182432432432432,0.19767441860465107,0.0,0.1815797593335391
1997-12-31,0.056800165437375094,0.0917973772177938,-0.050959985645074424,-0.06794013391098863,0.4141624516512943,-0.15642458100558654,-0.6421800947867299,-0.6421800947867299,-0.6491228070175439,-0.3589743589743589,-1.1914708442123585,-0.19499105545617168,1.3251445086705202,-0.7621951219512195,0.03951367781155013,0.20576131687242794,0.19311123658949736,0.3465608465608465,0.1438596491228068,0.0547945205479452,-0.027611044417767183,0.3379369874838154,0.34627831715210355,-0.008130081300813052,0.17130173651912783
1998-03-31,0.04513730350270695,0.13283089967027784,-0.008130081300813052,0.09740122543841112,0.16368609299389858,-0.015137180700094621,-0.13245033112582782,-0.13245033112582782,-0.31000000000000005,-0.5519999999999999,-4.35,0.3362962962962963,-0.49160969546302047,-7.384615384615385,-0.24269005847953218,0.4118316268486919,0.043539990534784634,0.1964636542239686,0.04447852760736204,0.23376623376623362,-0.19814814814814807,0.11354838709677417,0.23557692307692313,-0.024590163934426257,0.03232638501839258
1998-06-30,0.052799101291892914,0.21330561330561326,-0.07472359893252001,0.07508663842895658,0.29470258542759,0.16450528338136405,1.9694656488549618,1.9694656488549618,1.5652173913043481,1.6964285714285712,0.5848032564450474,0.0997782705099779,0.9144254278728607,-4.0120481927710845,0.9652509652509653,0.06768734891216766,-0.047165532879818506,0.14449917898193743,0.002936857562408246,0.026315789473684292,-0.14472671285604322,0.22972190034762452,0.16536964980544755,-0.025210084033613467,0.128495842781557
1998-09-30,0.04683146600272692,0.08807402330363256,0.03430160692212603,0.02847421203438394,0.06381790252758002,0.11239430810476381,0.16709511568123392,0.16709511568123392,-0.02259887005649719,0.13907284768211925,-0.03767123287671237,-0.24596774193548387,-0.5089399744572158,-0.4706666666666667,0.25998690242305167,-0.12,-0.14564493098524522,-0.020086083213773254,0.0644216691068813,-0.12307692307692308,-0.20342034203420345,0.016254416961130724,0.008347245409014992,-0.025862068965517238,0.05798488182948991
1998-12-31,-0.019310266719519742,-0.167244094488189,-0.06154765461607414,-0.08427651053456386,0.036361249671829965,-0.15276232851316274,-0.40528634361233484,-0.40528634361233484,-0.4046242774566474,-0.40697674418604646,-0.9350533807829181,0.45788770053475947,-0.3784135240572172,-5.105793450881612,-0.8471933471933472,-0.23156089193825036,-0.017270194986072407,0.07320644216691075,0.038514442916093516,-0.2807017543859649,-0.19661016949152532,0.0567918405192398,0.08609271523178808,-0.008849557522123686,-0.09062132585692306
1999-03-31,0.04440466566578127,0.0247730711043872,0.05475963069086287,0.07929264118653734,0.03204559848005073,0.00919037199124717,-0.2518518518518519,-0.2518518518518519,-0.2524271844660194,-0.2549019607843137,9.452054794520548,-0.801467216872994,-1.0271966527196652,-1.194478527607362,1.0782312925170068,0.357142857142857,-0.03231292517006812,0.02592087312414737,0.02384105960264904,0.30894308943089444,0.42194092827004215,-0.011844702785698602,0.03201219512195097,-0.008928571428571397,-0.050522128294380964
1999-06-30,0.06634599436059041,0.06218859568186019,0.07767381024247921,0.1027131782945736,0.05252822778595978,0.14852558542931482,1.0841584158415842,1.0841584158415842,1.0779220779220782,1.0921052631578947,1.0498034076015728,2.351039260969977,2.5384615384615383,-0.7886435331230284,0.10965630114566283,-0.07483552631578949,-0.02108963093145866,-0.009308510638297962,0.05174644243208282,-0.0931677018633541,-0.11177052423343214,-0.012874583795782546,0.001477104874446189,-0.009009009009009028,-0.036765476065779845
1999-09-30,0.02514647171670026,-0.13933287004864492,-0.006722061432172577,-0.040421792618629215,0.0649486940298507,0.1121389465735323,0.3040380047505937,0.3040380047505937,0.30000000000000004,0.3018867924528301,-0.4168797953964194,-0.26740179186767743,-6.239130434782608,0.34328358208955234,0.1327433628318584,-0.059555555555555584,0.022740873728306354,0.04026845637583887,0.06396063960639609,-0.1095890410958904,-0.07461024498886415,0.03867776028783454,0.04424778761061954,-0.00909090909090915,-0.10308829926054808
1999-12-31,0.10261986647784749,0.17460637868389184,0.17435849233950562,0.03013653013653017,0.01905179021132164,-0.14785265659480562,-0.6903460837887068,-0.6903460837887068,-0.6923076923076923,-0.6908212560386473,-0.9320175438596491,0.6293508936970837,8.240663900414937,5.188888888888889,0.7252604166666667,-0.09168241965973545,-0.10649502633118779,-0.1225806451612903,0.020809248554913173,-0.14615384615384608,-0.14921780986762934,-0.07577397705130973,-0.08898305084745761,-0.03669724770642202,0.1402764306498545
2000-03-31,0.019953213155359917,0.025949475854957882,0.0400192092204259,0.175044448036205,-0.006983990544751295,-0.018924302788844605,-1.4411764705882353,-1.4411764705882353,-1.4375,-1.4375,7.096774193548388,-0.7026558891454966,-1.0251459362370903,-1.1238779174147218,-0.05207547169811322,-0.19354838709677413,-0.23051735428945652,-0.24558823529411777,-0.010192525481313663,-0.2072072072072073,-0.132956152758133,-0.026469899273834585,-0.2186046511627907,-0.02857142857142858,-0.12684742158426365
2000-06-30,0.03332433890987585,0.014907872696817481,0.09504386639987694,0.04635488308115554,-0.05345163384548801,0.12243654822335026,-2.1733333333333333,-2.1733333333333333,-2.178571428571429,-2.178571428571429,1.0358565737051793,0.9359223300970874,0.4642857142857142,-0.17391304347826086,-0.04538216560509556,-0.05548387096774188,-0.3157446808510638,-0.34307992202729043,-0.053775743707093926,-0.045454545454545525,0.18760195758564446,-0.08397497593840242,-0.31944444444444453,-0.03921568627450989,-0.030077934729664024
2000-09-30,0.07141924533228883,0.15415084997524353,0.10401293133740941,0.02694886288944387,0.018404206675811663,0.0895441389290883,0.8068181818181819,0.8068181818181819,0.8181818181818181,0.8181818181818181,-0.03131115459882583,0.9558676028084252,-14.853658536585366,-4.087719298245614,0.14678899082568808,-0.1106557377049181,-0.5298507462686567,-0.5578635014836795,0.01813784764207993,-0.05952380952380942,0.29532967032967017,-0.04938271604938271,-0.5364431486880465,-0.04081632653061229,0.1239171374764596
2000-12-31,0.06832399057600136,0.15215215215215205,0.12527850276911323,-0.09011776753712242,-0.03210236839151415,-0.12070396812219819,-6.50314465408805,-6.50314465408805,-6.516666666666667,-6.516666666666667,-0.8626262626262626,0.1476923076923078,0.5299295774647887,-3.0681818181818183,-0.2647272727272727,-0.015360983102918557,-3.0952380952380953,-2.966442953020134,-0.030878859857482177,-0.03797468354430378,1.1081654294803815,-0.09394860458690235,0.0,-0.031914893617021156,0.2661974977658623
2001-03-31,-0.007148288973384043,-0.07235943899714536,0.007863325224868545,0.04262802476083283,-0.03792183694769802,-0.025679758308157052,-0.6217142857142857,-0.6217142857142857,-0.6223564954682779,-0.6223564954682779,2.9926470588235294,-0.8203753351206434,-1.1743383199079402,-0.554945054945055,-0.1602373887240356,0.1638065522620904,0.4002525252525251,0.31058020477815695,-0.0404411764705882,0.19736842105263164,0.0,-0.031107044830741226,0.0,-0.03296703296703296,-0.11027790030877815
2001-06-30,0.03657322303921573,0.0026759432700027563,0.05085316569375853,0.03562272297935509,0.005906460945033665,0.12267441860465111,-1.1419939577039275,-1.1419939577039275,-1.144,-1.144,0.278084714548803,3.1840796019900495,-2.6369636963696372,2.037037037037037,-0.5795053003533569,-0.09249329758713143,0.055906221821460766,0.0,0.0063856960408683605,-0.05494505494505497,0.0,-0.02958766131570656,0.0,-0.022727272727272707,-0.03182944967773915
2001-09-30,0.10196918757158158,0.34307445956765403,0.1335327422283945,-0.0243648208469055,0.031156381066506977,0.007077507336440636,4.382978723404255,4.382978723404255,4.277777777777778,4.277777777777778,1.1008645533141213,1.1646848989298455,3.300403225806452,-0.8983739837398375,-0.14005602240896353,-0.05760709010339726,-0.08625106746370625,-0.13541666666666663,0.029187817258883086,-0.05813953488372081,0.0,-0.06422315926046074,0.0,-0.05813953488372081,0.37668988119623115
2001-12-31,-0.010795587890166658,-0.08693492300049677,-0.010837809819998157,0.004273504273504258,-0.010691458454387015,-0.18735001714089816,-2.5928853754940713,-2.5928853754940713,-2.6,-2.6,-0.8834019204389575,-1.9730843174951938,-0.5850914205344585,-92.96,14.986970684039088,-0.012539184952978122,-0.5196261682242991,-0.536144578313253,-0.008631319358816336,-0.03703703703703709,0.0,0.0,0.0,-0.04938271604938271,-0.09083469721767601
2002-03-31,-0.024199288256227747,0.02295973884657232,0.001429115853658569,0.013031914893617103,-0.08739574768001879,0.05484075089643525,1.1116625310173696,1.1116625310173696,1.111842105263158,1.111842105263158,-2.635294117647059,-1.2859158904882868,-1.0824858757062148,-1.2966507177033493,-0.27791361043194784,0.22698412698412707,1.2334630350194553,1.149350649350649,-0.08955223880596996,0.23076923076923062,0.0,-0.06481802426343153,0.0,-0.038961038961038974,0.00981916373455527
2002-06-30,0.023062762668889514,0.07499202212530576,0.03382171058890693,0.06734050932003144,-0.006049684644098385,0.15116976604679055,-0.9659224441833137,-0.9659224441833137,-0.9657320872274143,-0.9657320872274143,-4.935251798561151,1.050345508390918,-2.9589041095890414,-0.3841642228739003,-0.23702031602708806,-0.0620957309184994,0.10017421602787446,0.05740181268882183,-0.006830601092896238,0.03125,0.0,-0.028169014084507005,0.0,-0.013513513513513487,0.007130702536261246
2002-09-30,-0.015141741639789541,-0.05590738175341381,-0.02829798003036854,-0.08092485549132944,0.02188552188552184,0.07799200972728859,-5.310344827586207,-5.310344827586207,-5.2727272727272725,-5.2727272727272725,-0.6755027422303473,-1.051998074145402,-1.5594405594405596,-1.4559523809523809,0.14164201183431957,-0.2510344827586207,0.14964370546318295,0.13428571428571412,0.022008253094910613,-0.24242424242424243,0.0,0.03737604881769663,0.0,0.013698630136986356,0.027194464558693454
2002-12-31,-0.0069633561998000415,0.023268001257729765,0.05360356094327123,0.04094741067844243,-0.16905335191990878,-0.14969384466645186,-4.448,-4.448,-4.446808510638299,-4.446808510638299,-0.7915492957746479,-6.851851851851852,-3.0125,-2.0365535248041775,-0.12860382248137348,-0.13996316758747696,0.09159779614325081,0.030226700251889227,-0.1682368775235532,-0.16000000000000003,0.0,-0.16323529411764715,0.0,0.04054054054054057,-0.016996945249471374
2003-03-31,0.03867115631617324,0.014339854552903875,0.07510112359550569,0.06928911171101682,-0.08494738447460726,-0.017055144968732283,0.30626450116009285,0.30626450116009285,0.308641975308642,0.308641975308642,-1.6486486486486487,1.6598101265822787,5.813664596273292,0.5919395465994963,-0.23494423791821561,0.062098501070663836,-0.19558359621451105,-0.24938875305623465,-0.08737864077669899,0.26984126984127,0.0,-0.11906854130052713,0.0,0.0,-0.051314741035856426
2003-06-30,0.06426924233815723,0.10441280420074728,0.06228836587099207,0.07429670593892768,0.07216666666666671,0.17428185849238487,-1.802841918294849,-1.802841918294849,-1.8018867924528301,-1.8018867924528301,-40.958333333333336,1.0380725758477096,-0.4567000911577028,0.4430379746835442,-0.4431486880466472,-0.05443548387096764,-0.5129411764705882,-0.5472312703583062,0.07092198581560294,0.03749999999999987,0.0,0.007481296758104605,0.0,-0.012987012987012991,0.02796909121451363
2003-09-30,0.01727169953523422,0.026424065100118854,0.00602101452127024,-0.036593554162936415,0.061713042126535056,0.1528484649482844,-0.0995575221238938,-0.0995575221238938,-0.09999999999999998,-0.10588235294117643,-0.55422314911366,-1.0061295971978985,-0.6728187919463087,-2.174342105263158,0.9345549738219896,0.3496801705756929,-0.6634460547504026,-0.6834532374100719,0.057947019867549576,0.2650602409638556,0.0,0.0435643564356436,0.0,0.013157894736842035,0.06544652340877533
2003-12-31,0.006112243007964535,0.022893283449135993,0.01118760757314985,0.18178650249738637,-0.012884333821376326,-0.12446596411278843,-1.3955773955773956,-1.3955773955773956,-1.392156862745098,-1.3947368421052633,-0.03274853801169586,-62.666666666666664,-0.07692307692307687,-1.26890756302521,-0.1299052774018945,0.11848341232227488,-1.9952153110047846,-1.977272727272727,-0.012519561815336422,0.05714285714285716,0.0,-0.018500948766603353,-0.6540880503144655,0.0,-0.1344325153374233
2004-03-31,0.04298600883652437,0.0731516154315075,0.06696324951644095,0.07057204639276593,-0.04894690002966484,-0.026675341574495803,1.652173913043478,1.652173913043478,1.6500000000000004,1.6500000000000004,-0.7388149939540507,-0.2447876447876448,1.6777777777777776,-0.02777777777777779,-0.14515292897874543,-0.08898305084745761,0.9711538461538463,0.930232558139535,-0.0522979397781298,-0.08108108108108114,1.5955734406438635,-0.08844852585790242,0.9454545454545455,0.0,0.002392132541862324
2004-06-30,-0.010972847350925186,0.016879006735372792,-0.0114571625394293,-0.0515056922511935,-0.008889582033686838,0.16761363636363646,-0.9601873536299765,-0.9601873536299765,-0.9622641509433962,-0.9622641509433962,6.7407407407407405,-0.7014314928425358,-3.008298755186722,-2.4714285714285715,0.2498483929654336,-0.10077519379844968,-1.7341463414634144,-1.7228915662650603,-0.10033444816053516,-0.0490196078431373,-0.5635658914728683,0.0021208907741250282,0.0,0.025974025974025983,0.07212303340993476
2004-09-30,0.014723378941106535,0.03231984677998567,-0.008582431688978542,-0.06746684735262798,0.11471282454760034,0.09546300271933594,-44.529411764705884,-44.529411764705884,-46.833333333333336,-46.833333333333336,-0.43361244019138756,0.03424657534246567,-0.5072314049586777,-0.5922330097087378,0.08151382823871911,-0.0431034482758621,-1.6744186046511627,-1.6666666666666665,0.22490706319702602,0.061855670103092786,0.0,0.09894179894179911,-0.5327102803738317,0.012658227848101333,0.10692497938994228
2004-12-31,-0.022424153598123997,-0.0396567717996289,-0.012171210832007673,-0.006331741747975905,-0.06154714850367027,-0.1360073164358505,-1.6067567567567567,-1.6067567567567567,-1.6072727272727274,-1.6072727272727274,-0.4667370644139388,5.903973509933775,-0.7777777777777778,-11.035714285714286,-0.756393001345895,0.27567567567567575,-2.137931034482759,-2.125,-0.06980273141122917,0.03883495145631066,1.5150976909413854,-0.04044294655753489,0.0,0.012499999999999956,-0.03351456021449317
2005-03-31,-0.010314842578710626,-0.0066006600660065695,0.01718972361620863,0.10320693617465793,-0.12078820697954273,-0.02842885226069858,0.7928730512249442,0.7928730512249442,0.7784431137724552,0.43113772455089827,-1.0653465346534654,-2.0983213429256597,-0.28301886792452835,-2.293594306049822,4.016574585635359,0.0847457627118644,2.5454545454545454,2.5111111111111115,-0.12234910277324629,0.16822429906542058,0.0,-0.11138986452584043,0.0,0.024691358024691246,-0.09956076134699854
2005-06-30,0.021177967642246776,-0.02836074872376626,0.019623725194212183,0.028217024902944754,0.02840034217279719,0.17743190661478603,-1.2161490683229814,-1.2161490683229814,-1.2154882154882154,-1.2343096234309623,-29.363636363636363,-2.3615720524017467,-1.4342105263157894,-1.9853278312700597,-0.8854625550660793,-0.07161458333333326,-0.3516483516483516,-0.3607594936708861,0.026022304832713727,0.06400000000000006,0.0,0.006775832862789155,0.0,0.012048192771084265,-0.05502781343602914
2005-09-30,0.041299510458388866,0.0909015094654324,0.014696324113526504,0.01445805322773741,0.16386624521710202,0.1179114342366161,4.183908045977011,4.183908045977011,4.125,3.8392857142857135,-0.0395299145299145,-0.6882617062219372,-0.1515151515151515,-0.9790600279199628,-0.14423076923076927,0.12342215988779803,-0.47457627118644063,-0.4752475247524752,0.14855072463768115,0.09022556390977443,0.0,0.11777902411665742,0.0,0.023809523809523725,0.07543923202318403
2005-12-31,0.08043422514744858,0.17750936472746726,0.05490907796875555,0.058097312999273676,0.18296169239565474,-0.1361002719640535,-1.3658536585365852,-1.3658536585365852,-1.350609756097561,0.0,0.020022246941045596,2.097736625514403,90.53571428571429,-11.422222222222222,1.756554307116105,0.03121098626716612,-0.6881720430107527,-0.679245283018868,-0.025236593059936974,-0.10344827586206895,0.0,0.0948319116909182,0.0,-0.011627906976744207,0.11284210526315785
2006-03-31,0.025369198312236385,0.039602674803609794,0.058123060315746766,0.1416437886067261,-0.09195263412276466,0.006569942513003024,1.396969696969697,1.396969696969697,1.0521739130434784,-1.8708487084870848,-0.0708833151581243,-0.5589505147791431,-0.5532579008973859,0.42643923240938175,0.9089673913043479,-0.006053268765133013,-0.27586206896551724,-0.2941176470588236,-0.09223300970873782,0.023076923076922995,0.0,-0.11411549037580204,0.0,-0.0117647058823529,-0.08936814226258027
2006-06-30,0.052363561545188064,0.08180853056891269,-0.006089202027608653,0.06951228676636356,0.29634065202927484,0.18710905629589347,-1.7016434892541086,-1.7016434892541086,-1.6186440677966103,-1.5847457627118644,0.7863849765258215,0.6257530120481927,-0.44366812227074237,-1.0,0.0,0.1327649208282582,-7.555555555555556,-8.333333333333336,0.089126559714795,0.24812030075187952,0.0,0.23176409725814806,1.12,-0.011904761904761862,0.011467508725278464
2006-09-30,0.011706339508284813,-0.020204352594816122,0.01831537079804968,-0.030002810567734683,-0.009443646068569067,0.07182130584192437,-1.3135135135135134,-1.3135135135135134,-1.3013698630136985,-1.318840579710145,-0.0045992115637318864,-0.11857341361741547,-0.2056514913657771,inf,0.08398576512455525,0.004301075268817067,-3.0363196125907987,-3.1136363636363633,-0.013093289689034338,-0.07831325301204817,0.13718220338983045,-0.020999580008399854,0.0,-0.012048192771084376,0.010105159382188589
2006-12-31,-0.015121868734449317,-0.07364637954398157,0.00532333763820203,-0.10416515755161171,-0.08238341968911922,-0.1553916853692423,-0.33333333333333337,-0.33333333333333337,-0.34090909090909094,-0.34090909090909094,-0.598019801980198,-1.0315291644771414,-0.7727272727272727,5.6440677966101696,0.5147734734077478,0.11563169164882225,-0.3008323424494649,-0.30107526881720426,-0.08955223880597019,0.130718954248366,0.0,-0.06821106821106815,0.0,0.0,0.034078893859292414
2007-03-31,0.06524245174266019,0.013865038478661829,0.08309311943852604,0.11611546858575239,0.0009034443817053095,-0.0390990763001392,-0.11206896551724133,-0.11206896551724133,-0.10344827586206884,-0.10344827586206884,0.05254515599343179,-47.083333333333336,11.408695652173913,-1.8890306122448979,-0.3021239705244907,-0.026871401151631447,-1.2976190476190477,-1.3,-0.0018214936247722413,0.06936416184971095,0.0,-0.06031307550644571,-0.5471698113207548,-0.012195121951219412,-0.09163127261286774
2007-06-30,0.03138311344431388,0.02226961922087689,0.025138856746123484,0.020430341230167404,0.05573733498815292,0.19094021595996846,-5.475728155339806,-5.475728155339806,-5.384615384615384,-5.346153846153846,2.1684867394695786,-0.27124773960216997,-1.03083391730904,-0.9598278335724534,-0.017391304347826098,-0.20019723865877725,-0.5771428571428572,-0.5897435897435896,0.054744525547445244,-0.20000000000000007,0.2914143766495887,0.023517883390494765,-0.5833333333333333,-0.012345679012345734,0.0018183392501516238
2007-09-30,-0.00502299415100238,-0.09898134511536572,-0.03222620424979539,-0.07731629392971251,0.09800149620604892,0.10028748341441829,0.8611713665943601,0.8611713665943601,0.8596491228070178,0.8672566371681416,-0.4771048744460856,-0.28138957816377175,7.931818181818182,26.821428571428573,-0.4924146649810367,-0.22071516646115896,14.91891891891892,14.874999999999998,0.10207612456747395,-0.2635135135135135,1.1708343351767247,0.10339875538535193,14.95,-0.012499999999999956,-0.023509075194468543
2007-12-31,0.0076286207902354075,-0.053122658857181815,0.010905379792972791,0.06802092951677441,-0.0033093245084679923,-0.14872877097779114,-0.9603729603729604,-0.9603729603729604,-0.9528301886792453,-0.957345971563981,0.02259887005649719,-1.1450276243093922,-0.8575063613231553,-2.5917843388960202,1.544209215442092,-0.02848101265822789,0.09592529711375208,0.10629921259842523,0.05651491365777095,-0.11926605504587162,-0.9494378911225564,-0.010845986984815648,0.11912225705329171,0.0,-0.11338289962825265
2008-03-31,0.06372887394508897,0.10896928720420052,0.10184891401540286,0.0680115273775217,-0.06533203124999998,-0.008971786093731504,-11.558823529411764,-11.558823529411764,-10.7,-11.777777777777779,-0.6832412523020257,-11.552380952380952,-35.785714285714285,-0.9387096774193548,0.037200195790504154,-0.06351791530944617,-0.21920991479473273,-0.2241992882562278,-0.02377414561664193,-0.11458333333333337,-0.1796276013143483,-0.12105263157894741,-0.22408963585434183,0.0,0.03833483078766098
2008-06-30,0.0666513156517552,0.1246594889090673,0.06945026178010472,0.1129249865083648,0.05548009612370697,0.10875521143537825,-2.7576601671309193,-2.7576601671309193,-2.804123711340206,-2.7938144329896906,1.0261627906976742,0.20532490974729245,-0.15503080082135523,-5.315789473684211,-0.15478999528079285,-0.16695652173913045,0.1498015873015872,0.1330275229357798,0.0669710806697108,-0.14117647058823535,0.08411214953271018,-0.010479041916167664,0.16245487364620947,-0.025316455696202556,0.010479761561388301
2008-09-30,-0.005809047198508499,-0.03189158016147631,0.01343842557462116,-0.06625045460055767,-0.0836468026133439,0.14439192092823383,-2.370839936608558,-2.370839936608558,-2.3714285714285714,-2.3793103448275863,-0.47058823529411764,-0.5578435043055036,-0.019441069258809285,-3.4451219512195124,0.4477945281965383,-0.09394572025052195,-1.4926660914581535,-1.465587044534413,-0.0884450784593438,-0.15068493150684925,-0.2795566502463054,-0.07866868381240544,0.0,-0.012987012987012991,0.03682207421503336
2008-12-31,-0.045460826309244196,-0.10114969917197836,0.008091396550891305,-0.1167802661473547,-0.28497353354218424,-0.22352609838527981,-0.11445086705202312,-0.11445086705202312,-0.12083333333333335,-0.12083333333333335,-0.3685636856368564,-1.2159187129551228,-1.1548946716232962,-0.7032418952618453,0.09178557655225617,0.22811059907834097,1.6777583187390546,1.391304347826087,-0.2863849765258216,0.33870967741935476,0.0,-0.25068418171866447,0.0,-0.02631578947368418,0.01771129668716176
2009-03-31,-0.011704855653900226,-0.028497581019285567,-0.012458969259889319,-0.05512273996766137,-0.006949690285541599,-0.10240599685648655,-0.7493472584856398,-0.7493472584856398,-0.7488151658767772,-0.7488151658767772,-0.3433476394849786,-10.24705882352941,-7.98,-2.9327731092436977,-0.16248675379724475,0.045028142589118136,-0.041857423152387274,-0.12363636363636366,-0.00877192982456143,0.4698795180722892,0.0,0.0043827611395179655,0.0,-0.027027027027027084,0.02813345356176744
2009-06-30,0.0339610797237917,0.08731837096664163,0.031831525826721885,0.04262601120099574,0.047314772554389206,0.13671875,-2.515625,-2.515625,-2.509433962264151,-2.490566037735849,6.235294117647059,-0.03816793893129766,-0.757593123209169,0.6043478260869566,-0.3112610712779418,-0.17953321364452424,0.4259385665529012,0.29460580912863055,0.08407079646017723,-0.17213114754098358,0.0,0.013090909090909042,0.0,-0.01388888888888895,0.04288721276968954
2009-09-30,0.01309372027604061,0.05765731852688383,-0.004867267041313017,-0.04319606087735006,0.12405578152237062,0.14634435359639775,2.0103092783505154,2.0103092783505154,2.0999999999999996,2.113924050632911,0.6224028906955736,-0.423721340388007,-1.9976359338061465,-1.0907859078590785,0.041028781383955826,0.2560175054704594,-1.144088080421254,-1.1378205128205128,0.12040816326530601,0.15841584158415833,0.0,0.10983488872936098,-0.8074534161490683,-0.028169014084507116,0.10545790934320065
2009-12-31,-0.004194966040751091,-0.030549294103689673,-0.028188648929634685,-0.018869395711500925,0.12703540966658045,-0.12538763696506094,-0.7248858447488584,-0.7248858447488584,-0.7258064516129032,-0.7276422764227641,-1.0016703786191536,-0.5095638867635808,-2.3886255924170614,-1.8656716417910446,-0.034117647058823475,0.3362369337979094,4.401993355481728,4.7441860465116275,0.11475409836065564,0.19658119658119655,7.598290598290598,0.13130659767141029,4.774193548387097,0.0,-0.011943704830734148
2010-03-31,0.006158475426278898,0.010585571804442306,0.004230591553405105,0.06453151076849717,0.015250544662309462,-0.01914667297009809,-0.7800829875518672,-0.7800829875518672,-0.7794117647058824,-0.7761194029850746,-182.66666666666666,-0.2527301092043682,-1.9061433447098977,7.017241379310345,-0.2831912302070646,0.2033898305084747,0.11623616236162371,0.18623481781376516,0.011437908496731986,0.07857142857142874,-0.7834990059642146,0.00914808461978267,0.17039106145251393,0.01449275362318847,-0.050662149676624635
2010-06-30,0.018202843072751662,0.05303947687091304,0.008909764423891797,0.07555057857409486,0.06155409984187932,0.17652729244487286,10.056603773584905,10.056603773584905,9.933333333333334,9.666666666666668,4.121100917431193,3.008350730688935,0.8210922787193973,-0.7935483870967742,-0.08156329651656757,0.2340195016251354,0.11515151515151523,0.19112627986348119,0.05977382875605808,0.2185430463576159,0.02754820936639102,0.04249291784702547,0.15751789976133646,0.028571428571428692,-0.02092457420924565
2010-09-30,0.002565106716271748,0.01673183072677098,-0.028916992632766148,0.021725550079822353,0.14214278114693046,0.09330192544039329,1.0887372013651877,1.0887372013651877,1.0792682926829271,1.0749999999999997,-0.38086707273378717,-0.6921875,-0.04239917269906923,-3.1979166666666665,0.19518963922294175,0.06057945566286205,0.1027667984189724,0.1919770773638967,0.11128048780487809,0.0,-0.11528150134048254,0.13967391304347831,0.16701030927835037,0.0277777777777779,-0.004887342611000656
2010-12-31,-0.020214448936544227,-0.060114234010066214,-0.03346018880047452,-0.03213315217391299,0.029715882626921264,-0.10210772833723658,-0.47058823529411764,-0.47058823529411764,-0.47214076246334313,-0.47590361445783125,-0.7262731481481481,-1.0642978003384094,-0.01943844492440605,-2.881516587677725,-0.30727554179566563,0.08029801324503327,0.12365591397849474,0.1923076923076923,0.057613168724279795,-0.02717391304347827,-0.0818181818181819,0.05054840247973291,0.15724381625441697,0.027027027027026973,-0.028885374177973877
2011-03-31,0.01889726109317058,-0.03971119133574008,0.007695847821640456,0.04190355864392514,0.05853084856160673,0.006990088680229434,0.1450617283950617,0.1450617283950617,0.14444444444444438,0.15517241379310343,1.5116279069767442,-9.894736842105264,0.25881057268722474,-0.2619647355163728,-0.3273743016759777,0.16015325670498082,0.18979266347687385,0.2681451612903225,0.05836575875486383,0.0949720670391061,-0.022002200220021972,0.03903767589650475,0.23206106870228993,0.026315789473684292,-0.07834733413337913
2011-06-30,0.023946472590679724,0.04993734335839606,0.021820211605307893,0.09673942333602792,0.0311084522690368,0.15022793203481144,-0.6118598382749326,-0.6118598382749326,-0.6116504854368932,-0.6119402985074627,1.1035353535353534,5.15680473372781,-0.6937882764654418,-1.2320819112627985,0.11295681063122931,0.0653896961690883,-0.1461126005361929,-0.09856915739268679,0.026960784313725616,0.010204081632652962,-0.16310461192350956,0.006989951944080364,-0.12267657992565051,0.025641025641025772,-0.042689732142856984
2011-09-30,0.0050441361916770955,0.030196335859640655,-0.007796786929208155,-0.06738329238329244,0.04790716949854956,0.07917492343721855,1.6909722222222223,1.6909722222222223,1.6874999999999996,1.717948717948718,-0.039215686274509776,-0.054781355117731856,0.22571428571428576,-0.9264705882352942,0.00746268656716409,-0.05145691258524476,-0.1887755102040818,-0.16049382716049376,0.06205250596658707,-0.07575757575757569,0.048387096774193505,0.042950108459869796,-0.1807909604519774,0.02499999999999991,0.10463421742932089
2011-12-31,-0.012394965970875638,-0.07576898569194235,0.006481643684776994,-0.005730092867022307,-0.0720556829866329,-0.1283699190384776,-0.17419354838709677,-0.17419354838709677,-0.16279069767441856,-0.17452830188679247,-0.6368179925031237,-1.179461108286731,1.0466200466200468,68.4,0.5140740740740741,0.04836601307189525,-0.01693275278180939,-0.012605042016806789,-0.07078651685393267,-0.016393442622950838,0.23717948717948723,-0.06073211314475879,-0.024137931034482807,0.012195121951219523,-0.07044854881266494
2012-03-31,0.03599615014436952,0.038483234095894714,0.035357302700283366,0.1083730789613142,0.038186157517899666,-0.004787896198410468,-0.36250000000000004,-0.36250000000000004,-0.6833333333333333,-0.6799999999999999,1.102064220183486,-5.912181303116148,-0.2722095671981777,-2.556195965417867,-0.528375733855186,0.14526184538653375,-0.14517716535433067,-0.14680851063829792,0.03627569528415964,0.2333333333333334,0.14300518134715023,0.0022143489813994943,-0.15017667844522975,0.0,-0.06301447629860912
2012-06-30,0.007729468599033895,0.025046774096203706,-0.005619596541786787,-0.005319148936170248,0.05336617405582933,0.1673241604926392,0.6544117647058822,0.6544117647058822,0.6666666666666667,0.6607142857142856,0.486088379705401,0.3685121107266436,-0.2503912363067292,-0.762962962962963,-0.2655601659751037,-0.07566684812193802,0.1646516983304549,0.17206982543640903,0.061843640606767725,-0.10810810810810823,0.06708975521305538,0.04551480335837388,0.155925155925156,0.024096385542168752,0.03049580935070173
2012-09-30,0.00230474223762811,0.01065708902496465,-0.034705115200695524,-0.08141561016643639,0.12174590802805918,0.04863171777118369,1.4207407407407406,1.4207407407407406,1.4210526315789473,1.4408602150537635,-0.33333333333333337,-0.5667930889169828,0.8100208768267223,-0.3828125,-0.2231638418079096,0.04770318021201403,0.2980721700444884,0.3319148936170213,0.12417582417582418,-0.015151515151515138,-0.11724723874256582,0.11876584953508029,0.32194244604316546,0.0,0.10024497795198428
2012-12-31,0.012674527694486848,0.011942907078357212,0.02179188871375315,-0.018184196755625326,-0.012645914396887115,-0.10996698632290525,-0.7288861689106487,-0.7288861689106487,-0.7217391304347827,-0.7180616740088106,-0.36288546255506604,0.2791828793774318,-2.2745098039215685,-12.987341772151899,3.4363636363636365,0.12029229904440708,-0.10205635948210201,-0.0718849840255592,-0.01270772238514184,0.0,-0.17228103946102025,-0.02493388741972047,-0.07619047619047614,0.0117647058823529,0.030637691485571716
2013-03-31,0.02524977293369668,0.058721934369602824,0.023996082272282004,0.06462358427714854,0.02885292047853616,0.0006182107215402244,-0.16478555304740405,-0.16478555304740405,-0.1875,-0.203125,0.832324978392394,0.14828897338403046,-1.7963800904977374,-1.2851108764519537,-0.2213114754098361,0.35373808329152046,-0.055131467345207796,-0.02409638554216864,0.02970297029702973,0.36923076923076925,0.4255813953488372,0.0034870205346764216,-0.032400589101620136,0.0,-0.005530591081921887
2013-06-30,0.03685329553508154,0.07993474714518767,0.03036824485891909,0.09887359198998746,0.05540355677154585,0.10856134157105024,1.810810810810811,1.810810810810811,1.8653846153846154,1.8823529411764706,0.7924528301886793,1.390728476821192,-0.3522727272727273,0.40740740740740744,-0.4,0.09229058561897685,0.06732495511669656,0.09700176366843039,0.06153846153846132,0.05992509363295895,0.1052202283849919,0.018146718146718088,0.10654490106544912,-0.011627906976744207,-0.0172054223149114
2013-09-30,0.0017088174982911042,-0.025679758308157052,-0.057786029241123194,-0.06036446469248291,0.167854828256643,0.2396496815286624,1.7788461538461537,1.7788461538461537,1.7718120805369129,1.7755102040816326,-0.39473684210526316,-0.5346260387811634,0.368421052631579,-0.5789473684210527,-0.2807017543859649,-0.017305734645402082,0.28090832632464235,0.334405144694534,0.17391304347826098,-0.0742049469964664,-0.12619926199262,0.1657186196435343,0.28473177441540565,0.04705882352941182,0.03687002652519911
2013-12-31,-0.004094165813715467,-0.08940568475452193,-0.06182266009852222,-0.042424242424242475,0.12597114317425073,-0.22286448298008987,-0.7301038062283737,-0.7301038062283737,-0.7263922518159807,-0.7279411764705882,-0.30869565217391304,-0.8928571428571429,0.3076923076923077,-3.4375,0.9512195121951219,0.20303867403314935,-0.024294156270518563,0.055421686746987886,0.1396604938271604,0.026717557251908275,-0.1216216216216216,0.13077423552374756,0.05460385438972182,0.0,-0.04903214803445055
2014-03-31,0.03819801301815695,0.097616345062429,0.04121816749803098,0.110759493670886,0.032528339083292224,0.009917355371900749,0.20512820512820507,0.20512820512820507,0.21238938053097356,0.21621621621621623,0.5220125786163523,8.11111111111111,-0.33333333333333337,-0.7435897435897436,0.125,0.1948909299655568,0.018169582772543658,0.09246575342465757,0.03182125930941093,0.048327137546468446,0.11634615384615365,-0.005466052934407384,0.09340101522842637,0.0,-0.011836441893830596
2014-06-30,0.04174228675136127,0.04446742502585321,0.03731719616742302,0.062108262108262036,0.05011933174224348,0.12520458265139123,0.7553191489361701,0.7553191489361701,-0.12408759124087598,-0.11851851851851858,0.6239669421487604,1.548780487804878,-0.36764705882352944,-7.8,-0.7555555555555555,0.13379774201297145,0.018175809649702668,0.0867293625914316,0.07020997375328064,0.09929078014184411,0.015503875968992276,0.007810240092565701,0.0835654596100277,0.0,-0.016606170598911008
2014-09-30,-0.012353500158378217,-0.10940594059405939,-0.02600875060768104,-0.05203862660944203,0.013181818181818183,0.06545454545454543,0.19999999999999996,0.19999999999999996,0.2250000000000001,0.2184873949579833,-0.3460559796437659,-0.9138755980861244,3.8604651162790695,-1.1764705882352942,0.5454545454545454,-0.02584745762711882,-0.18792599805258037,-0.15865384615384615,0.03065603923973015,-0.09032258064516141,-0.1255301102629346,0.025832376578645233,-0.13024850042844893,-0.03370786516853941,-0.0605333579403895
2014-12-31,-0.008819756254008992,-0.023902167871039492,0.011729473421512315,-0.05432937181663833,-0.04576043068640645,-0.10853242320819112,-0.2525252525252525,-0.2525252525252525,-0.23809523809523803,-0.23448275862068957,-0.46303501945525294,-3.138888888888889,-0.32057416267942584,5.083333333333333,2.1470588235294117,0.10504567203131798,0.11790567545963238,0.11542857142857166,-0.03628792385484825,0.07092198581560294,0.27352085354025224,-0.0372132064913262,0.11034482758620667,0.011627906976744207,0.032216874570278
2015-03-31,0.03704902119398157,0.011389521640091216,0.04686729156388747,0.12507480550568517,0.01833568406205921,-0.02833078101071973,0.006756756756756799,0.006756756756756799,0.008928571428571175,0.009009009009008917,2.7246376811594204,-6.467532467532467,0.04929577464788726,-1.7671232876712328,-0.5233644859813085,0.26510529423341866,0.08223096174472655,0.07581967213114749,0.031481481481481666,0.3145695364238412,0.1066260472201066,-0.018018018018018167,0.08163265306122458,-0.011494252873563204,-0.10105623751070503
2015-06-30,0.010920436817472678,-0.06869369369369371,0.004005655042412792,0.02499999999999991,0.024469067405355593,0.13238770685579193,0.5704697986577181,0.5704697986577181,0.5929203539823011,0.5982142857142856,-0.2704280155642024,-0.5890736342042755,0.3959731543624161,-0.8928571428571429,-0.11764705882352944,-0.013378967019290644,0.10208126858275524,0.0971428571428572,0.043087971274685666,-0.04282115869017644,-0.10392291810048171,0.01331754957087905,0.09187858900738322,0.011627906976744207,-0.0914576055890759
2015-09-30,0.012962962962963065,0.03688029020556227,-0.014550574982398534,-0.03788271925272446,0.06579540333483558,0.05427974947807934,0.170940170940171,0.170940170940171,0.19444444444444442,0.1955307262569832,-0.09333333333333338,-0.23121387283236994,-0.21153846153846156,-8.166666666666668,0.9555555555555555,0.14585304320403658,0.08723021582733814,0.09027777777777768,0.07573149741824436,0.09736842105263155,0.02073732718894017,0.05227803738317771,0.09391435011269733,-0.011494252873563204,0.07771175579634182
2015-12-31,-0.004722730042656886,-0.030320699708454857,-0.0183376994522505,-0.02588996763754048,0.019450317124735772,-0.09108910891089106,-0.3029197080291971,-0.3029197080291971,-0.28372093023255807,-0.28971962616822433,0.044117647058823595,0.5263157894736843,0.018292682926829285,-1.3488372093023255,-0.17045454545454541,0.10196779964221814,0.02095395643782738,0.039012738853503315,0.030933333333333257,0.023980815347721673,-0.021820917983446098,0.024146544546211457,0.04052197802197788,0.0,-0.00454054054054065
2016-03-31,0.045308434103780826,0.15634395670475043,0.06113537117903922,0.14562569213732002,0.018249688925756846,-0.02178649237472763,-0.03664921465968585,-0.03664921465968585,-0.045454545454545525,-0.03947368421052633,0.47887323943661975,0.6551724137931034,0.10179640718562877,-1.3333333333333333,0.06849315068493156,-0.09702797202797198,0.00945179584120992,0.025287356321838983,0.030522503879979457,-0.1241217798594847,-0.1530769230769231,-0.0257452574525745,0.027062706270627013,0.0,0.00933970460469169
2016-06-30,0.030165470786352344,0.04160166406656263,0.007773205304069553,-0.003866602223296267,0.07006109979633401,0.10913140311804015,0.4130434782608696,0.4130434782608696,0.435374149659864,0.43835616438356184,-0.28761904761904766,-0.24404761904761907,-0.36413043478260865,-0.4,0.03846153846153855,-0.048402710551790906,-0.013376136971642638,0.008221225710014934,0.071285140562249,-0.07754010695187163,-0.095367847411444,0.03866481223922125,0.019280205655527016,-0.011627906976744207,0.04572842694211321
2016-09-30,0.23653162757640378,0.7973040439340988,0.32372958257713247,0.03008248423095594,0.09021697754092117,0.04819277108433728,-0.01538461538461533,-0.01538461538461533,-0.01421800947867291,-0.014285714285714457,-0.17914438502673802,-0.7992125984251969,-13.658119658119658,578.0,21.444444444444443,-0.06961197500363325,-0.06697396963123647,-0.09191994069681242,0.08856607310215558,-0.13043478260869568,-0.1094377510040162,-0.1183717193358329,-0.029003783102143688,-0.05882352941176461,0.744726823747299
2016-12-31,0.14518910219565462,-0.4305555555555556,0.2049700085689803,0.19406500235515778,0.02339385474860345,-0.026819923371647514,-0.5546875,-0.5546875,-0.5528846153846154,-0.5603864734299516,-0.4136807817589576,37.84313725490196,-0.7900067521944631,-1.8578008059873343,-0.8195819581958196,0.22992814745392054,-0.1301947108398721,-0.18285714285714294,0.02195436934997841,0.13000000000000012,0.24126268320180388,-0.10631834750911295,-0.10909090909090913,-0.08750000000000002,-0.5230878103438108
2017-03-31,0.03412969283276457,0.07951219512195129,0.03655241075238225,0.11834319526627213,0.028317980211531868,0.1476377952755905,-0.13157894736842102,-0.13157894736842102,-0.13978494623655913,-0.13186813186813184,1.6111111111111112,-0.7536597677940434,-1.4083601286173635,-0.9026845637583892,-0.44207317073170727,0.19164338328676656,-0.1480120280654862,-0.1908091908091908,0.02695871946082562,0.16519174041297946,0.30336058128973664,-0.005438477226376581,-0.16107871720116618,-0.04109589041095896,-0.03474712501545696
2017-06-30,0.04057464569986413,0.09579755987347482,0.023051591657519133,0.049029982363315794,0.0829462508294625,0.20182961692395662,1.98989898989899,1.98989898989899,1.9999999999999996,2.012658227848101,0.30638297872340425,-0.010245901639344246,-0.08661417322834641,-1.103448275862069,0.08196721311475419,-0.06650325055952244,-0.00588235294117645,-0.04814814814814816,0.08367514356029537,-0.09113924050632916,0.03972125435540064,0.04066985645932997,-0.04257167680278007,0.0,0.04458109146810152
2017-09-30,0.0017723880597015906,-0.08701030927835052,-0.027896995708154515,-0.07027572293207796,0.06954656862745101,0.008563273073263655,-0.10135135135135132,-0.10135135135135132,-0.10416666666666663,-0.10084033613445365,-0.5553745928338762,-0.6459627329192547,0.3448275862068966,-4.6,-0.2727272727272727,-0.04715150131293533,-0.037080867850098564,-0.036316472114137466,0.07380772142316427,-0.11977715877437323,-0.09048257372654156,0.06765188834154356,-0.06170598911070779,0.028571428571428692,-0.018027961736571063
2017-12-31,9.3118539901349e-05,-0.030713640469738013,-0.031594922737306796,-0.023508137432188048,0.06588370094528795,-0.07452830188679249,0.4022556390977443,0.4022556390977443,0.4186046511627908,0.42523364485981285,-0.14652014652014655,-1.0584795321637426,0.23717948717948723,-1.925925925925926,0.3472222222222223,-0.13862928348909653,0.25604260548955327,0.3095558546433377,0.06626718364469508,-0.199367088607595,-0.1481208548268239,0.065825899723162,0.2601547388781431,0.04166666666666674,-0.007368552516547999
2018-03-31,0.010055865921787754,-0.01491146318732528,0.05556347057985467,0.1081481481481481,-0.07578607901101853,-0.06625891946992868,-0.9892761394101877,-0.9892761394101877,-0.9901639344262295,-0.9901639344262295,0.3133047210300428,-17.4,-0.1917098445595855,-1.28,-0.05670103092783507,-0.06315203783558221,-0.119699934768428,-0.10277492291880774,-0.07768595041322324,-0.11857707509881421,-0.3027681660899654,-0.08513708513708507,-0.101304681504221,-0.013333333333333308,-0.11097131353799694
2018-06-30,0.019081858407079544,0.04824976348155152,0.007153462005668798,0.014705882352941124,0.04478045943588249,0.17685589519650646,47.25,47.25,51.333333333333336,51.00000000000001,0.37254901960784315,0.853658536585366,0.22435897435897445,4.357142857142857,-0.4098360655737705,-0.05137342242019294,-0.13004816598740265,-0.11683848797250862,0.04587813620071679,0.026905829596412634,0.043424317617865915,0.025236593059936974,-0.1152860802732707,0.0,0.0329748089442401
2018-09-30,-0.014654002713704206,-0.07220216606498198,-0.048244438488340924,-0.0487483530961792,0.05510715279710543,0.025974025974025983,0.12435233160621761,0.12435233160621761,0.12101910828025475,0.1217948717948718,-0.38095238095238093,-1.444078947368421,0.6701570680628273,-2.0133333333333336,0.7037037037037037,0.007356393801846828,-0.07836456558773419,-0.0622568093385214,0.05380397532556547,-0.03493449781659397,0.1284185493460166,0.0707692307692307,-0.06949806949806947,0.013513513513513598,-0.024660912453760786
2018-12-31,0.0017442394198108335,-0.13083657587548636,0.008307519008729836,0.018698060941828354,-0.01055130572408336,-0.06690777576853524,-0.8940092165898618,-0.8940092165898618,-0.8920454545454546,-0.8971428571428571,-0.19615384615384612,-3.2074074074074073,-1.0595611285266457,-1.9210526315789473,-0.3804347826086957,0.02750155376009933,-0.4459334565619224,-0.44674965421853385,-0.009105691056910614,-0.02714932126696834,0.09062170706006323,-0.012068965517241348,-0.45124481327800825,0.01333333333333342,-0.14679027953364232
2019-03-31,0.15835777126099715,0.11975377728035808,0.2420053065214356,0.15091774303195105,-0.0013329778725673647,-0.09108527131782951,-0.8260869565217391,-0.8260869565217391,-0.8421052631578947,-0.8333333333333334,1.2392344497607657,-0.37583892617449666,-10.0,-2.5857142857142854,0.9736842105263157,-0.0848329048843186,-0.020016680567139344,-0.04000000000000015,-0.003938299967180758,-0.07441860465116279,0.6608695652173915,-0.13787085514834208,-0.005671077504725952,-0.03947368421052633,-0.027000329272308332
