Quarter end,Assets,Current Assets,Liabilities,Current Liabilities,Shareholders equity,Revenue,Earnings,Earnings available for common stockholders,EPS basic,EPS diluted,Cash from operating activities,Cash from investing activities,Cash from financing activities,Cash change during period,Cash at end of period,Price,ROE,ROA,Book value of equity per share,P/B ratio,P/E ratio,Equity to assets ratio,Net margin,Asset turnover,Current ratio
1997-12-31,0.22697433204227657,0.22982058473241374,0.35194804476381725,0.0,0.13663663663663672,0.23758283577193096,0.3256387270282384,0.3256387270282384,0.3600000000000001,0.19999999999999996,0.8114945079329856,-0.9813280877810392,-1.1281230082855322,0.049718017215790944,0.29596767108846533,0.19599109131403125,0.014268727705113005,0.08560311284046684,0.1370143149284253,0.0,-0.07272727272727264,-0.07371569317382132,0.024276377217553824,0.04761904761904767,0.0
1998-03-31,0.22697433204227657,0.22982058473241374,0.35194804476381725,0.0,0.13663663663663672,0.23758283577193096,0.3256387270282384,0.3256387270282384,0.3600000000000001,0.19999999999999996,0.8114945079329856,-0.9813280877810392,-1.1281230082855322,0.049718017215790944,0.29596767108846533,0.19599109131403125,0.014268727705113005,0.08560311284046684,0.1370143149284253,0.0,-0.07272727272727264,-0.07371569317382132,0.024276377217553824,0.04761904761904767,0.0
1998-06-30,0.009955146553953353,0.14758989097497732,0.0024141444313052762,0.20403933032155197,0.020025065203400638,0.23758283577193096,0.3256387270282384,0.3256387270282384,0.3600000000000001,0.19999999999999996,0.8114945079329856,-0.9813280877810392,-1.1281230082855322,0.049718017215790944,0.23973020607375273,0.13687150837988837,0.014268727705113005,0.08560311284046684,0.021582733812949728,0.0,-0.07272727272727264,0.010066476733143537,0.024276377217553824,0.04761904761904767,0.172184473037444
1998-09-30,-0.015039811265113556,-0.06367138054470467,-0.05669781168489241,-0.10042376622230065,0.014215884864947403,-0.012264517725232404,-0.008622147083685583,-0.008622147083685583,-0.02941176470588236,0.0,-0.3685306547436761,0.283127572016461,0.9223977117273972,-1.9472642443093453,-0.18317521940016945,-0.30180180180180183,0.014268727705113005,0.08560311284046684,0.022007042253521236,-0.31818181818181823,-0.07272727272727264,0.029710417450169002,0.024276377217553824,0.04761904761904767,0.04085471139615193
1998-12-31,0.08525583563412087,0.392743447734508,0.15767677947839176,2.170764021787134,0.026952783516630996,0.43657410720675593,0.5876534788540246,0.5876534788540246,0.606060606060606,0.6000000000000001,-0.051988360814743007,2.0917254650416934,-0.2820545995600984,-0.08328358208955222,-0.2055761957358503,-0.13079178885630505,0.014268727705113005,0.08560311284046684,-0.22652885443583115,-0.1466666666666666,-0.07272727272727264,-0.053688823959094245,0.024276377217553824,0.04761904761904767,-0.5607429570163226
1999-03-31,0.08262215570247178,-0.11648975587354271,-0.21457326440674163,-0.4112540043641766,0.34789816836970555,-0.1515200577883502,-0.1896885069817401,-0.1896885069817401,-0.24528301886792447,-0.25,2.7789032126048703,12.845435684647303,-5.232113894395386,-3.784597850862911,0.7205814198441121,0.2834008097165992,0.014268727705113005,0.08560311284046684,0.3485523385300666,0.65625,-0.07272727272727264,0.24488614434581235,0.024276377217553824,0.04761904761904767,0.500606959805773
1999-06-30,0.05347693134029563,-0.05004134672179561,0.1129560359022681,0.12943248429408838,0.02240435219679493,0.15338999222041183,0.2612672322375398,0.2612672322375398,0.02499999999999991,0.13888888888888884,-0.4631108704480845,-0.3336330261481981,-0.6593212399931869,-1.508039525229492,-0.21276752044664282,0.003680336487907443,0.02579132473622492,0.08560311284046684,0.022295623451692892,-0.2547169811320755,-0.07272727272727264,-0.029452798015811577,0.03828623518687335,0.022727272727272707,-0.15891420610309648
1999-09-30,0.0009313522423428644,0.10990623523267096,-0.024771124727936633,0.1841645914306329,0.023676277683824187,0.08676839278669335,0.09889647924330003,0.09889647924330003,0.09756097560975618,0.09756097560975618,-0.07115481593545137,-1.0379131999100517,-2.0516217736391473,-1.3889975831511105,0.10513546300040444,-0.01728653745416442,0.044571428571428484,0.08560311284046684,0.03231017770597733,-0.03797468354430378,-0.08748114630467585,0.022680083053825184,0.03511852502194901,0.04444444444444429,-0.0626769970611809
1999-12-31,0.3155200083352989,2.3608994756420025,0.632368416437203,2.347071540880503,0.08024073350042138,2.3564845716962353,3.2724751338944147,3.2724751338944147,3.2666666666666666,3.2666666666666666,-0.2434442695043162,-3.0284697508896796,-1.469067569976823,4.428994082840236,0.5164794956232936,0.12686567164179108,0.7789934354485777,0.7562724014336917,0.11189358372456981,0.08552631578947367,0.02754820936639124,-0.17882242698734963,0.1806615776081424,0.4893617021276595,0.004104435070117596
2000-03-31,-0.09541147960614826,-0.5879246717138885,-0.1228581942620155,-0.5954468317488653,-0.015868665609452992,-0.5994864405656131,-0.690752803706937,-0.690752803706937,-0.6822916666666667,-0.6875,2.705489773950484,28.596491228070175,3.004687697960218,-1.9808719346049046,-0.33406336420497784,0.3084200567644275,0.058425584255842544,0.02857142857142847,-0.0049261083743842304,0.18181818181818188,-0.2916890080428953,0.08786610878661083,-0.002873563218390718,0.04285714285714293,0.01862155103894625
2000-06-30,-0.0037478551980514307,0.002200487019553554,-0.007689433842083315,-0.0047318383046665025,-0.0011692152014982637,-0.03399885015418391,-0.009989142236699222,-0.009989142236699222,0.016393442622950838,0.016666666666666607,-0.23708265551165852,-0.9241059079233354,-1.588534910943086,-1.7214289682760153,0.3619007803790413,-0.07339117859725242,0.03195816385822203,0.010912698412698374,0.0014144271570013522,-0.07179487179487176,-0.1392884178652537,0.002622377622377492,-0.004322766570605263,0.013698630136986356,0.006966893322929435
2000-09-30,-0.005647814172632493,-0.007741300118662253,-0.07370980832672414,0.21480552436232125,0.03782688554456626,0.06591821092023986,0.05125392995539957,0.05125392995539957,0.048387096774193505,0.049180327868852514,0.0688937401634766,-0.5577974485810987,1.0186529054453581,-0.9148247978436658,0.02263378696408469,0.388216933281311,0.022522522522522515,0.00981354268891077,0.03248587570621453,0.3867403314917126,0.3113456464379949,0.043766346992153426,-0.0065123010130244685,0.013513513513513598,-0.18320695190125647
2000-12-31,-0.025653427085737257,-0.0792046989147589,-0.08999653513506312,0.042041825734111304,0.012891080012468636,-0.028721289285563167,0.02837668660453474,0.02837668660453474,0.01538461538461533,0.0,-0.5114230075045122,-1.1675007359434795,0.04955662663435678,-17.599457504520796,-0.36739308799103476,0.010118043844856706,-0.3507709251101322,-0.3226433430515063,0.020519835841313228,-0.019920318725099584,-0.04091213950368877,0.03959238222519201,-0.10050983248361256,-0.2533333333333333,-0.11635156197059016
2001-03-31,-0.03183576279087352,-0.1693495662007669,-0.12724104223794863,-0.3670161290322581,0.023696624891174523,-0.12485846180646287,-0.1931556878127959,-0.1931556878127959,-0.18181818181818177,-0.171875,-0.8254022262188305,-9.483304042179261,-0.9175927335464555,-0.7567950324091726,-0.14124383145640895,-0.016972732331663853,-0.05089058524173029,-0.017216642754662725,0.02278820375335111,-0.03658536585365846,0.4881118881118882,0.05736782902137216,-0.0016194331983805377,0.0,0.3122699386503067
2001-06-30,0.19737761578011126,1.5566274543172582,0.5772270416296121,0.10933148899768841,0.03569521413568455,0.0018711122169694505,0.098658843252305,0.098658843252305,0.09259259259259256,0.09433962264150941,7.404788418708241,1.1872798839859127,-40.73922413793103,-34.30078387458007,5.477142962389951,0.01443532408717818,-0.03663985701519212,-0.039416058394160736,0.032110091743119185,-0.008438818565400852,0.043703007518796966,-0.13510638297872324,0.012165450121654375,-0.0535714285714286,1.304640018700327
2001-09-30,0.03089427890164309,0.0782921258564957,0.04651694716908872,0.10247744052502061,0.020396744464941108,-0.0405213434926438,-0.05760280766002901,-0.05760280766002901,-0.05084745762711851,-0.06896551724137923,0.05611129513083801,-0.8952453116120478,-1.0125200467952244,-0.8034205853868503,0.1662297039838485,0.1802455357142856,-0.05936920222634512,-0.07598784194528874,0.019047619047619202,0.14468085106382977,0.19540747411076098,-0.010191530486733491,0.013621794871794934,-0.09433962264150952,-0.021933717067728287
2001-12-31,0.22323825989784574,-0.4597010664073954,0.47886307378736515,3.7626346806357525,0.01683749950874258,0.14395759131947328,0.020077720207253957,0.020077720207253957,0.01785714285714257,0.0185185185185186,-0.04315644210262204,294.8254972875226,-103.13985148514851,-5.503643641588833,-0.6419312994967425,0.025531914893617058,-0.06410256410256421,-0.13322368421052633,0.013707165109034136,0.003717472118959231,0.07005649717514117,-0.16864903248712948,-0.031620553359683834,-0.10416666666666663,-0.8865498288914239
2002-03-31,0.036546783174655983,0.28472068495204916,0.05826886129374853,-0.7354123050963972,0.0276493539956566,0.08007204402288037,0.15142857142857147,0.15142857142857147,0.14035087719298267,0.14545454545454528,-0.6509767929723351,-0.9891375774413708,-0.8185789237722497,-1.281121569163685,0.5039835482860529,0.06961733517750113,0.026343519494204548,-0.05692599620493355,0.03380454824830981,0.05555555555555558,0.113692361844421,-0.008755071535340608,0.004897959183673528,-0.06976744186046502,3.8553473491773307
2002-06-30,0.031199100045147476,0.10070534875577364,0.04358790736798346,-0.13195002125749922,0.017868304310994843,0.08627812460719819,0.05824372759856633,0.05824372759856633,0.06153846153846132,0.06349206349206349,2.8415664913598797,3.592853123241418,-1.239706127901152,-0.5276171431659731,0.1582950748417593,-0.04935344827586208,0.021560574948665368,-0.030181086519114664,0.029726516052318575,-0.08070175438596494,-0.09070796460176989,-0.01292546316243004,-0.023558082859463814,0.0,0.2680378406363253
2002-09-30,0.042386581425856606,-0.31149478106741946,0.09812885607363198,0.11006353482170805,-0.013595734947390636,-0.11087625645100319,-0.1650491760567967,-0.1650491760567967,-0.14492753623188404,-0.14925373134328368,-0.013616917247280313,6.26839429026527,-4.933825578155475,-3.861506778788399,-0.39105961818096535,-0.22013148945817274,-0.004020100502512669,-0.06224066390041494,-0.008083140877598205,-0.24045801526717558,-0.24956551963851237,-0.053688345700567464,-0.03161397670549082,-0.025000000000000022,-0.37977878405463583
2002-12-31,-0.03854129844734888,-0.34346212521269726,-0.09222238911293179,0.14902013653132018,0.02006375164329044,0.026497076124867736,0.03455807785318665,0.03455807785318665,0.033898305084745894,0.07017543859649122,-0.12265787647467041,-0.9966453701050219,-4.015759464532351,0.0032385750269880997,-0.6442766908026498,-0.08720930232558144,-0.0010090817356204207,-0.006637168141592764,0.057043073341094264,-0.08040201005025127,-0.09865678554886514,0.061116236162361615,-0.004295532646048095,0.0,-0.4286056253740276
2003-03-31,0.11700860985652395,1.5624755627548454,0.2688488765053423,-0.28451659697926446,-0.035851369476148975,-0.06816721887889643,-0.019981903182023864,-0.019981903182023864,0.0,-0.016393442622950838,-1.058899968925676,10.665829145728644,-2.764009582413453,-3.86300414474733,5.185397719070305,-0.020382165605095426,-0.023232323232323382,-0.060133630289532336,-0.037444933920704804,-0.07650273224043724,-0.04419321685508737,-0.13692675505324925,-0.007765314926660882,-0.05128205128205132,2.581483033095936
2003-06-30,0.026326763586340007,0.1598570058418345,0.016992897994633882,0.17102477712513786,0.036908801706329264,0.05854127549956001,0.06355312764484111,0.06355312764484111,0.08196721311475419,0.06666666666666665,-18.156354916067148,0.33491277191471025,-1.003335197315865,-0.7972744419774912,0.16995069580184974,0.1625487646293886,-0.02998965873836612,-0.06161137440758291,0.026887871853546796,0.21301775147928992,0.17688172043010741,0.010324855200201544,-0.0008695652173913437,-0.08108108108108103,-0.009533278746052143
2003-09-30,0.03537854353861225,0.14344028145297094,0.02589387454910108,0.17362189688096752,0.039345191347346375,0.10080462035458138,0.18606670042682483,0.18606670042682483,0.16666666666666674,0.171875,0.3795532694081798,2.5659890287189415,-7.656686626746507,0.04991931884505796,0.1525145627194382,0.20553691275167796,0.052238805970149294,0.030303030303030276,0.034540389972144814,0.17073170731707332,0.22064869803563258,0.0037387836490527793,0.03742384682332456,0.0,-0.02571597283731919
2003-12-31,0.029688857680821856,0.11594950856316366,0.018340077916442654,0.10047945502668454,0.034611067261525186,0.0868018526446892,0.05599268069533392,0.05599268069533392,0.051948051948051965,0.053333333333333455,-0.3215327875496474,-0.46217536874490994,-0.8059970014992504,-0.27271835453386084,0.09624263824520862,0.05451171421943868,0.05167173252279644,0.022058823529411686,0.14162627894453417,0.02083333333333348,-0.01833832335329333,0.004966476285075849,0.026006711409396033,0.0,0.014061032152489439
2004-03-31,0.07612929130696644,0.3432277904931911,0.3561244126617278,-0.16028427516732213,-0.3121741662315439,0.08607895943158383,0.04950037544042041,0.04950037544042041,-0.2592592592592593,-0.2784810126582279,-0.6473820973089215,-0.31849920080760497,157.72488408037094,3.7839575558652943,0.4199988947397506,0.15772107347118358,0.14932562620423884,0.04076738609112707,-0.3122641509433962,0.012244897959183598,0.08272969881814718,-0.3610081541882877,0.0016353229762877675,0.02941176470588225,0.5996174879717899
2004-06-30,0.041105635280308306,-0.0285392859257505,0.030769138819302544,0.3405564033337247,0.04586925983909329,0.04568896157853786,0.04127682993946058,0.04127682993946058,0.08333333333333348,0.08771929824561409,4.556157885820769,8.644858659424763,-1.025181362286382,-1.1415601503759398,-0.041869826038128166,-0.02565076952308576,0.1441743503772004,0.02995391705069106,0.04595336076817569,0.4193548387096775,-0.1077464788732394,0.004640371229698292,-0.0008163265306122547,0.05714285714285716,-0.27533253624271414
2004-09-30,-0.009479672609063239,-0.04552483244504946,-0.06551125167012772,0.20262342165636338,0.11046919163369129,0.04593786657585053,-0.11210359408033832,-0.11210359408033832,-0.1230769230769232,-0.11290322580645151,-0.22048600524422224,-0.9350082551546721,28.350734725444703,0.9788208737219493,-0.08647351685080307,-0.04758190327613099,0.0586080586080584,-0.02684563758389258,0.0859016393442622,-0.09090909090909083,-0.13062352012628253,0.1212471131639723,-0.054738562091503296,0.027027027027026973,-0.2063418406805878
2004-12-31,0.14679927019421934,-0.34314676152139667,0.009037765200703873,-0.03832767835039541,0.4410197411958745,0.10919165973252287,0.38448717185546766,0.38448717185546766,0.29824561403508776,-0.2727272727272727,-0.03485029237478732,75.20204805041355,-3.5168970105795707,3.8830062070122464,-0.5544880854456009,0.243038493038493,0.03460207612456756,0.020689655172413834,0.2820048309178744,0.14687499999999987,0.21561507035860195,0.25643666323377956,0.010371650821089151,0.0,-0.316962255570714
2005-03-31,-0.005342861177156988,-0.06114887733498475,-0.01626299796811348,-0.14193885431336029,0.04083556123285281,0.0959854312195918,0.09867572448189876,0.09867572448189876,0.04054054054054057,0.5249999999999999,-1.1700877388502766,-1.0061040847232487,-1.0591881068914073,-0.8789044785554289,-0.12563713224548567,0.053368473068687194,-0.048829431438127124,0.05180180180180183,0.035327366933584514,-0.17983651226158037,0.11575802837938753,0.04644808743169393,0.018819503849443864,0.026315789473684292,0.09416016739585342
2005-06-30,0.027398599442252092,0.20194900076318612,0.013687694112898496,0.17566244010906118,0.0398036359390761,0.03295934765787756,0.026924431573592145,0.026924431573592145,0.012987012987013102,0.032786885245901676,-9.021920419347152,-3.418289585097375,0.11293888741487579,-3.762993645029505,0.39701434127171775,-0.011884284597341699,-0.043600562587904235,0.047109207708779355,0.016378525932666088,-0.046511627906976605,-0.02978580990629187,0.012010443864229892,0.015113350125944613,0.025641025641025772,0.022340055632823264
2005-09-30,0.14588610782267875,-0.02506644714380979,0.2031993558651335,0.4211379551032355,0.058397200715488706,0.12421671300364445,0.0864677413208339,0.0864677413208339,0.07692307692307687,0.06349206349206349,0.11796067482475947,10.639880952380953,2.3637158296249203,-1.659472225074443,-0.1874139178747345,0.13340718468112045,0.008088235294117618,0.04703476482617597,0.06893464637421665,0.11846689895470375,0.1279751638496034,-0.07610939112487103,0.03473945409429269,0.02499999999999991,-0.31396139784031973
2005-12-31,0.025448538440473234,0.10555030093175932,-0.004933992565698153,0.35509186642795654,0.008319383398487812,0.16389038381042687,0.35969835145562956,0.35969835145562956,0.36904761904761907,0.3432835820895521,-0.07202539884961279,-0.8166258065486486,0.32408041768055007,-1.0369943636533492,0.00853233741516135,0.059759843619100916,0.10940919037199137,0.095703125,0.014656616415410495,-0.009345794392523255,0.004892966360856121,-0.016755096341803832,0.0383693045563549,0.04878048780487809,-0.1841730185288467
2006-03-31,0.0317211655918499,0.2958656254255452,-0.0005878925047017036,-0.1643256894320857,-0.0010044275558154236,0.02034884787722424,-0.09093254224171288,-0.09093254224171288,-0.08695652173913038,-0.09999999999999998,-1.0298180568876418,0.8910761154855642,-0.9911859689189431,-22.636363636363637,-0.18304693675537487,0.2395256916996047,0.05456936226166986,0.024955436720142776,0.07593891869583169,0.22012578616352196,0.018867924528301883,-0.031809145129224725,-0.0015396458814470604,0.023255813953488413,0.5507026205848842
2006-06-30,0.025667552157763618,0.05844028272102997,0.2435556982182785,0.22968510987576019,-0.33450205741158023,0.018220268880241086,-0.03700340522133938,-0.03700340522133938,0.03809523809523818,0.061728395061728225,-63.11377820451272,-0.11029666897987511,128.2327935222672,-2.7774276377217553,0.3982513794576312,0.004570578231292588,0.13902743142144658,0.00521739130434784,-0.3168392788645954,-0.06443298969072164,-0.06212664277180402,-0.3511293634496919,-0.014649190439475768,0.022727272727272707,-0.1392603477834925
2006-09-30,0.030474258393772047,0.14504627391394442,0.04623669345982173,0.19606407912801416,-0.015154052397873485,-0.009423965412492796,-0.023279113625648273,-0.023279113625648273,0.0,0.011627906976744207,-0.20511195442987096,-0.3140447521084191,-0.5745524036277627,0.3495305010177949,0.3843746493273319,-0.01692942545762366,0.1390257252326219,0.00519031141868509,-0.003930376193149954,0.4380165289256197,-0.08662420382165603,-0.044303797468354444,-0.009389671361502372,0.022222222222222143,-0.04268153881174608
2006-12-31,0.053044876225988746,0.0447607307382023,0.07313893296333429,-0.0873827967695191,-0.06719558133277526,0.1723113678505206,0.4769504615941591,0.4769504615941591,0.49541284403669694,0.3793103448275861,-0.31102144003111476,6.6354914362874,-1.604322373992121,-1.329781367587907,-0.09156451801749066,0.06587019696480478,0.21432003844305614,0.03614457831325302,-0.06031567080045075,0.06896551724137945,0.0038354253835424235,-0.1140018921475876,0.021327014218009532,0.021739130434782483,0.14481036737605524
2007-03-31,-0.036698400552154564,-0.18120116403471898,-0.0432937298045204,-0.5650648163911984,0.029125318996358285,-0.057567305323287576,-0.25192523746297624,-0.25192523746297624,-0.24539877300613488,-0.22499999999999998,-1.6680826441615626,-0.6480607600591963,-0.5598879005726818,2.8186691585107955,-0.3848975605887106,0.12481066343532254,0.15512465373961226,-0.00830564784053145,0.03479304139172146,0.19713261648745517,0.034386939909690994,0.06833956219967963,-0.017788089713843713,0.0,0.8825942465468897
2007-06-30,0.043427300887626474,0.14326099554251148,0.011158761854737742,0.37594663684294605,0.152185253093845,0.06980121805981865,0.14376604226967404,0.14376604226967404,0.1382113821138211,0.11827956989247301,-3.497306660470225,0.0058975986459324226,-6.4130675526024365,-1.5373816729989054,0.33626414364462787,0.07074243648442402,0.028434395340870333,0.03015075376884413,0.1611594202898552,0.034431137724550975,0.03760913364674279,0.10394802598700648,0.011023622047243942,0.02127659574468077,-0.16910770928147845
2007-09-30,0.028158202126428833,0.11783502710745264,0.013951232009070003,0.4130259345916478,0.0835088833666413,0.04266224989742473,0.016663881395182267,0.016663881395182267,0.021428571428571352,0.028846153846153966,0.32491964134664175,-0.7758643354804785,1.7915814238952539,-0.022168963451168366,0.24606625695830742,-0.0203739414773203,0.008660892738174608,0.0373983739837398,0.0708936595107339,-0.15629522431259046,-0.06407766990291253,0.053870529651425914,0.006230529595015799,0.02083333333333326,-0.20890320010622754
2007-12-31,0.23253261359177624,0.12026875815731342,0.40010375228470063,0.2998220896454531,-0.2684515624074265,0.10808582051764293,0.4293060936949631,0.4293060936949631,0.5034965034965035,0.43925233644859807,-0.36704504826599926,57.22674486803519,-4.788772649823199,-0.5993872549019608,0.07911078413815464,0.0726634714138994,0.08454425363276097,0.0015673981191222097,-0.3995337995337995,0.0017152658662091813,0.022130013831258566,-0.4063573883161513,0.02786377708978316,-0.020408163265306145,-0.138139398262767
2008-03-31,-0.02984210937051368,-0.1578713272808142,-0.2557653698080188,-0.34033924236293744,1.3846445667324523,-0.12514622937121367,-0.4614815910099068,-0.4614815910099068,-0.5581395348837209,-0.4155844155844156,-1.6330478813003702,-0.8896255512376532,-0.8621291617302159,-4.715264606913429,-0.27237008530907725,-0.21830367828931618,-0.23112058465286245,-0.07981220657277,1.1218944099378878,0.30308219178082196,-0.2763870094722598,1.4573082489146167,-0.03840361445783125,-0.04166666666666663,0.2765957446808509
2008-06-30,0.01457243721864887,0.016351139206731258,0.0008367989293927014,-0.0404149795145794,0.045795795795795735,-0.07781299808377662,0.07678930990298372,0.07678930990298372,-0.05263157894736836,-0.011111111111111072,-2.9192651487388668,0.9417573191209754,-0.6966609378836239,-1.5106379475018938,0.1911445619745049,0.004287026640808378,-0.20079207920792075,-0.08673469387755106,0.04829857299670692,-0.5269382391590014,0.010752688172043001,0.030918727915194344,-0.02114330462020364,-0.0652173913043479,0.05915331807780322
2008-09-30,0.054393624656943196,0.306013385455814,0.08537852049603067,0.26698992764081075,0.027032270194510044,-0.05871234189096464,-0.2959909335599943,-0.2959909335599943,-0.30000000000000004,-0.3370786516853933,0.1734008550911128,-0.9423038962259717,3.3952708562178415,5.764906962494759,1.085573673778831,-0.04756580953348921,-0.23042616451932607,-0.15456238361266283,0.021291448516579603,-0.09166666666666667,-0.014801110083256241,-0.025992573550414177,-0.06640000000000001,-0.09302325581395343,0.030823520939109006
2008-12-31,-0.07882994658900888,-0.11701234187149256,-0.07726900558132821,-0.16216557095334938,-0.09085992023305989,-0.2318550050889885,-3.8071072118480362,-3.8071072118480362,-3.7936507936507935,-3.983050847457627,-0.5992698560937302,2.6005213424568265,-1.5339953962512332,-1.0313624727681827,-0.01632465695640306,-0.45075232099028917,-0.8699291693496458,-0.8480176211453745,-0.09090909090909094,-0.46177370030581044,-0.3835680751173709,-0.01319648093841641,-0.8286203941730934,-0.10256410256410264,0.053900164180668675
2009-03-31,-0.07919491616790442,-0.3264995220802063,-0.2705565663610231,-0.5157029147771108,-0.005508164311342156,-0.20107880659817812,-1.0878123611131023,-1.0878123611131023,-1.0852272727272727,-1.0852272727272727,-0.7893891242937853,-0.834027149321267,3.1122496736212035,23.189086487308103,-0.40143177501254945,-0.2467456770934524,-1.1534653465346534,-1.1594202898550725,-0.010150375939849687,-0.17045454545454553,3.762376237623762,0.08023774145616636,0.0,-0.11428571428571421,0.39065296652303605
2009-06-30,0.03044953390020444,0.17659805987081234,0.018478273140883017,0.18327699421066956,0.01722068728130166,0.12758649670822253,0.7924897959183674,0.7924897959183674,0.7333333333333334,0.7333333333333334,5.05365076703831,0.35905125408942196,-0.8104585342478061,-1.2329898202840266,0.15625539948839196,0.32963631673974714,7.0,6.909090909090908,0.007216103304215737,0.34246575342465757,0.0,-0.012929848693259971,0.0,-0.09677419354838701,-0.005648774907045406
2009-09-30,0.07929108111687966,-0.02688269370021723,0.05898283243962266,0.7899783279700532,-0.0005546241448790568,0.08057303002295702,0.6184534110574733,0.6184534110574733,0.6153846153846152,0.5384615384615385,0.11006176087739217,26.42507522567703,-1.1685364851625952,-2.324747828901235,-0.17902532720533293,0.19553831231813779,0.2822580645161292,0.26436781609195403,-0.009426847662141746,0.18367346938775508,0.0,-0.07385730211817176,0.0,-0.07142857142857151,-0.45633883841894585
2009-12-31,0.01996368816580718,0.18407994402947359,0.007607828821561746,0.04158258732022313,0.00457162514484355,0.12506610380711947,0.3844335640722607,0.3844335640722607,0.4285714285714286,0.375,-0.01568074648836104,-0.7356964173383853,-2.689668104256516,-1.6970215191677354,0.15199556048834628,0.0,-2.69811320754717,-2.690909090909091,-0.0026646364674534073,0.0,0.0,-0.015046644598254555,2.53,0.0,0.13681054627221023
2010-03-31,0.14007023491656811,0.2231079507225291,0.2721405077049135,0.33990709552429377,0.027909596373762113,0.026007733243956777,-0.29016260162601626,-0.29016260162601626,-0.31666666666666665,-0.3090909090909092,-0.13793802674101763,2.6505230530802013,-1.835312395960493,-2.6279463738061164,-0.21479303394775073,0.15187408729514829,0.17592592592592604,0.11290322580645173,-0.022900763358778553,0.1681034482758621,-0.16520070366224204,-0.09838069049801412,0.09631728045325771,0.03846153846153855,-0.08718585169097104
2010-06-30,0.2774489888565863,-0.07973974840484199,0.30587092648365544,0.10411319923894147,0.30438491365971143,0.3229172061301644,0.44336273050051545,0.44336273050051545,0.36585365853658547,0.3947368421052633,0.6919921788859322,4.176744397610456,76.88880031885213,-1.3012774508396727,0.08241431943892308,0.04521763628680109,0.10551181102362195,0.05797101449275366,0.13749999999999996,0.07011070110701101,-0.10593869731800765,0.021009827177228102,0.05167958656330751,0.0,-0.16651087695445277
2010-09-30,0.0025289296060932998,-0.028721715990156493,-0.07960374199378106,0.17642471934189685,0.15069082394121502,0.06712840279450738,0.34720679257260745,0.34720679257260745,0.1785714285714286,0.2264150943396226,0.4629206454023338,-0.9619391553684975,-1.1886506023685373,1.078906622201048,0.1582865926372634,-0.06846361185983829,0.05840455840455849,0.07762557077625565,0.14010989010989028,-0.1827586206896551,-0.20377115920291422,0.14769332890806508,0.051597051597051635,0.03703703703703698,-0.17438956007544482
2010-12-31,0.06872894087630188,0.2018831997525723,0.06270257783681155,0.030821657887946108,0.05133849823721959,0.18736525459122055,0.8262995140627301,0.8262995140627301,0.8333333333333333,0.8307692307692307,-0.23253092909027195,4.119161215852251,-1.5592043399638338,0.6579105674754362,0.22656311166089904,0.30208333333333326,0.2153432032301481,0.23305084745762716,0.04457831325301198,0.14345991561181437,0.1477395048439183,-0.0161943319838056,0.19275700934579443,0.03571428571428559,0.16596690540874293
2011-03-31,-0.006031695933731651,0.015816903422013695,-0.05019577474975234,-0.05977808701286269,-0.021535442672988236,0.013144979787009126,-0.3694768754434625,-0.3694768754434625,-0.371900826446281,-0.37815126050420167,0.007599560432757002,-0.9090546949574211,-3.9232958220152634,-2.045338309489253,-0.19317775621712707,0.16533333333333333,0.04983388704318936,0.07903780068728516,-0.02450980392156865,0.11439114391143912,-0.10574443141852286,-0.015579071134626754,0.02350636630754166,0.034482758620689724,0.08038551154416429
2011-06-30,0.012492156750898431,0.12231320368474918,-0.012831299957930198,0.010702166536152413,0.04122189416307065,0.08444757213230125,0.1636828644501278,0.1636828644501278,0.14473684210526305,0.14864864864864868,0.3840245775729647,-0.578512396694215,-0.35287610619469023,-1.9652892561983473,0.231012658227848,-0.016113653699466046,0.07172995780590719,0.10509554140127397,0.04138338752586468,0.009933774834437026,-0.130047194546408,0.028366676619886455,0.038277511961722466,0.06666666666666665,0.11043034996568957
2011-09-30,-0.036281690140845035,-0.13679890560875518,-0.0471340294054976,-0.04700413223140498,-0.015377903806303883,-0.10491023145143841,-0.1186813186813187,-0.1186813186813187,-0.11494252873563215,-0.10588235294117643,0.3529411764705883,7.392156862745098,0.5803418803418803,-0.7928082191780822,0.038881748071979416,-0.10175404593468362,0.02066929133858264,0.025936599423631135,-0.004257734885041109,-0.13770491803278684,-0.18565400843881852,0.021486643437863107,-0.0009216589861751334,0.03125,-0.09423968218936207
2011-12-31,0.016972602205853615,0.1574220813523508,0.014133011315353938,0.13170731707317063,0.033451484271156406,-0.02754954084098593,0.0024937655860348684,0.0024937655860348684,0.012987012987013102,0.0,-0.367104183757178,-0.8200934579439252,-0.8858842617631152,9.429752066115702,0.39034952056913075,-0.07929657999784223,-0.12439729990356796,-0.1151685393258427,0.027651083238312335,-0.07604562737642573,-0.10769800148038489,0.016202387720295475,-0.1079335793357934,0.0,0.022758284600389755
2012-03-31,-0.0017245013316982138,0.021451392058420726,-0.01799338478500556,-0.16906130268199238,-0.0019292604501607302,0.038021868787276425,-0.06965174129353235,-0.06965174129353235,-0.07692307692307698,-0.06578947368421062,-0.659753726506805,-1.2727272727272727,4.3649289099526065,-1.4421553090332804,-0.12413793103448278,0.23236465901101466,-0.02422907488986792,-0.006349206349206327,0.005825242718446644,0.20164609053497928,0.4027374533388637,0.0,-0.005170630816959676,-0.030303030303030276,0.22923714680516505
2012-06-30,0.07769822837290552,-0.13371313672922247,0.07585215790182787,-0.04812680115273771,-0.002577319587628857,0.028489346420876194,-0.8235294117647058,-0.8235294117647058,-0.8194444444444444,-0.8309859154929577,2.493333333333333,-189.57142857142858,-2.1616607773851593,0.4820788530465949,-0.21005842011684028,-0.0017115146905011258,-0.2404063205417607,-0.24920127795527158,-0.0022062879205735353,-0.006849315068493178,0.007983441750443632,-0.0746853146853147,-0.22349272349272342,-0.03125,-0.08989068920071319
2012-09-30,0.0741090352111422,0.08072211476466795,0.11162130572716644,0.12897366030881008,0.03951335055986216,0.08775605214152704,7.318181818181818,7.318181818181818,7.153846153846153,7.666666666666668,0.15103598691384956,-0.10606060606060608,0.5376425855513307,-1.7448609431680775,0.19807073954983934,0.09572340222878384,0.09955423476968783,0.07234042553191489,0.030403537866224406,0.09655172413793123,0.43590495746553226,-0.03204353083434097,0.0843373493975903,0.0,-0.042761616763916654
2012-12-31,0.025916959607348966,0.08853358787734167,0.0019526849417950132,0.007776883883078511,0.07933713102019668,0.05050288893644339,0.3679417122040072,0.3679417122040072,0.35849056603773577,0.34615384615384603,-0.11795357650402649,-0.8463276836158192,-1.367457962413452,-0.06168831168831168,0.15512614063338703,0.09605354659248944,0.21621621621621623,0.19841269841269837,0.06330472103004281,0.06289308176100628,-0.020633299284984807,0.05215490318550908,0.19012345679012332,0.0,0.08013348164627354
2013-03-31,0.006141811187794,0.16661186013372786,0.0025860130425006123,0.4348057477381586,0.022406678821610182,0.023018944795274,-0.1691078561917443,-0.1691078561917443,-0.18055555555555558,-0.1785714285714286,0.0859291084854994,-0.8713235294117647,2.845222072678331,-2.6505190311418687,-0.22165427509293678,0.14632405424696637,0.10555555555555562,0.0960264900662251,0.01942482341069618,0.0798816568047338,-0.07801418439716301,0.01602849510240434,0.09232365145228227,0.0,-0.18689240402043172
2013-06-30,-0.024481534433181795,-0.08587804190547776,-0.08022130013831263,-0.21420623145400597,0.011215918156647353,0.07726005575467942,0.03685897435897445,0.03685897435897445,0.033898305084745894,0.026086956521739202,0.29920870425321455,-0.6,-0.3685684284214211,-1.8259958071278826,0.23522388059701482,0.08710391587103916,0.24522613065326615,0.26586102719033233,0.008908685968819663,0.0657534246575342,-0.041855203619909576,0.0365176745544844,0.2203228869895537,0.06451612903225823,0.1632808146309337
2013-09-30,0.031024091425560396,0.17936067427279268,0.07474090631985364,0.3755015341043191,-0.05684982364952662,0.019593345656192307,0.16228748068006182,0.16228748068006182,0.15573770491803285,0.1610169491525426,0.07651313285116101,11.178571428571429,-0.19345898004434592,0.3781725888324874,0.2624456259062349,0.10112645580092927,0.06618240516545604,0.06921241050119331,-0.05911209222467506,0.08997429305912608,-0.14356552538370715,-0.08511837655016907,0.035019455252918386,0.030303030303030276,-0.14258339865865333
2013-12-31,0.009215633035728477,0.0,-0.04239146876418087,0.0,0.05014023520149591,0.07686729514140689,1.103723404255319,1.103723404255319,1.1063829787234045,0.9927007299270072,-0.25954738330975957,-0.8123167155425219,0.7697594501718212,-1.4861878453038675,-0.10107197549770286,0.0,0.29144587433762315,0.2946428571428572,0.04457768508863391,0.0,0.0,0.04066543438077641,0.23834586466165408,0.02941176470588225,0.0
2014-03-31,0.04780971070456408,0.0,0.02065316115784066,0.0,0.13878736763189958,-0.0015151515151514694,-0.5120101137800253,-0.5120101137800253,-0.5151515151515151,-0.4871794871794872,0.42168099331423115,16.859375,-1.3654368932038836,-6.255681818181818,0.5909284497444633,0.1566292914113976,0.005275498241500642,0.024137931034482696,0.09708010980783621,0.17688679245283012,-0.1419906258615936,0.08673771462403779,-0.0006071645415908211,0.028571428571428692,0.0
2014-06-30,0.016508329683275758,0.0,-0.015166756944981818,0.0,0.04752304147465436,0.07283763277693467,0.29663212435233155,0.29663212435233155,0.2569444444444444,0.26428571428571446,0.1024521330198187,2.772528433945757,-3.902231668437832,-2.343783783783784,-0.4991299692142953,-0.04297421547071756,0.04781341107871717,0.06734006734006726,0.042538671519563254,-0.12625250501002006,-0.0787275064267352,0.030509397984200604,0.05042527339003655,0.0277777777777779,0.0
2014-09-30,0.02288193515794479,0.0,0.047615306042272376,0.0,0.0195215837228484,0.006286342920006183,0.04195804195804187,0.04195804195804187,0.03867403314917128,0.039548022598870025,0.23248019500304684,-0.9872448979591837,-0.24386671548883188,-1.498793242156074,0.49706039551042225,0.06192564745196316,0.008347245409014992,0.04416403785488954,0.019201396465197584,0.01834862385321112,-0.024066968957098034,-0.003436426116838587,0.0323886639676112,0.0,0.0
2014-12-31,0.11822724499578752,0.0,0.2785569639240981,0.0,0.012097395592541194,0.001405591129158168,0.6347075743048898,0.6347075743048898,0.6329787234042554,0.5923913043478262,-0.10556242274412853,129.38181818181818,-2.707506053268765,-1.0516129032258064,-0.017136736879685865,0.0,-0.021523178807946963,-0.0226586102719033,0.02440590879897231,0.0,0.0,-0.09469496021220158,0.00896358543417386,-0.027027027027027084,0.0
2015-03-31,-0.02652602590249542,0.0,-0.059687921628439056,0.0,-0.026341834792539043,-0.00966936993137868,-0.24926686217008798,-0.24926686217008798,-0.23778501628664495,-0.22184300341296936,-0.6708126036484245,-0.9940036257146841,-1.6168462847419172,10.708333333333334,-0.20414093715946235,0.014898220080637348,0.09870276367738295,0.07882534775888739,-0.02319749216300937,-0.029279279279279424,-0.07076483202287354,0.0,0.09383675735702379,-0.02777777777777779,0.0
2015-06-30,0.024673401032839992,0.0,0.028634704763093044,0.0,0.03647665962936908,0.01826771653543302,0.005468749999999911,0.005468749999999911,0.008547008547008517,0.013157894736842257,1.950461796809404,5.046511627906977,0.3034482758620689,-1.447508896797153,0.11478776814240077,0.07218642507630446,0.0462012320328542,0.024355300859598694,0.0449293966623876,0.09744779582366614,-0.03500000000000003,0.011426897157925664,0.0527918781725889,-0.02857142857142847,0.0
2015-09-30,-0.01870083867270933,0.0,-0.019316493313521588,0.0,0.0035456980121459925,-0.05180946489328797,-0.15306915306915303,-0.15306915306915303,-0.14830508474576276,-0.1428571428571429,0.09760956175298796,0.23461538461538467,0.03668430335097006,0.05765407554671964,0.10890481064483115,-0.1271519587908364,0.002453385672227748,-0.013986013986013957,0.007985257985257954,-0.16279069767441867,-0.17736149860502193,0.02288528389339528,0.01928640308582441,-0.02941176470588236,0.0
2015-12-31,0.03312453551332406,0.0,0.052319109461966606,0.0,0.06637850028190195,-0.03800358832164408,0.37889908256880744,0.37889908256880744,0.38805970149253755,0.36868686868686873,-0.0961887477313974,7.165109034267912,-0.7985709424974481,-0.5845864661654135,0.040797489385268504,0.0,-0.05628976994615764,-0.039716312056737535,0.06743855372740204,0.0,0.0,0.032002265647125494,-0.017502365184484447,0.0,0.0
2016-03-31,0.03937159593053119,0.0,0.07563469675599443,0.0,0.010997144971978345,-0.07527975584944047,-0.30472388556220886,-0.30472388556220886,-0.3046594982078853,-0.29151291512915134,-0.9251290877796902,1.1018695154521176,-5.440878378378378,-13.04524886877828,-0.47215324583185525,-0.2725060827250608,-0.0726141078838175,-0.06351550960118169,0.014272121788772685,-0.3257575757575758,-0.2664728682170543,-0.027167947310647644,-0.010110736639383666,-0.06060606060606066,0.0
2016-06-30,-0.006995167649203493,0.0,-0.04245205703982957,0.0,0.017571383746469937,0.01595159515951594,0.02775119617224875,0.02775119617224875,0.030927835051546504,0.02604166666666674,11.068965517241379,-1.0197858050462878,-2.053632559908711,-1.1408715251690458,0.211021505376344,0.10652529708958935,-0.06599552572706924,-0.05520504731861198,0.016510318949343405,0.09363295880149813,0.1512549537648613,0.024823695345557173,-0.0043774319066148815,-0.06451612903225812,0.0
2016-09-30,0.03593164648337832,0.0,0.0028243752139678335,0.0,0.09045122828656593,-0.016964446850748938,0.016759776536312776,0.016759776536312776,0.014999999999999902,0.015228426395939021,0.08571428571428563,-31.155963302752294,-1.188086642599278,0.6426666666666667,0.17092119866814648,-0.10057877813504812,-0.043712574850299446,-0.023372287145242088,0.07161314138058339,-0.11643835616438347,-0.06483075157773943,0.05257363060831266,0.030776746458231585,-0.0344827586206895,0.0
2016-12-31,0.051144964798039316,0.0,0.03812124832863928,0.0,0.13727338423351232,0.010464475858270594,0.38919413919413914,0.38919413919413914,0.35467980295566526,0.33000000000000007,0.007309941520467822,0.41010039549741406,2.126679462571977,-0.8571428571428572,0.020853080568720372,0.04862004862004854,-0.05948653725735764,-0.02564102564102566,0.09937995177402681,-0.019379844961240456,0.04601226993865026,0.08185146443514646,0.020853080568720372,-0.07142857142857151,0.0
2017-03-31,-0.018173297824919166,0.0,-0.044257488147762425,0.0,-0.009586694662393591,-0.00908430232558144,-0.19248516809492422,-0.19248516809492422,-0.21454545454545448,-0.199248120300752,-0.6455732946298984,-1.0351672060409924,-2.702885205647637,-16.590909090909093,-0.31847725162488394,0.06088913132415108,-0.01797603195739017,0.022807017543859498,-0.007833307222309238,-0.035573122529644174,0.0674486803519061,0.00870195794053652,0.03806870937790152,0.0,0.0
2017-06-30,0.004912631983329696,0.0,0.01253010666360832,0.0,0.00421211191386095,0.01595159515951594,0.031020408163265234,0.031020408163265234,0.03703703703703698,0.04225352112676073,1.6363636363636362,-1.9386503067484662,-0.13554434030281182,-1.5174927113702625,0.24182561307901906,0.021852304132656375,-0.011525423728813378,0.018867924528301883,0.01579030475288179,0.0286885245901638,-0.0027472527472527375,-0.0007189072609632419,0.03890876565295165,0.0,0.0
2017-09-30,0.00800481910962314,0.0,-0.010987455044884298,0.0,0.007638888888888973,0.05702941707273057,-0.0071258907363420665,-0.0071258907363420665,0.004464285714285587,0.0,0.10748679714196951,-1.2549019607843137,0.4774812343619683,-0.8577464788732394,0.02770159078442136,0.1258569721366123,0.0,0.02188552188552184,0.014456707601430141,0.10756972111553798,0.09476584022038592,-0.00023980815347734996,0.01248385708136035,0.0,0.0
2017-12-31,8.04468246489165e-05,0.0,-0.05176807444523979,0.0,0.05367332873880093,0.3646918217517501,1.514354066985646,1.514354066985646,1.5333333333333332,1.4684684684684686,0.0375876577840113,1.282051282051282,-0.10189105278012989,5.415841584158416,0.17293835068054442,0.07972067039106157,0.29286694101508903,0.3130148270181219,0.07477781182960452,0.06474820143884896,0.05385002516356319,0.05349004557447823,0.1798469387755104,0.1153846153846152,0.0
2018-03-31,-0.01354845382149139,0.0,-0.027689706193193775,0.0,-0.037988592956935796,-0.2338296009007882,-0.5147478591817316,-0.5147478591817316,-0.5087719298245614,-0.49452554744525556,-0.4457961611246283,-1.4382022471910112,-0.016027655562539267,-2.625,-0.2395904436860068,0.011383039271485318,0.037665782493368605,0.04391468005018817,-0.03478756772169944,-0.057432432432432456,-0.22540592168099338,-0.02481785063752273,0.016936936936936764,0.0,0.0
2018-06-30,-0.01091540271661895,0.0,-0.012546583850931659,0.0,-0.010252923579004647,-0.06776616590463747,-0.23529411764705888,-0.23529411764705888,-0.22499999999999998,-0.22021660649819486,0.8160975609756098,4.538461538461538,-0.09709358032577453,-1.5565052231718899,0.17534410532615197,-0.1401238041643218,-0.0158486707566462,-0.008413461538461453,0.006056129985228864,-0.11111111111111116,-0.18310727496917378,0.0007004436142890036,-0.01948972360028345,0.034482758620689724,0.0
2018-09-30,0.005688710912195916,0.0,0.0217322933702353,0.0,-0.005797818261753629,0.02592397968120519,0.0675213675213675,0.0675213675213675,0.08294930875576045,0.08333333333333326,-0.19715283373623427,-1.212962962962963,-0.13017332861690833,-0.05631399317406138,0.1407841140529531,-0.10774631128034273,0.0,0.0036363636363636598,0.008515636470415533,-0.11290322580645151,-0.10415094339622644,-0.011432571161922422,-0.0007228044813877288,0.0,0.0
2018-12-31,-0.03744085820021548,0.0,0.000554067780958567,0.0,-0.04444198772870489,-0.27334813044220596,-2.211369095276221,-2.211369095276221,-2.2170212765957444,-2.2222222222222223,-0.11542321846771497,-0.4130434782608695,-0.4249694997966653,1.1808318264014468,0.2619950903816113,-0.24018136960725478,-0.6483116883116884,-0.6521739130434783,-0.032901441257824904,-0.2454545454545456,-0.24684077506318447,-0.007080481472740208,-0.5985533453887885,-0.1333333333333333,0.0
2019-03-31,-0.06595612658320249,0.0,-0.027257345023842472,0.0,-0.09168739515242663,0.43890977443609014,0.32716457369464647,0.32716457369464647,0.35314685314685335,0.35314685314685335,-1.0677004538577912,-1.037037037037037,0.7234794908062234,-3.158374792703151,-0.4603006189213086,-0.08758227292672227,-1.4697193500738552,-1.4652777777777777,-0.07662200812885744,-0.054216867469879415,1.6375838926174495,-0.02757309246493933,0.0,0.03846153846153855,0.0
2019-06-30,0.0066171681646476355,0.0,0.004079825421423822,0.0,0.027034772640427862,-0.03347485303723052,-1.5363545816733066,-1.5363545816733066,-1.545219638242894,-1.545219638242894,-19.273743016759777,428.0,-0.06975789905621665,-1.2105263157894737,0.17955439056356481,-0.04376262383379814,0.11949685534591192,0.11194029850746268,0.038311053146397045,0.031847133757961776,0.0,0.020288438034710365,0.0,0.03703703703703698,0.0
