Quarter end,Assets,Current Assets,Liabilities,Current Liabilities,Shareholders equity,Revenue,Earnings,Earnings available for common stockholders,EPS basic,EPS diluted,Cash from operating activities,Cash from investing activities,Cash from financing activities,Cash change during period,Cash at end of period,Price,ROE,ROA,Book value of equity per share,P/B ratio,Equity to assets ratio,Asset turnover,Current ratio
1996-06-30,-0.08356197117541042,0.08154807240866901,-0.1248955774396403,-0.12473412605554823,-0.08133713822731659,0.3073757488368878,-0.2679446545306383,-0.2679446545306383,-0.26470588235294124,-0.11111111111111116,-0.47033748082011895,1.6193321149424822,-0.664540802700595,-1.3130614779548748,0.4587026920545234,0.009216250092162426,0.12455346511074072,0.07883730656629018,-0.08154362416107386,0.015250544662309462,0.002423859205395784,0.16666666666666674,0.2356784600786228
1996-09-30,-0.08356197117541042,0.08154807240866901,-0.1248955774396403,-0.12473412605554823,-0.08133713822731659,0.3073757488368878,-0.2679446545306383,-0.2679446545306383,-0.26470588235294124,-0.11111111111111116,-0.47033748082011895,1.6193321149424822,-0.664540802700595,-1.3130614779548748,0.4587026920545234,0.009216250092162426,0.12455346511074072,0.07883730656629018,-0.08154362416107386,0.015250544662309462,0.002423859205395784,0.16666666666666674,0.2356784600786228
1996-12-31,-0.06426817160626419,-0.00923880610748029,-0.11836451516267066,-0.1140181722733914,-0.06149443166840862,0.41889971237922685,-0.2965297723453222,-0.2965297723453222,-0.28,-0.11111111111111116,0.6075277108433734,-0.4972144653942905,-0.3314120119737596,-3.1916395421610395,-0.6891815333434892,-0.06852717708942135,0.12455346511074072,0.07883730656629018,-0.0613810741687979,0.015250544662309462,0.002943650126156383,0.16666666666666674,0.11825880907455355
1997-03-31,-0.08282923050378799,-0.1935726798262074,0.8664789080019171,0.8664789080019171,-0.1285546017651088,-0.20642193095687567,0.8179688968838168,0.8179688968838168,0.7777777777777779,-0.11111111111111116,-0.8288990419239068,-0.6975463060714275,-3.8439628482972137,-0.8936579502488513,-0.23579350897248574,-0.23035294117647065,0.12455346511074072,0.07883730656629018,-0.2802646944336319,-0.18025751072961382,-0.0497903563941301,0.16666666666666674,-0.5679445926856066
1997-06-30,0.19344691462404895,1.43031072771296,1.8883815356635654,0.43898854809726684,0.018588759220574902,0.902204692988259,-0.11491112712590712,-0.11491112712590712,-0.28125,-0.11111111111111116,14.631931938752665,5.325638217417588,-164.15250632232997,-24.62465661076936,7.3029897003712865,0.044532762661775305,0.12455346511074072,0.07883730656629018,0.0108166576527855,0.4502617801047122,-0.14649751792608923,0.16666666666666674,0.688933290949548
1997-09-30,-0.0848610013816683,-0.00540865699896409,0.03181134949101616,0.0823404602835569,-0.11899259542205665,-0.17966125747735517,0.03336167841199744,0.03336167841199744,0.04347826086956519,-0.11111111111111116,-0.6454794991419057,-0.29740277292396566,-1.0052816389956838,-1.2713052816357997,-0.23818278950112015,0.06731707317073177,0.12455346511074072,0.07883730656629018,-0.12145532370251466,0.05595667870036092,-0.03735297919090086,0.16666666666666674,-0.08109270810927072
1997-12-31,-0.12912103433226685,-0.06769745448927245,-0.012199671265615275,-0.023344639240754805,-0.1691803231235639,0.6728026231803841,0.2045958217273176,0.2045958217273176,0.20833333333333326,-0.11111111111111116,0.20605643094870563,0.1560601300761928,-0.24776490709787768,0.2625893794667822,-0.39474962793102797,0.051188299817184646,0.29267259635747567,0.07883730656629018,-0.16930572472594407,0.19658119658119655,-0.04591836734693877,0.2619047619047621,-0.045411985018726675
1998-03-31,-0.12947476706771266,-0.21436719219964606,0.029448778756662186,0.05699394864655827,-0.19421287522031516,-0.23455766730309302,0.03183689616616436,0.03183689616616436,0.034482758620689724,-0.11111111111111116,-0.8191837066393487,-0.9995101757902785,-7.543096320793716,-0.7455557591862916,-0.1659507767786359,0.027391304347826217,0.1616972477064218,0.07883730656629018,-0.38269794721407624,0.2371428571428571,-0.07444413171967357,0.18867924528301883,-0.25671284943599804
1998-06-30,1.9624310305011736,4.4405587850547406,-0.5558127889860193,-0.16274114483167323,3.2729821123867007,-0.36386635081922036,0.1370359443999949,0.1370359443999949,-0.09999999999999987,-0.11111111111111116,9.293483899028626,-617.6050251256281,167.46166148062738,-98.28644234730487,19.357083764443782,0.2589928057553956,-0.25341982795092366,-0.15952704012405516,3.261282660332542,1.040415704387991,0.4424509654857838,-0.3015873015873016,5.497999917522372
1998-09-30,-0.06354743681733044,-0.10764958894388676,-0.04712324398407164,-0.04712324398407164,-0.06443597314255844,0.17836541670041983,-0.05585772263333766,-0.05585772263333766,-0.11111111111111116,-0.11111111111111116,-0.6189489139555855,1.7970732915853058,-0.999002529305712,-1.1152147551255456,-0.10955506651499991,-0.3273949579831933,-0.18587079712882504,-0.12845940959409585,-0.06772575250836121,-0.8421052631578947,-0.0009486665963950314,-0.18181818181818188,-0.06352097480484864
1998-12-31,-0.06684467793494486,-0.09360536491895699,0.015252657555719473,0.015252657555719473,-0.07136826999108115,-0.07965285161419011,0.004039504865931187,0.004039504865931187,0.0,0.0,0.670002911856183,-0.5414867493441394,-0.8449029468440099,0.17965672642656427,-0.14513797121931327,-0.08145927036481748,-0.16937354988399078,-0.1325747552262504,-0.07174887892376691,-0.014336917562724039,-0.004853344587465669,-0.3055555555555556,-0.1072234533514953
1999-03-31,-0.04905176654563437,-0.08586155410232532,0.4507626509505709,0.4507626509505709,-0.07916058869313103,0.3482117977075838,0.029664933933559734,0.029664933933559734,0.08333333333333348,0.08333333333333348,-0.45718469988896393,0.740068806960509,-1.0384848484848486,-0.2620159274228492,-0.12529450072637738,0.2519042437431991,-0.1354748603351955,-0.1131787675411835,-0.07954911433172307,0.3490909090909091,-0.03170059372349454,-0.16000000000000003,-0.36989046523808433
1999-06-30,-0.0692556412952563,-0.1135793856382894,0.289243298334495,0.289243298334495,-0.10327963819392239,-0.3483253539070291,0.2913269732257484,0.2913269732257484,0.23076923076923084,0.23076923076923084,0.7844818368807822,-0.1946245637817221,-1430.3897637795276,0.30803706731591873,-0.18736574929166572,0.05128205128205132,0.15831987075928922,0.13794289645682833,-0.10706787963610909,0.14016172506738567,-0.0365706777619621,0.09523809523809534,-0.31244428382122635
1999-09-30,-0.08852847940201725,-0.19540482438289586,0.07174394495576597,0.07174394495576597,-0.11039774062599061,0.11591508173959619,-0.04096360548290612,-0.04096360548290612,-0.03125,-0.03125,-0.029579226271115866,1.277614690713469,-0.21727238924159586,0.2930904021535743,-0.2981425553872251,0.18065316246382812,0.16875871687587174,0.14147521160822252,-0.11246081504702199,0.3238770685579193,-0.023979997727014424,0.04347826086956519,-0.2492728738129446
1999-12-31,-0.006541836135737111,-0.12831778203923205,0.20976323877942082,0.20976323877942082,-0.04209982389252698,0.986284969006572,-0.3979808001884152,-0.3979808001884152,-0.3870967741935484,-0.3870967741935484,0.6705635100264531,-0.33946542426857074,3.586974498646989,0.11424677393093208,-0.4733217308751664,0.5539215686274508,0.03818615751789989,0.004766949152542388,-0.05430463576158928,0.7500000000000002,-0.03574755472752689,0.29166666666666674,-0.2794594720750577
2000-03-31,5.1363210796861045,5.701830328721225,0.14288262624411519,-0.03777862954564781,6.1730143965432935,0.04890721318395319,0.7102101602178597,0.7102101602178597,0.5263157894736841,0.5263157894736841,-0.027027577277973003,51.16506663355283,161.76391892482803,-18.71588514878159,15.921130439918464,1.2604776926543488,-0.5363218390804598,-0.5052714812862414,4.675070028011204,1.389795918367347,0.16894094916072944,-0.4838709677419355,5.964985586110841
2000-06-30,-0.0062241754445755415,-0.4667126792844032,-0.062395892878382764,-0.07411099369578555,-0.004366079102995246,-0.2564592851786296,-0.09618806389662327,-0.09618806389662327,-0.2413793103448275,-0.2413793103448275,0.037528204259845266,-0.23689788521630195,-0.9890505682450025,-1.58751987014536,-0.5527987933100116,-0.2959529505582138,-0.38423401090728804,-0.37080447522642523,-0.018015794669299146,-0.8757472245943638,0.0018595041322313488,-0.25,-0.4240292052271776
2000-09-30,0.004644744160824388,0.014163319968721,0.3978295566176817,0.13106956288846172,-0.007603309385916135,0.20211459869155002,0.1319666359868048,0.1319666359868048,0.13636363636363646,0.13636363636363646,0.04122456160273891,-0.9913734129409406,0.11893632563491208,-0.9332689462080731,-0.08248825240325208,0.3062438057482657,-0.2592592592592593,-0.2531752751905165,-0.012817290776577006,0.3264604810996563,-0.012167457207671761,-0.16666666666666663,-0.10335806735512831
2000-12-31,-0.010707798710524519,0.29210243222785515,0.06587583952626952,0.09792154852098944,-0.014068077020552239,0.1885179111665829,-0.1814041202602854,-0.1814041202602854,-0.19999999999999996,-0.19999999999999996,-0.13620624251109348,-44.264825971253835,-0.9379096106054428,-5.060552772942319,0.3650611590625681,-0.14979406026447006,-0.15326086956521745,-0.1496598639455783,-0.016632722335370054,-0.13730569948186522,-0.0034446764091857762,-0.20000000000000007,0.17686627645204855
2001-03-31,-0.02410371601097372,0.1641371208358935,0.11039495967988211,0.11154268534596223,-0.030483661261928474,-0.55075498881901,0.9479501684603975,0.9479501684603975,1.0499999999999998,1.0499999999999998,0.28835745061650564,0.01175383565979593,2.1537246203508076,-0.05441236629577595,0.2528804773790161,-0.38640999490056094,0.1835686777920411,0.17733333333333334,-0.03167069382119436,-0.37537537537537535,-0.006494186655493839,-0.12499999999999989,0.04731771889418557
2001-06-30,-0.037365758285589856,-0.19016714018504677,-0.029870932851207455,-0.043061340094510014,-0.03777293488874711,-0.3414403591488794,0.12427822297193569,0.12427822297193569,0.07317073170731714,0.07317073170731714,-0.07409702770028137,-1.5957401058499125,0.13938680728004282,-2.178847394463574,-0.23793769417860888,-0.19696654892998133,0.23969631236442512,0.23216308040770084,-0.042242224400677264,-0.17307692307692313,-0.00042171850289929314,-0.14285714285714302,-0.15372420091324202
2001-09-30,-0.03465517192035439,-0.04481425341577994,0.06886808412430923,0.10064731043203956,-0.040325538874985356,0.9632754584765335,0.007949300323142117,0.007949300323142117,0.022727272727272707,0.022727272727272707,0.2492945423059889,-1.1581438836814029,-0.7998903366973759,-0.7086393441601818,-0.09097114775959247,-0.1500646830530401,0.19072615923009617,0.18658088235294112,-0.04429143016655812,-0.11046511627906974,-0.0059065499419892475,0.0,-0.1321632681250755
2001-12-31,-0.04008415259211473,-0.09356177591380144,0.11090537759350605,0.15740289295175147,-0.04929543818240767,0.08488441824067872,0.19390823866135665,0.19390823866135665,0.1777777777777778,0.1777777777777778,-0.1459366708045059,-1.534853103799951,4.8012580242126575,0.28955664169355466,-0.12905250202646268,-0.3105022831050228,0.2725936811168259,0.26568551510457006,-0.049459643656898034,-0.28104575163398693,-0.009549071618037197,-0.16666666666666663,-0.21683163392190996
2002-03-31,-0.07581431749130951,-0.28710570112979505,0.7995829368098992,1.089221307559137,-0.13821798081908143,-0.09388017803982973,1.5671289662743848,1.5671289662743848,1.5849056603773586,1.5849056603773586,-0.5226975781669798,9.409574590845606,-0.9437071583997386,1.0803630401377506,-0.30825745073937005,-0.11346578366445914,0.643187066974596,0.6113831089351285,-0.14134999487862332,-0.06363636363636371,-0.06759507230851636,0.0,-0.6587745147850828
2002-06-30,-0.09539394954341696,-0.2630575719524566,-0.32741636858655965,-0.3841850123916427,-0.06085498658339916,-0.10666323072357842,-0.6124169366875261,-0.6124169366875261,-0.6131386861313869,-0.6131386861313869,4.013785450999922,-1.146125560895347,5.594459102902374,-0.06442400112000057,-0.4169156179505559,-0.3665338645418327,0.11068165846802525,0.09722749715153811,-0.06322318978885832,-0.2621359223300971,0.038258272058823595,0.19999999999999996,0.19669446098868382
2002-09-30,-0.06337038924114557,-0.2554382019442073,-0.08558379423336449,-0.10968004164018375,-0.061002245198894633,0.5662927587078619,-0.056034593012491474,-0.056034593012491474,-0.05660377358490576,-0.05660377358490576,-0.46143398317244877,-1.8534529484888185,0.3794182371063899,-0.30330906218824893,-0.49814630917984015,-0.3160377358490566,0.1053464093641252,0.0931118033921774,-0.08735515089774604,-0.2763157894736842,0.0024344362067059144,0.16666666666666674,-0.16371158392434992
2002-12-31,-0.07224488191398892,0.12433999297781595,-0.11296396618217697,-0.1038446806117399,-0.06801751111536691,-0.38576644331858856,0.2340209423848172,0.2340209423848172,0.19999999999999996,0.19999999999999996,0.12009514810689037,-10.337192543872824,-0.6675813179099542,-1.434718442652521,0.43150701429704874,-0.271264367816092,0.12449914138523188,0.11494616846105132,-0.06808985628575404,-0.20000000000000007,0.004636273319350792,0.1428571428571428,0.2546029384415103
2003-03-31,-0.34410648204842176,-0.162490387657393,0.012746556953402877,0.016606753588308543,-0.3793675328265277,2.9721238614817485,3.2780739184295387,3.2780739184295387,3.2333333333333334,3.2333333333333334,-0.8325299431355949,-0.6686686862816442,-4.01473770549021,-0.3784744623025901,0.18734985326835796,0.3296529968454258,0.643420717739883,0.6483953422323203,-0.38388980386285376,0.4318181818181819,-0.05384023733655652,0.7500000000000002,-0.17616365253483557
2003-06-30,-0.0854739491081068,-0.2524580767943828,-0.03853550694935459,-0.05001505058352629,-0.09304229211244985,-0.2903179910169672,-0.845154589400268,-0.845154589400268,-0.8464566929133859,-0.8464566929133859,2.903754643485163,-1.1083673727391223,-1.32563436864148,-3.5362038290797524,-0.4001831590990619,0.2491103202846976,0.14495895926901015,0.13232253618194334,-0.09307411907654917,1.0317460317460316,-0.008245267680873192,0.4285714285714286,-0.21311357420469268
2003-09-30,-0.0605330640021251,-0.17702427170414492,0.07044231258820743,0.09253153494069699,-0.08292068803216712,0.2395529212549219,-0.12208734878195071,-0.12208734878195071,-0.1282051282051282,-0.1282051282051282,-0.4899360391791797,-0.2762983943666607,4.62528553778876,-0.551930144636329,-0.29894127338466525,0.7853751187084521,0.16529149195184645,0.14242239805234336,-0.2797427652733119,0.96875,-0.023770491803278837,0.40000000000000013,-0.24673008323424495
2003-12-31,0.5186477848738391,2.6634576718731333,0.017695384724119245,0.30979477154717716,0.6185951114436072,0.27958449206098424,-0.11143885927644837,-0.11143885927644837,-0.26470588235294124,-0.26470588235294124,-0.3334130974567444,0.9042859344640877,80.57617983706335,-15.63233615049476,6.239433353236708,0.2643617021276594,-0.014045269878119604,-0.024240809802876906,0.6052827380952381,0.753968253968254,0.06573107832553671,0.3928571428571428,1.7970372169267197
2004-03-31,-0.023748291517596387,-0.11235924485983628,-0.02587047743008386,-0.02587047743008386,-0.023482073326550168,-0.05419351073373868,-0.30629869827045586,-0.30629869827045586,-0.36,-0.36,0.9164949890405059,27.69807107488019,-0.9781627538515293,-1.516211584095538,-0.44490606073372096,0.31426167437946995,-0.6741229102896162,-0.6711711711711712,-0.034994206257242144,-0.18099547511312208,0.00033764772087807593,-0.05128205128205132,-0.08877794660299543
2004-06-30,-0.03791223695439094,-0.030468314391128626,-0.0667994423366488,-0.0667994423366488,-0.03429733672650337,0.08718089928313533,0.09379153961299314,0.09379153961299314,0.125,0.125,-0.444870706600592,-0.7043440240744061,-0.1089319942275232,-0.6841288057382673,-0.25316977685614694,-0.16869398207426378,-0.19400289017341044,-0.18555417185554168,-0.03506243996157543,-0.13812154696132595,0.003712871287128605,0.05405405405405417,0.03892329680800355
2004-09-30,-0.016737519159555125,0.05374334820193338,0.11994025372142203,0.11994025372142203,-0.033265516717141175,-0.2464284799553773,-0.1743747887253324,-0.1743747887253324,-0.16666666666666663,-0.16666666666666663,0.3896084305664005,-1.98891916510616,-0.8006842476709798,-1.3822836225084352,0.12959124631941688,-0.13862148633038118,-0.20573733751680856,-0.19877675840978593,-0.03608760577401704,-0.10897435897435903,-0.01681425849120055,-0.07692307692307698,-0.05910946026505237
2004-12-31,-0.029030796084953958,-0.05032183125734502,-0.1511445934817902,-0.1511445934817902,-0.011923761717708814,1.4386322626964323,-0.3966935713147036,-0.3966935713147036,-0.4,-0.4,-0.7628244846795782,-1.0276454724211788,4.406988823077,-0.9743419290186235,0.0029435969935698303,0.14662494412159144,-0.1805869074492099,-0.180025445292621,-0.016008262328943923,0.19064748201438864,0.01767187321856123,0.2777777777777779,0.11877375962569459
2005-03-31,0.33191124409832473,0.574996889229058,0.2020323274318483,0.2020323274318483,0.34754242942981084,-0.44709969182908305,2.314601428495469,2.314601428495469,2.0000000000000004,2.0000000000000004,1.930603164814623,173.65213437129995,40.6808785374581,155.72779066769786,0.4599894299153069,-0.037816764132553526,0.15426997245179064,0.15981380915438326,0.1558646024665442,-0.02114803625377637,0.011763387855702412,-0.0434782608695653,0.31028098453495967
2005-06-30,-0.028746785257322327,0.029871088506305155,-0.0014824050803805555,-0.0014824050803805555,-0.03167378431802903,-0.050689226055642966,-0.30954150145354886,-0.30954150145354886,-0.37037037037037035,-0.37037037037037035,1.6467970466207316,-1.438610592731613,-0.9859128409358214,-0.37590704849155465,0.19662893107053803,-0.2560777957860616,-0.022076372315035897,-0.019397993311036643,-0.03723041997729859,-0.3580246913580247,-0.003100431845864282,-0.045454545454545525,0.031402210955032706
2005-09-30,-0.05540842875411234,-0.07569741318142897,-0.1257938747706122,-0.1257938747706122,-0.047616520086901426,-0.10823332582343048,0.1987003133493046,0.1987003133493046,0.23529411764705865,0.23529411764705865,-0.04304848369754166,-0.7003269480145414,-0.9376390195406024,-1.2780260690456768,-0.045684979985639806,0.12690631808278874,0.0780964002440514,0.08663028649386084,-0.04833765621315722,0.1730769230769229,0.00833055648117309,-0.023809523809523836,0.05729804654761139
2005-12-31,-0.03557193098306155,-0.01375501245081856,0.14104399665008094,0.14104399665008094,-0.0535189715559794,0.24035027901744677,0.10255141633974696,0.10255141633974696,0.09523809523809534,0.09523809523809534,-0.47304661658234637,-3.5078895384879116,6.250258557626819,5.1738624707785,-0.2955552176129054,-0.14161430642822626,0.1743067345783813,0.17325800376647837,-0.0542616451932606,-0.0983606557377048,-0.01861643533818025,-0.19512195121951215,-0.13565755575542304
2006-03-31,-0.050777057226473854,-0.02779641414025491,0.19712308573846782,0.19712308573846782,-0.08114603909511708,0.05906351673691934,0.4797745386121346,0.4797745386121346,0.4347826086956521,0.4347826086956521,0.15110521531560162,-1.7423811777684786,0.3634690455149572,-1.3167591457052716,0.13289873185313072,0.115427927927928,0.16337349397590373,0.1508828250401284,-0.08671731726486775,0.17727272727272703,-0.03199012234818721,0.06060606060606055,-0.18788359788359787
2006-06-30,-0.01904716565677278,-0.0523151477923941,0.1559578757223743,0.1559578757223743,-0.04697879876816291,-0.017349707278303872,-0.3902832642312255,-0.3902832642312255,-0.3939393939393939,-0.3939393939393939,1.0974381444898493,-2.9735783939922524,0.2520547805384661,-6.3557145734450415,-0.6282712258084253,-0.002019182231196348,0.09776304888152443,0.07903300790330081,-0.05192197360872064,0.09652509652509655,-0.028525046382189334,0.08571428571428585,-0.18018546267943625
2006-09-30,-0.04361019076802908,-0.08515614315971376,-0.016940670592384244,-0.016940670592384244,-0.04877317046744356,-0.3164851286747391,0.03761569219584482,0.03761569219584482,0.04999999999999982,0.04999999999999982,-0.0265911139079128,-1.4838706265026778,-0.12397767130183479,-0.9969802291628096,-0.00510381562381923,-0.1340414769853313,0.06905660377358491,0.046100818612666794,-0.05416036308623284,-0.0880281690140845,-0.005371210312723695,0.026315789473684292,-0.06937748344370853
2006-12-31,-0.05709030531393933,-0.13102227726812277,0.05738363104916955,0.05738363104916955,-0.07999304675469021,-0.015465284539736168,0.36837997400073474,0.36837997400073474,0.38095238095238093,0.38095238095238093,-0.8342703927526094,-0.8748084966122189,-0.5066688070128909,1.3904357990648601,-0.012262931319466208,0.17757009345794406,0.13836921990822448,0.11202635914332792,-0.116122840690979,0.24324324324324342,-0.024360974438977667,-0.05128205128205132,-0.17819020238535765
2007-03-31,0.12165471122493665,-0.023223996298852745,0.3958734706408851,0.23708740901562209,0.05859971729226343,1.0192329401632811,0.19724921668596385,0.19724921668596385,0.1724137931034484,0.1724137931034484,3.7617076045768663,6.509867662500196,10.276413332578802,-20.289902137183482,0.23948756462435927,0.21031746031746046,0.044651162790697585,0.014074074074073906,0.03112558812884547,0.37267080745341596,-0.05621156211562106,0.10810810810810811,-0.21041875930864895
2007-06-30,0.022551743670456093,-0.01804638170188244,0.033197929826404016,0.043867520925414905,0.01932376495815924,0.03581817217730254,-0.15541626831181865,-0.15541626831181865,-0.20588235294117652,-0.20588235294117652,0.37207303399981706,-0.7767088554763718,1.4970872194802078,-1.2544758334083543,-0.04915698868985363,0.4172131147540985,0.10092015434847146,0.07487216946676423,-0.10845910845910844,0.3733031674208145,-0.0031278509057733883,0.09756097560975618,-0.05930865064046309
2007-09-30,0.7149387092010042,1.519631580669437,0.14283021831317733,0.12404841255920007,0.8907660375536999,0.09378319591279283,-0.3087123174142754,-0.3087123174142754,-0.37037037037037035,-0.37037037037037035,-0.6131413359148112,-14.993991989319092,15.07620164126612,-92.95019157088123,4.7547880068683135,0.29670329670329654,-0.19061741709355617,-0.17974855589534489,0.8751968503937011,0.4546952224052718,0.10249705843901169,0.0,1.2415594105577314
2007-12-31,0.005976653160349121,-0.00643443820407108,0.027101313836512597,0.04163415623732103,0.0020525388680401324,0.5087638163067105,0.09530945601678398,0.09530945601678398,0.0588235294117645,0.0588235294117645,0.8892711917422584,-0.24195010256165628,-0.9414736798241502,-1.2195647040848925,-0.1814113083693868,0.18242640499553975,-0.21785476349100608,-0.20795360397680196,-0.007138358177619208,-0.3691959229898074,-0.0037946163879996053,0.1333333333333333,-0.046142964134143316
2008-03-31,0.11817656500802576,0.13262625470514422,0.41249197174052665,0.46771535580524337,0.06213791100444821,0.17643452672878857,-0.7520864687371733,-0.7520864687371733,-0.7222222222222222,-0.7222222222222222,-0.9466887417218544,-0.678811906110377,-0.8483446066215735,-0.7787828947368421,-0.04902496810643342,-0.1548472274613354,-0.3841567291311755,-0.38284518828451886,0.04948192006766772,-0.14901256732495516,-0.05011308177597906,0.019607843137254832,-0.228309705561614
2008-06-30,0.05310947273325839,0.0501272220587472,0.040525179038308545,0.027498213738899713,0.05629593383608689,0.037441375716519065,2.368101545253863,2.368101545253863,1.9999999999999996,1.9999999999999996,-10.885093167701863,1.4324059561128526,11.80868544600939,-1.496425507577924,0.02559188607482965,0.5746485159562598,-0.26210235131396953,-0.259322033898305,0.03002216401370128,0.5,0.003007518796992459,0.019230769230769162,0.022016844723305562
2008-09-30,0.0039002864329644726,-0.00969742921975525,-0.08745288687387343,-0.09806882301517916,0.02668640746274753,0.014014114574176784,-0.33344256922824844,-0.33344256922824844,-0.33333333333333326,-0.33333333333333326,-0.8941250392711279,0.07426500201369302,-0.9006689269678365,-8.935483870967742,-0.19801638637343688,-0.20719954648526084,-0.14995313964386126,-0.15560640732265452,0.021909233176838905,-0.23066104078762317,0.02261369315342332,0.09433962264150941,0.0979784851082659
2008-12-31,0.03708799663988471,0.051414209784622855,0.29177141945009777,0.3220327782183452,-0.01937512994165347,0.023752321981424185,0.9105211406096363,0.9105211406096363,0.7999999999999998,0.7999999999999998,-13.943620178041543,-1.3065157081802505,-0.7850553505535055,-0.9850464576074333,-0.003692153278130217,-0.42116553450125127,-0.005512679162072764,-0.0257452574525745,-0.019716692189892804,-0.43327239488117,-0.054367745876603535,0.0,-0.20468970380818052
2009-03-31,0.07919029131637023,0.12135043718240301,0.3476004386710121,0.35497792218612023,0.0008029483541813764,0.48132288188900185,-1.16829644879053,-1.16829644879053,-1.2222222222222223,-1.2222222222222223,-0.6368638239339752,3.445694716242661,0.0,-74.23300970873787,0.27138950852702015,-0.0352069178505251,-0.1707317073170731,-0.19332406119610568,-0.0019527436047647173,-0.016129032258064613,-0.07260981912144704,0.10344827586206917,-0.17243563353073443
2009-06-30,0.014846039869818028,-0.01719480861716849,-0.1055762507880108,-0.14175039043765914,0.06220110790089284,0.19224550458116263,0.3700305810397553,0.3700305810397553,0.0,0.0,7.924242424242424,-0.5756575327390778,5.412017167381975,-1.257921251491449,-0.05505560743696414,0.5121638924455827,-0.48395721925133695,-0.4913793103448276,0.04558794756407747,0.5147540983606558,0.04653106714962374,0.140625,0.14514771161793982
2009-09-30,0.09566298474632995,0.037878497692145574,0.10656893149140112,0.09003897294818897,0.09205171835814996,0.02290410958904099,1.421875,1.421875,1.5,1.5,-3.534168081494058,-3.5438278008298756,0.7228915662650603,-6.132099717296325,0.29901322192773616,0.2466130397967825,-0.9637305699481865,-0.9627118644067797,0.08832335329341312,0.1926406926406925,-0.0031948881789136685,0.09589041095890427,-0.0478529657477027
2009-12-31,0.06169552871075101,0.04241498779773312,0.13268094962362476,0.11572637888427373,0.03787778701710476,0.0801773087636597,0.19331797235023052,0.19331797235023052,0.19999999999999996,0.09999999999999987,-1.637132568461603,0.24263431542461,-0.23076923076923073,-3.3220491762231457,-0.5345006455182589,0.2255051791475633,-37.714285714285715,-35.45454545454545,0.025447042640990514,0.12522686025408358,-0.022435897435897467,0.08749999999999991,-0.06570034745376052
2010-03-31,0.09666793638962035,0.1639117177162026,0.21892093612931585,0.2286639962299717,0.05190152076734722,0.08635118213714521,-0.046727167406835246,-0.046727167406835246,-0.08333333333333326,0.0,-2.832150368033649,-0.8477315612437444,5.542929292929293,-2.0181586836032697,1.1690810489562438,-0.04281557433836791,0.21400778210116722,0.2058047493403692,0.05030181086519114,-0.06612903225806455,-0.04084699453551921,0.02298850574712641,-0.052702753465309504
2010-06-30,0.024611178857725458,0.005011521175388056,0.04067304708142161,0.03313868193193903,0.01779581086612203,0.10938783894823345,0.8574032813449464,0.8574032813449464,0.8181818181818183,0.8181818181818183,-1.4419016189587968,-0.9889547413793104,-0.9566962562717097,-1.4818792230624218,-0.25972098545562483,-0.15228720324261713,0.3878205128205128,0.3610503282275712,0.0020753512132822838,-0.1934369602763385,-0.0066942031049707085,0.011235955056179803,-0.02724244587199609
2010-09-30,0.1337550880051117,0.10061593873906594,0.14023761163233073,0.13867928906213756,0.13094259787036866,0.008888065919822274,-0.14514721919302076,-0.14514721919302076,-0.15000000000000002,-0.15000000000000002,-1.89837112397857,907.6341463414634,0.8057040998217468,-0.4624615384615385,-0.1885910801307754,0.0022199453551912107,0.08198614318706698,0.06430868167202575,0.11884658276246607,0.0021413276231263545,-0.0024376254660166685,-0.011111111111111072,-0.03342709225062157
2010-12-31,0.2327906091288663,0.37716650739414104,-0.2155485024776096,-0.1256693863245495,0.4289044865650413,-0.6780969277986806,-3.3163668835310625,-3.3163668835310625,-3.235294117647059,-3.235294117647059,-1.8531413770254805,-0.26246845976271005,157.9496544916091,-10.518848638482297,2.2124109094364726,0.12949395126938157,-0.880469583778015,-0.8761329305135952,0.2936067207745976,0.008547008547008517,0.15912031047865471,-0.2359550561797752,0.5751339040951455
2011-03-31,-0.2301307285341374,-0.20173678193626976,0.336835655198515,0.35341990696286896,-0.3662820640436941,0.8926512511878366,9.195781473730587,9.195781473730587,8.789473684210527,8.789473684210527,-0.5212878627409447,0.4580724996360459,-0.9970934565509018,-1.3886225795921172,-0.26764721543476844,-0.21375773118117358,-49.75892857142858,-49.097560975609746,-0.3663181067694,-0.39194915254237284,-0.17683531746031755,-0.10294117647058831,-0.4101959944307594
2011-06-30,-0.10776525410859705,-0.16785853879707946,-0.09728756892298152,-0.09874638379942136,-0.11307302248553042,-0.8484042108081873,-0.7964782456045588,-0.7964782456045588,-0.8010752688172043,-0.8010752688172043,7.521238938053097,-2.491513154610354,8.350427350427351,-1.1569919094566514,0.05737459909680642,-0.3747122026093631,0.27613990111701137,0.26242393509127804,-0.11307972902553409,-0.013937282229965153,-0.006025911419102026,-0.3114754098360656,-0.07667514072997994
2011-09-30,-0.17256936153349833,-0.24076460884628537,-0.1226095981959513,-0.1279615419889334,-0.19832833476424594,1.2963126517995143,0.3723559542450703,0.3723559542450703,0.3783783783783785,0.3783783783783785,-0.1497559455810572,-0.7242816260271451,-2.027650822669104,-6.262461278513095,-0.28554838216755163,-0.6020251610923597,0.3736547567800259,0.3562964450692909,-0.20701135918527225,-0.5512367491166078,-0.03107002121855118,-0.33333333333333326,-0.12935739220217324
2011-12-31,-0.154622875528048,-0.2478445929225439,-0.21449179155922082,-0.220655384264818,-0.12083927636665759,-0.13182692307692312,-0.4919453093271964,-0.4919453093271964,-0.4901960784313726,-0.4901960784313726,-0.4630104637433329,-1.4799393019726859,-1.0,-0.06603521164445869,-0.3732822876453038,-0.3831919814957594,0.0,0.24078187472234558,-0.12151148431711534,-0.22047244094488194,0.03988737681839516,0.0714285714285714,-0.034899480460808596
2012-03-31,-0.0737462912591742,-0.055286136353168036,-0.02297991289085355,-0.02924969636993391,-0.09934176385436866,0.585280761989146,-0.19424460431654678,-0.19424460431654678,-0.21153846153846156,-0.21153846153846156,-0.7055121692319357,-0.36967244213987605,inf,-0.6468801925170458,-0.21032335124989332,0.1975,-0.29927922281416497,-0.4773839360305525,-0.10851841439415233,0.36363636363636376,-0.0276774969915764,-0.19999999999999996,-0.026799297834991243
2012-06-30,0.035764694812119746,0.08030869743889779,0.19501646761369318,-0.025775285845023976,-0.05133461508136272,0.003108953086247146,-0.5145975056689343,-0.5145975056689343,-0.5121951219512195,-0.5121951219512195,0.49214727085478893,0.3735955056179776,183.97191011235955,-2.1526853804965116,0.3070074980012534,-0.12839248434237993,-0.08437686344663087,-0.10778716601963922,-0.0627562283191423,-0.022222222222222254,-0.08400371287128716,0.41666666666666674,0.10888648388648381
2012-09-30,-0.08276616523707503,-0.12546663142081615,-0.09495838089140063,-0.06092891626435826,-0.07436626921970402,-0.27333194038166875,0.5522141119221411,0.5522141119221411,0.5499999999999998,0.5499999999999998,-0.0009490121646105187,-1.2791411042944785,-1.051085801063022,-1.7989161036036037,-0.1876601583811397,0.016766467065868262,-0.26098990556821877,-0.27258766316867156,-0.1063257065948856,0.08333333333333326,0.009120081067387487,0.08823529411764697,-0.06875237217372443
2012-12-31,-0.07013243201974306,-0.06125728946262565,-0.07201886598995177,-0.03927874996834402,-0.06886167574922475,-0.16533282215939038,0.26246159633832833,0.26246159633832833,0.22580645161290325,0.22580645161290325,0.5129533678756477,4.037153322867608,-1.6058263971462545,-0.4115936921857105,-0.13592885053728432,-0.22497055359246176,-0.009693765146508104,-0.036945812807881784,-0.11784638554216864,-0.1328671328671328,0.0013389121338911458,0.05405405405405417,-0.022882096069869018
2013-03-31,-0.03801277300183292,-0.05612885998806272,0.012485360086624153,0.05120466048080985,-0.07191442961732175,0.17236033760119418,-0.018028308914824986,-0.018028308914824986,-0.07894736842105265,-0.07894736842105265,-0.7385844748858448,-0.7234573031373364,-2.0215897939156036,-0.5187902380595897,-0.07570012012153471,-0.10182370820668685,0.048720800889877625,0.018998903909389853,-0.11694408877507467,0.016129032258064502,-0.03526658866789234,-0.05128205128205132,-0.10207365033964966
2013-06-30,-0.10408573774878438,-0.17510504638682034,-0.17376358636343792,-0.15350376769437168,-0.05305391710225549,0.1306136441549537,-0.4682884887720008,-0.4682884887720008,-0.48571428571428565,-0.48571428571428565,1.0320960698689956,0.41773102930127726,0.16330451488952935,1.0644057249533292,-0.16907473944397722,-0.12351945854483937,0.0763682647433177,0.08354248834707789,-0.09279845335911074,-0.007936507936507908,0.05699930699930689,0.0,-0.025549140619815502
2013-09-30,-0.11157971708557979,-0.18309461367762758,-0.2119319007303898,-0.18468762034540986,-0.047451046590141766,0.04743134367148927,0.39094454484923435,0.39094454484923435,0.33333333333333326,0.33333333333333326,-0.4120554421403245,-1.0877053524112348,-0.1288191577208918,0.01597588545591555,-0.20672841020608435,0.030888030888030826,0.04375246353961382,0.06452680344142947,-0.07352157698454975,0.1359999999999999,0.07228323225700706,0.1351351351351351,0.0019749387087988346
2013-12-31,0.03388494421098387,0.1116338222946609,0.1255635443377412,0.042401671359796556,-0.014584699356713693,-0.14962160373847233,-0.42439991793749576,-0.42439991793749576,-0.41666666666666663,-0.41666666666666663,-0.3444809941520468,-3.8851963746223563,-12.38957345971564,-2.4132917964693665,0.3683071094444659,-0.29026217228464424,-0.1387839879154078,-0.12962387317376423,-0.061529614721104076,-0.232394366197183,-0.046927545093243594,0.09523809523809534,0.06640386053150271
2014-03-31,-0.055289256661677055,-0.07495362605382705,-0.16243541446418197,-0.16655919413025666,0.009414451677876468,-0.20794631133589458,1.6975169300225734,1.6975169300225734,1.3571428571428572,1.3571428571428572,-2.421522163367717,-1.4073298429319372,-0.7465046604527297,-0.18967146006087965,0.218116064869752,0.08443271767810034,0.08484981363736033,0.1260714285714286,-0.1341911764705882,0.15596330275229353,0.06848436246992784,0.021739130434782483,0.1099426386233271
2014-06-30,-0.047184423383914265,-0.02780946434360776,0.032817777777777835,0.0425536364016561,-0.08727139917512183,-0.28188125498864125,-0.4046685752036996,-0.4046685752036996,-0.48484848484848486,-0.48484848484848486,-2.0798195724651896,-0.31362467866323906,-1.2078135259356533,-1.8406735751295336,-0.15053114997448624,-0.2846715328467154,0.09175424413904598,0.10561370123691716,-0.12880396319886767,-0.17460317460317454,-0.04202942059441617,-0.08510638297872342,-0.0675279931093885
2014-09-30,-0.02934142179150212,0.019168776631877993,0.282463508675296,0.32613273963535705,-0.20613495735004195,0.06489398084815323,0.880816749278686,0.880816749278686,0.8235294117647058,0.8235294117647058,0.06483835815474026,-10.47940074906367,-3.3333333333333335,-0.7003081664098614,-0.053107252075142,0.20748299319727903,0.27378748611625325,0.2119908204245553,-0.23639317627944756,0.3846153846153846,-0.1822312754622375,-0.13953488372093026,-0.2314797709218548
2014-12-31,0.0073276996028155406,0.04839002872135434,0.00010737390277282266,-0.004113919264334465,0.013941308811054709,0.7061421116017663,-0.7501081697675334,-0.7501081697675334,-0.7741935483870968,-0.7741935483870968,0.6314173631246802,-0.17384433030422752,5.027758970886933,-1.6704370179948587,0.03760200697828653,-0.40056338028169014,0.044179625054497906,0.0028402366863906625,-0.08297872340425538,-0.2152777777777778,0.006706265568116487,0.027027027027026973,0.05272435897435912
2015-03-31,-0.14755173929383592,-0.2538319269448619,-0.27621654991008404,-0.2826790189080416,-0.03130645650197028,0.1825411764705882,-0.4706437903352747,-0.4706437903352747,5.285714285714286,5.285714285714286,0.22760062728698371,-2.2175992348158777,-1.108278108502752,-12.881134969325153,-0.43056443320456883,-0.31954887218045114,-0.21753653444676413,-0.243568562662261,-0.3317865429234338,-0.2566371681415929,0.13627712219261512,0.21052631578947367,0.04026488049931487
2015-06-30,0.06792452830188678,0.19482269833155175,-0.10452050730549578,-0.1132283197831978,0.18433404678757848,-0.055951291336702624,1.7121617603330361,1.7121617603330361,0.7045454545454546,0.7045454545454546,-0.7415261454607392,-0.9748625294579732,-22.974066390041493,-2.1663977280061966,0.8819424109321621,0.1049723756906078,-0.06919245819992892,-0.06302652106084239,0.17708333333333348,0.6547619047619047,0.10904522613065337,0.21739130434782616,0.34733299187824684
2015-09-30,-0.06056047300843159,-0.0744486366642032,-0.03439279428512265,-0.024042593830579717,-0.07391671950961742,-0.1989208784723686,-0.15601359500054823,-0.15601359500054823,-0.2400000000000001,-0.2400000000000001,0.5591433278418452,1.5625,-1.0463107208610678,-1.3314149742681645,-0.15531236223126998,-0.42500000000000004,-0.4114274794572903,-0.3776223776223776,-0.0766961651917405,-0.5107913669064748,-0.014197251170518177,0.125,-0.051645487129358125
2015-12-31,0.011730969760166854,0.047432934089794765,0.08946262383668557,0.11104043838833566,-0.029637322255951393,0.35613555041044,-0.615874253052741,-0.615874253052741,-0.6140350877192982,-0.6140350877192982,-0.9932375316990701,-32.0,0.019367991845056,-1.6453498079812992,0.11866019894387825,0.2717391304347827,-0.13441558441558443,-0.09416800428036387,-0.03194888178913746,0.36764705882352944,-0.04090700168530714,0.07936507936507953,-0.05720666552138798
2016-03-31,-0.0038060882688556452,0.11461662944189599,0.01895445419832309,-0.09708032411484935,-0.01740582624751552,0.0679807543069999,0.13730131890429487,0.13730131890429487,0.13636363636363646,0.13636363636363646,-102.25,-0.9966561762391818,0.0,-0.25148771021992233,0.0793973159151411,0.22564102564102573,-0.010502625656414244,-0.002953337271116352,-0.018151815181518094,0.26881720430107503,-0.013738019169329152,0.02941176470588225,0.23445092322643335
2016-06-30,-0.06848312863033745,-0.09211552537166579,0.021113021306187196,0.08269319872216929,-0.12399909035416345,-0.5151504141839849,2.07909604519774,2.07909604519774,2.04,2.04,-1.6358024691358026,-16.941176470588236,0.4610000000000001,-2.4237815416522643,-0.10472921434019833,0.39051603905160404,0.12206216830932526,0.0864928909952607,-0.13277310924369745,0.423728813559322,-0.059604794298671715,-0.08571428571428563,-0.1614839598504232
2016-09-30,-0.08169709086004873,-0.11266916895749635,-0.07211229238394312,-0.08394522275778193,-0.08861987457131537,0.3868115399025853,-0.2926122646064703,-0.2926122646064703,-0.30263157894736836,-0.30263157894736836,3.297087378640777,-0.6420664206642066,-0.295687885010267,1.4153920854576354,-0.28255374740848027,-0.20561685055165502,0.05135135135135127,0.02071973827699014,-0.08914728682170536,-0.08928571428571419,-0.007406131588012399,0.03125,-0.03133435042835342
2016-12-31,-0.04761863623405005,-0.042881186791581594,-0.05304791029561673,-0.05672346389319172,-0.043626223708079115,0.4669044145458474,-0.6221160409556314,-0.6221160409556314,-0.6226415094339622,-0.6226415094339622,-1.0425892453682784,-8.474226804123711,0.13411078717201175,-0.9799979897477133,-0.007877444382867527,-0.08080808080808077,0.06555269922879181,0.04380341880341865,-0.044680851063829796,0.013071895424836555,0.004164497657469957,0.07575757575757569,0.014659559001696243
2017-03-31,-0.09068313966673014,-0.13320883909119208,-0.13843437822941784,-0.16022833906787615,-0.0559152258084743,-0.40345513481656103,1.501806358381503,1.501806358381503,1.4499999999999997,1.4499999999999997,-2.8037135278514587,-1.2275862068965517,-3.165381319622965,-9.64824120603015,0.06866695926265809,-0.06043956043956045,0.25120627261761164,0.23899692937563977,-0.2783964365256124,-0.01935483870967747,0.03818904440988424,-0.05633802816901401,0.032179104477612075
2017-06-30,0.0434838992857427,0.1538779174147218,0.03168574141636271,0.015085203464009656,0.051323348719821915,-0.44902747761654827,1.2024548736462095,1.2024548736462095,0.8571428571428572,0.8571428571428572,6.985294117647059,-4.672727272727273,4.977443609022556,5.213248111563045,0.39923088410991636,-0.1505847953216375,0.2246324415521812,0.23750516315572057,0.01851851851851838,0.17763157894736836,0.0074900133155790805,-0.014925373134328401,0.1367343397536005
2017-09-30,-0.03876561857690508,-0.10038742200992667,-0.033667587075521976,-0.04262605877136649,-0.04208980210685909,0.23826067466098855,-0.5226199842643589,-0.5226199842643589,-0.5824175824175823,-0.5824175824175823,0.49337016574585646,0.11056105610561051,-0.9945051307514068,-1.669316375198728,-0.19097046188328837,-0.3218588640275387,0.023026963196221217,0.035046728971962704,-0.12121212121212122,-0.3351955307262571,-0.003469354039319361,-0.0757575757575758,-0.06034702081107213
2017-12-31,-0.0375641484664041,-0.06404469119147682,-0.011780629637056395,-0.015554632853173156,-0.05452417067862558,0.3515250248891302,-0.41656365883807167,-0.41656365883807167,-0.44736842105263164,-0.44736842105263164,-0.1743741521765939,-3.288261515601783,-1.0,0.14670951515998332,-0.2706794195250659,0.002538071065989911,0.07387456714120821,0.08094163173169955,-0.055172413793103336,0.14285714285714302,-0.017572944297082116,-0.16393442622950816,-0.04922293821411161
2018-03-31,-0.0888282646660673,0.24133343188705747,-0.0882666260843098,-0.11345791966776975,-0.08921440404568837,-0.09609589499765625,0.4112523540489643,0.4112523540489643,0.4285714285714286,0.4285714285714286,-0.31396564600448096,-11.816883116883117,inf,-2.458632874375533,0.5413557635779858,0.28101265822784804,0.005732712289501896,0.002684964200477369,-0.0912408759124087,0.3602941176470589,-0.0005062436719540653,-0.019607843137254943,0.4001594714659984
2018-06-30,-0.042290898780833586,-0.04215791354055021,0.015578923941467648,0.03414455626715451,-0.08211912921939923,-0.06600977922655205,-0.2098415346121768,-0.2098415346121768,-0.23333333333333328,-0.23333333333333328,0.49923797082516863,-1.0099651818945852,-3.6444444444444444,-1.6126472308077855,-0.21033329421429414,0.31818181818181834,-0.273067331670823,-0.28384409401963706,-0.09236947791164674,0.44864864864864873,-0.04153300692216788,0.1200000000000001,-0.07378782948259044
2018-09-30,0.24937830092603552,0.34223859256496336,-0.045115871363611504,-0.053011536556019534,0.4736337088026701,0.1799793765368447,-5.762085708254169,-5.762085708254169,-5.826086956521739,-5.782608695652174,-5.426517571884984,0.47590361445783125,-0.634453781512605,-5.011317152986092,1.0930336243730263,-0.07496251874062965,-1.3256554765988728,-1.336103032820939,0.4646017699115046,0.018656716417910335,0.17949621278844452,0.0714285714285714,0.4173913043478261
2018-12-31,0.21798966873607895,0.2643316158165925,0.14245962305287008,0.17656950672645744,0.25525861336806055,-0.04987899973111054,-0.2333983509176345,-0.2333983509176345,-0.23423423423423428,-0.2454545454545456,-0.20635805911879535,-0.024489795918367308,-0.31034482758620685,-0.18848363302627558,0.423776049987574,0.4813614262560779,2.3777276147479314,2.5401730531520395,0.25075528700906324,0.01098901098901095,0.030615292712067088,-0.09999999999999987,0.07458015740224333
2019-03-31,-0.07139077382805203,-0.053079839551623764,-0.04238543628374136,-0.09849134508496105,-0.08441682923803828,0.03226262912126776,-1.4830278147227203,-1.4830278147227203,-1.4823529411764707,-1.4939759036144578,-1.2096647513538092,-12.794979079497908,-2.4333333333333336,-1.0841920080422216,-0.025047689104442217,0.48030634573304143,-0.1733125417687682,-0.1462988826815642,-0.0845410628019323,0.18478260869565233,-0.014055933922619945,-0.05555555555555558,0.050373403304402986
