Quarter end,Assets,Current Assets,Liabilities,Current Liabilities,Shareholders equity,Revenue,Earnings,Earnings available for common stockholders,EPS basic,EPS diluted,Cash from operating activities,Cash from investing activities,Cash from financing activities,Cash change during period,Cash at end of period,Price,ROE,ROA,Book value of equity per share,P/B ratio,P/E ratio,Equity to assets ratio,Net margin,Asset turnover,Current ratio
1997-12-31,1.0873370317637,0.9535198640114548,1.9460875663459163,11.903788078324585,0.5228890852535235,0.2876852393403071,11.966031211730266,11.966031211730266,-0.6285714285714286,10.666666666666666,3.0277377540276875,-0.20838052240646465,0.42635440949517833,24.822763779106012,0.4796209335219237,0.25503355704697994,-0.3057228915662651,-0.13777777777777767,0.5207667731629393,-0.17513134851138357,-0.4772902232486528,-0.27049999999999996,0.8325358851674642,-0.11111111111111105,-0.8485808413583376
1998-03-31,1.0873370317637,0.9535198640114548,1.9460875663459163,11.903788078324585,0.5228890852535235,0.2876852393403071,11.966031211730266,11.966031211730266,-0.6285714285714286,10.666666666666666,3.0277377540276875,-0.20838052240646465,0.42635440949517833,24.822763779106012,0.4796209335219237,0.25503355704697994,-0.3057228915662651,-0.13777777777777767,0.5207667731629393,-0.17513134851138357,-0.4772902232486528,-0.27049999999999996,0.8325358851674642,-0.11111111111111105,-0.8485808413583376
1998-06-30,1.1344681161718024,3.840338883829804,1.3397284397237628,1.6865028267057536,0.8742371253529995,0.2876852393403071,11.966031211730266,11.966031211730266,-0.6285714285714286,10.666666666666666,3.0277377540276875,-0.20838052240646465,0.42635440949517833,24.822763779106012,8.370553965102054,0.25503355704697994,-0.3057228915662651,-0.13777777777777767,-0.1428571428571428,-0.17513134851138357,-0.4772902232486528,-0.12177290381539863,0.8325358851674642,-0.11111111111111105,0.8016736401673641
1998-09-30,0.2619783229512851,3.0843702062382823,-0.4772250515858726,-0.779415233492507,1.4257772838286544,0.32042284030846546,-0.319763624425476,-0.319763624425476,-0.6285714285714286,-0.6285714285714286,-2.659607048156188,-0.1281681416619409,1.2070414480081055,3.3878422589173764,3.9195492497959696,-0.04188948306595375,-0.3057228915662651,-0.13777777777777767,1.3946078431372548,0.11889596602972397,-0.4772902232486528,0.9219562955254943,0.8325358851674642,-0.11111111111111105,17.513701811425918
1998-12-31,0.04637911508517467,-0.38123356841797773,0.08391919965012029,0.37390839422562827,0.02919851843891208,0.05186731412822354,-0.10543436293436292,-0.10543436293436292,0.0,-0.3076923076923077,0.3392180502928006,0.9321563244505451,-1.0675539871379438,-1.509650113318758,-0.4060532007886325,-0.0027906976744185297,-0.3057228915662651,-0.13777777777777767,-0.2886386898669395,-0.5844402277039848,-0.4772902232486528,-0.016377910124526274,0.8325358851674642,-0.11111111111111105,-0.5496236828901154
1999-03-31,0.6830623898803403,1.6005588072355903,-0.10811240199626271,-0.42674795693345435,0.9808416976109828,0.322818824353192,-0.21148803827354057,-0.21148803827354057,-0.46153846153846145,-0.2222222222222221,-0.4490386470323452,0.27511391288726306,-22.831942262372348,-3.334147817000448,1.5957459379615955,0.18376865671641784,-0.3057228915662651,-0.13777777777777767,1.0,0.6666666666666667,-0.4772902232486528,0.17696435943305344,0.8325358851674642,-0.11111111111111105,3.536430481283423
1999-06-30,-0.003939432169669632,-0.22721858635106518,-0.007566375434727268,0.005370504465363357,-0.00029733059092484915,0.3948547443878514,0.040315789473684305,0.040315789473684305,-0.14285714285714302,-0.14285714285714302,1.0163398692810457,-0.07376739479869099,-1.0060358960404612,-1.4377221563981042,-0.26909157125623107,-0.06658786446020482,-0.39913232104121477,-0.13777777777777767,-0.0007194244604316058,-0.5342465753424658,-0.4772902232486528,0.0036244592540630727,0.8325358851674642,0.0,-0.23134163412657482
1999-09-30,0.040491928772449226,-0.7134566705659002,0.30177438930580003,0.16378068543304725,-0.0019422433535174477,0.14176795766909533,0.32459779419204704,0.32459779419204704,0.3333333333333335,0.3333333333333335,0.7780157443852744,2.0143396435139733,-35.92883755588674,1.3954568524015318,-0.8819124570736168,-0.03967918953144789,-0.15162454873646203,-0.13777777777777767,-0.002159827213823018,-0.03529411764705881,-0.4772902232486528,-0.04077353215284252,0.8325358851674642,0.125,-0.7537780759768683
1999-12-31,0.15199358304605348,0.1662051715339763,0.893415624350262,0.6115086579249345,-0.005863095265681517,0.31747582878040825,0.3943167061339852,0.3943167061339852,0.625,0.625,0.31686037047888793,-0.08036910288639743,2.669244471941034,-0.9470354081730924,-0.3955551293423797,0.10725274725274736,0.0,-0.020618556701030966,-0.014430014430014348,0.10975609756097571,-0.4772902232486528,-0.13699295603594852,0.8325358851674642,0.11111111111111116,-0.27632518004282103
2000-03-31,0.409516023566465,1.177179051267153,1.3852160946909713,0.42864457903621966,0.014610157275965596,0.2982209685213697,1.3008820467868296,1.3008820467868296,1.076923076923077,1.076923076923077,-1.3072682323856613,1.245345278684681,1.9890345012035304,-8.001697072549852,4.581984769157544,0.6685192536720921,0.6382978723404256,0.41052631578947385,0.0065885797950220315,0.6923076923076923,-0.4772902232486528,-0.280185758513932,0.8325358851674642,0.09999999999999987,0.5239376008606778
2000-06-30,0.1958111836508316,1.4384410603794224,0.07728921717335702,0.14960629921259838,0.3086026935021362,0.4460815291255833,0.3960664793561599,0.3960664793561599,0.33333333333333326,0.33333333333333326,1.4361573738836593,-0.5678428689174688,-0.22451254240453145,2.2723487504436424,2.6861148415794447,0.032119914346895095,0.4701298701298702,0.31343283582089554,0.15854545454545454,0.022727272727272707,-0.4772902232486528,0.09423264907135875,0.8325358851674642,0.09090909090909083,1.1210730674196965
2000-09-30,0.011826834034805778,-0.34749716592735314,0.025488864197641847,0.10920419337867071,-0.0039956840993893294,0.2508934611217202,-0.3258459544276163,-0.3258459544276163,-0.38888888888888884,-0.38888888888888884,-1.1627200369893325,-0.18367236779198348,-0.9995309462594846,-1.8261040936446002,-0.6019916801283065,-0.1325495620101429,0.11837455830388688,0.02840909090909083,-0.005021971123666091,-0.2507936507936508,-0.4772902232486528,-0.015544041450777035,0.8325358851674642,0.08333333333333348,-0.4117434958673102
2000-12-31,0.0994762964057847,-0.024364384843803655,0.21390401777097767,0.3078399423785536,0.014219726984908032,0.1665167162779122,0.378070685860298,0.378070685860298,0.36363636363636354,0.36363636363636354,1.5857519788918206,0.2714640620424511,711.9171122994652,-0.6015472896813199,-0.6026638252530634,-0.05421206484188146,0.1453396524486572,0.06629834254143652,-0.04731861198738174,-0.04661016949152541,-0.4772902232486528,-0.07767695099818517,0.8325358851674642,0.15384615384615374,-0.2539959451176387
2001-03-31,0.2501705184130738,2.4876175841342074,0.410137234701079,0.03652287212965022,0.09761107809094804,-0.2876231266897228,0.31275357529694703,0.31275357529694703,0.26666666666666683,0.26666666666666683,-3.94403453689168,-0.03581449370113643,4.013468051351868,-8.312411598302688,11.091177259318853,-0.16830570384939592,0.05517241379310356,0.010362694300518172,0.09668874172185427,-0.12888888888888894,-0.4772902232486528,-0.12199921290830384,0.8325358851674642,-0.06666666666666654,2.364682088231576
2001-06-30,-0.010515466423167252,-0.3486853075527112,0.008165232760257712,0.013471045998535658,-0.03027904973621376,0.043427933012370135,0.4535639867425567,0.4535639867425567,0.42105263157894735,0.42105263157894735,-1.0696403338043565,0.44748177047883475,-0.9926253753517871,-1.6056656900004176,-0.5555741499451577,-0.2743243243243243,0.18039215686274512,0.11025641025641031,-0.032608695652173836,-0.33673469387755095,-0.4772902232486528,-0.019946212460779877,0.8325358851674642,-0.07142857142857151,-0.3573333834247502
2001-09-30,-0.011980038838123708,-0.3083862576489924,-0.009421372904878877,-0.028476440125311697,-0.015093511520803515,0.13868697739879132,0.20202039638252844,0.20202039638252844,0.20370370370370372,0.20370370370370372,4.312787136294028,-0.5570423234983072,6.203286670724284,-0.7010528149462705,-0.37371212361798556,-0.2988826815642458,0.2978959025470653,0.22863741339491916,-0.03495630461922594,-0.27692307692307694,-0.4772902232486528,-0.0032014635261834457,0.8325358851674642,-0.07692307692307698,-0.28813608862128426
2001-12-31,-0.012833111874249181,-0.2944979140547317,0.0127056831084853,0.12767511648108654,-0.04868232105657022,0.08576774124752196,0.19826634010469202,0.19826634010469202,0.18461538461538463,0.18461538461538463,2.3932406139655544,-0.02752819115909233,-1.6261230812561611,0.45759584334862935,-0.8697617478105283,-0.2841965471447544,0.2687713310580204,0.21616541353383445,-0.0498059508408798,-0.25531914893617025,-0.4772902232486528,-0.03624684560679059,0.8325358851674642,-0.08333333333333326,-0.3743789776226648
2002-03-31,-0.014092225995109953,-0.1869373639189057,-0.0071651729721100565,-0.14230232788856012,-0.023741145603158542,-0.1618558265776222,-0.5205966241174546,-0.5205966241174546,-0.5194805194805194,-0.5194805194805194,-1.1699583758069996,-0.6257708135094722,-3.0795303749353367,-0.9733734217276876,-0.1778185661049002,-0.3552875695732838,0.030934767989239997,0.012364760432766797,-0.023825731790333537,-0.3285714285714285,-0.4772902232486528,-0.009759581052130262,0.8325358851674642,0.09090909090909083,-0.05204436568878401
2002-06-30,-0.09254757980163886,-0.050093384865763646,0.00883262996923162,0.10110735001445859,-0.23497203576623005,0.018961283828048847,0.4095944044251856,0.4095944044251856,0.4054054054054055,0.4054054054054055,-6.057478445582906,-0.41911303371528585,-0.8679941162473772,-0.9854551141695339,-0.0031457177648491763,-0.3985611510791367,0.07827788649706457,0.027480916030534264,-0.23570432357043225,-0.3829787234042553,-0.4772902232486528,-0.1569711538461539,0.8325358851674642,0.0,-0.13728883965660477
2002-09-30,-0.06214267361230441,-0.12340882380652485,-0.007186078345608249,-0.028205088594688954,-0.16417868657610724,0.05225522839773977,2.4979143602720226,2.4979143602720226,2.480769230769231,2.480769230769231,-0.9341074737492279,-0.7930002084399219,2.576075378943056,-381.5268817204301,1.2008075735468764,-0.4425837320574162,0.704779189352692,0.5824665676077265,-0.16423357664233584,-0.27586206896551724,-0.4772902232486528,-0.10892500712859998,0.8325358851674642,0.08333333333333348,-0.09798571543214818
2002-12-31,-0.011935227015535399,0.5167885276273176,-0.004638025335614748,1.1310565404278048,-0.02834093766679846,0.0334909690623324,0.738070007375444,0.738070007375444,0.7348066298342542,0.7348066298342542,25.250468691413573,-4.59657634566093,-2.0737982862117947,0.7641640057645032,0.9625655257477643,0.04721030042918439,0.9123491838183111,0.7699530516431925,-0.029475982532751077,0.2857142857142858,-0.4772902232486528,-0.01632,0.8325358851674642,0.0,-0.2882562277580072
2003-03-31,0.010719149419404328,0.2314523182154693,0.02314842666217487,-0.011444231934046867,-0.017342757637519024,-0.14846911800048068,-0.8510347720477415,-0.8510347720477415,-0.8503184713375797,-0.8503184713375797,-0.8991715469218683,-0.3887093079487898,0.2152900761730001,-1.4145470271655562,-0.2033199258398014,0.9467213114754098,0.1677491185748745,0.06153846153846154,-0.0517435320584928,0.962962962962963,-0.4772902232486528,-0.02797657774886142,0.8325358851674642,0.0,0.2457499999999999
2003-06-30,-0.02562425988096584,-0.1139149264806093,-0.03077734892805084,-0.1528848228932591,-0.014229820815944372,0.005988902749476388,0.17563275596738803,0.17563275596738803,0.1276595744680853,0.1276595744680853,5.166312508853945,-1.826581171670067,-0.6929262426040698,-1.239017039527066,0.060999299878711444,0.6126315789473684,0.07198474495471152,0.02898550724637672,-0.08659549228944241,0.7169811320754718,-0.4772902232486528,0.011713520749665252,0.8325358851674642,0.0,0.04595625125426439
2003-09-30,0.0025205101921506046,0.039323653664739,-0.015004663465100432,-0.1408292625570532,0.042334052672727385,0.048546195194757,-0.5092419811539711,-0.5092419811539711,-0.5283018867924529,-0.5283018867924529,-0.3236996875574343,2.115101752971993,-0.4818181818181818,-7.7032007759456835,-0.38538249207691666,0.335509138381201,-0.2540764897717166,-0.253035454103934,0.03896103896103886,0.4615384615384617,-0.4772902232486528,0.039695666556401,0.8325358851674642,0.0,0.20970836531082115
2003-12-31,-0.05360224402702751,-0.32333750990703014,-0.04028928570960566,-0.38876724145081154,-0.08365425601235621,-0.07484722326273319,0.3832431614392191,0.3832431614392191,0.32000000000000006,0.32000000000000006,1.5939601875127387,-1.0269400559499362,3.2693368641730114,-1.9485843823855689,0.5947891306648925,0.05474095796676437,-0.6176470588235294,-0.618335500650195,-0.08625000000000005,0.015037593984962516,-0.4772902232486528,-0.03181673560292719,0.8325358851674642,0.0,0.10705789056304527
2004-03-31,-0.025842929815482196,-0.18745610731079065,-0.027056889130901984,-0.13700479683015698,-0.027856547536980414,0.07688258804884107,-0.34029895652411757,-0.34029895652411757,-0.33333333333333337,-0.33333333333333337,-0.5846570893518943,-4.585234093637455,-0.159796345592226,-1.1720394569583568,-0.06416346655288485,0.06580166821130695,-0.1143451143451143,-0.11073253833049401,-0.04240766073871405,0.16296296296296298,-0.4772902232486528,-0.0019717384160368168,0.8325358851674642,0.0,-0.0584527220630372
2004-06-30,-0.006506299661151682,-0.06191868985028737,0.0020012361071271023,-0.22220824554231267,-0.016963900125469222,0.03648639212800586,0.35156930220987603,0.35156930220987603,0.3181818181818181,0.3181818181818181,1.322928490351873,1.2027456889335344,-2.188588126730237,-15.653169794591399,1.0046606820806905,0.17999999999999994,-0.13145539906103287,-0.13218390804597702,-0.019999999999999907,0.23566878980891715,-0.4772902232486528,-0.010536713862364322,0.8325358851674642,0.0769230769230771,0.20610164333536218
2004-09-30,-0.01937057590283564,-0.21851308700226357,-0.01876844575016634,-0.1111521044758016,-0.021022634961690212,0.03221192711896026,-0.07784100495421564,-0.07784100495421564,-0.06896551724137923,-0.06896551724137923,-0.40585552569427474,0.326138177396063,-3.5192929789601717,-1.7162609169204703,-0.3589630842633026,0.06632277081798077,0.07162162162162167,0.05739514348785857,-0.03790087463556857,0.08762886597938135,-0.4772902232486528,-0.0016638935108153063,0.8325358851674642,0.0714285714285714,-0.12079732542736388
2004-12-31,0.012897688007472263,0.2607117068971847,0.03026384228499257,0.8889128963842816,-0.023544546975911795,-0.3557794646263831,0.231329629752836,0.231329629752836,0.18518518518518512,0.18518518518518512,0.5428917369154502,-0.5049289316827144,-1.3063750667707605,-2.249229122960168,0.6995340329409538,0.17277125086385614,0.02648171500630525,0.014613778705636626,-0.033333333333333326,0.2180094786729858,-0.4772902232486528,-0.03599999999999992,0.8325358851674642,-0.06666666666666654,-0.3325441239776151
2005-03-31,-0.031669855830901206,-0.35761737267705807,-0.03944068864580108,-0.4039102361493656,-0.01265981985828235,0.4366705371685071,-0.5736728353370255,-0.5736728353370255,-0.5625,-0.5625,0.370433984334513,1.7185691132206529,-6.426051969823973,-2.0454893828051035,-0.4303270132725915,0.07778432527990575,-0.04914004914004921,-0.057613168724279795,-0.012539184952978122,0.11673151750972766,-0.4772902232486528,0.01970954356846466,0.8325358851674642,0.0,0.07760937332043416
2005-06-30,-0.02015005380819912,-0.21168647995164214,-0.021066757360744592,0.374570759099907,-0.01800002891902741,0.02009709527813186,0.008142961249643532,0.008142961249643532,0.0,0.0,-0.2171789746637135,-0.08619000979431934,-0.45517573780216525,-0.5992345838723587,-0.302735408845493,0.023510114816839733,-0.12855297157622736,-0.13100436681222705,-0.022222222222222143,0.03484320557491283,-0.4772902232486528,0.0020345879959307034,0.8325358851674642,0.0,-0.4265336658354115
2005-09-30,0.8206117998708158,0.5564487271240159,0.22034619010251455,0.1507836207466624,2.252313683530023,0.4077741146442624,-0.34408196618266396,-0.34408196618266396,-0.5714285714285715,-0.5714285714285715,0.31386810942114995,-1.445407521319726,-0.07887036406941139,-1.6331405514458641,0.27489430286608574,0.22596153846153855,-0.47813194959229055,-0.3266331658291457,0.827922077922078,0.25589225589225584,-0.4772902232486528,0.786802030456853,0.8325358851674642,-0.07142857142857151,0.35258305792311706
2005-12-31,0.00013601711607513778,-0.07266666119271858,0.02267629545974259,0.4576923199708851,-0.020824574951696873,0.16196278697317434,3.653090560613321,3.653090560613321,2.8333333333333335,2.8333333333333335,0.43915121592520623,-5.723791588198368,0.08732269503546108,-0.8495135318859668,0.03244808032319835,0.11241830065359482,-0.14488636363636376,-0.007462686567164312,-0.039076376554174064,-0.3914209115281502,-0.4772902232486528,-0.02102272727272725,0.8325358851674642,0.0769230769230771,-0.3638117283950617
2006-03-31,-0.011244297447072671,0.0068001310441920815,0.003498267748289985,0.27110284729385525,-0.02504413978446085,0.04155709061357182,-0.980053547523427,-0.980053547523427,-0.9565217391304348,-0.9565217391304348,0.10727007299270075,-0.39060908084163903,0.7134347963944376,-8.658949745906266,-0.24070771332996155,0.16216216216216228,-0.32890365448504977,-0.26691729323308266,-0.024953789279112737,0.2070484581497798,-0.4772902232486528,-0.013929193267556594,0.8325358851674642,0.0,-0.20800485142510616
2006-06-30,-0.009251556045014486,0.26955684346610154,-0.0048535842477333,-0.03617006979705273,-0.012063932973131686,0.0170219937642202,-4.956633970056789,-4.956633970056789,-3.0,-3.0,-0.07087200717223918,0.4864432652467834,-0.37105280549864517,-1.1799248009436745,0.05703901931684063,0.06336366700370744,-0.3811881188118811,-0.3384615384615385,-0.025592417061611528,0.09124087591240881,-0.4772902232486528,-0.00294290759270166,0.8325358851674642,0.0,0.3172537008677898
2006-09-30,-0.0002258449843709487,0.3881959718061063,-0.00268097782512855,-0.008886243215994183,0.0021619990604972994,0.023334959783712694,-0.546972860125261,-0.546972860125261,-0.5,-0.5,0.29502997623186356,-0.2944642769817595,-0.6119937792909232,22.918869084204058,1.2906891900855681,0.060221870047543646,-0.20799999999999996,-0.21705426356589153,0.001945525291829009,0.08695652173913038,-0.4772902232486528,0.0023612750885477762,0.8325358851674642,0.0714285714285714,0.40069753923658213
2006-12-31,0.0008702341346986664,0.21265091955198812,0.0015703797549979637,0.02740818097046893,0.0001831613373104446,0.012531974678154034,4.266417050691245,4.266417050691245,3.0,3.0,-0.202484002454418,0.10362155605614287,0.07412322274881511,-0.36562510706821527,0.3574386347622127,0.1055306427503735,-1.3181818181818181,-1.316831683168317,0.013592233009708687,0.10461538461538455,-0.4772902232486528,-0.0005889281507654998,0.8325358851674642,0.0,0.1802462304606447
2007-03-31,-0.03405312229957236,-0.4658184197423162,0.023239453955677947,-0.46224999078347484,-0.08926009072921803,0.043915817157614834,0.21564123598578067,0.21564123598578067,0.25,0.25,0.17735919048698556,0.01573245407442303,8.408350562251021,-4.161040749642192,-0.8323603447295068,0.05381287182260697,0.9206349206349205,0.90625,-0.08429118773946354,0.03899721448467974,-0.4772902232486528,-0.05715969357690043,0.8325358851674642,0.06666666666666665,-0.006563525550867255
2007-06-30,0.007713903704750669,0.5903614457831325,0.09738249301624924,0.028535704725154876,-0.08933351496099429,0.016877840635054042,-1.8993611660968148,-1.8993611660968148,-2.0,-2.0,0.2298307339529837,0.8299326037222532,-1.0382791019257465,-1.708504013019354,3.5178469173506395,0.04541955350269444,-0.5123966942148761,-0.5409836065573771,-0.07426778242677834,0.14209115281501328,-0.4772902232486528,-0.09624999999999995,-0.545691906005222,0.0,0.5461302501179801
2007-09-30,-0.021547118226650896,-0.3081599240486709,0.016961271671670275,0.07459872595291683,-0.07178306642472987,0.025561975654464053,-3.9827422340053023,-3.9827422340053023,-3.9999999999999996,-3.8000000000000003,-0.13825037836196552,-0.5636329847443023,-21.028983478017363,-1.785470549225297,-0.6116110618201962,0.003927344133529687,2.5254237288135593,2.4285714285714284,-0.057627118644067776,0.08450704225352124,1.4094256259204712,-0.0514061779621946,2.2528735632183907,0.0625,-0.3561999236932468
2007-12-31,-0.008896391976144669,-0.13997157440015684,0.05818323298084205,-0.06257051884145293,-0.1047523406221812,0.02863827414067499,-1.0930603072382103,-1.0930603072382103,-1.0666666666666667,-1.0714285714285714,-0.2904639473235079,1.664214642456154,-0.6166434808139982,-0.6192069754232995,-0.5996494832900223,0.05867970660146704,-0.22596153846153844,-0.29166666666666663,-0.08393285371702641,0.12337662337662336,-0.705916870415648,-0.09671931956257596,-0.31625441696113077,0.0588235294117645,-0.08249377740903163
2008-03-31,0.007597358918447039,0.35072494443856495,0.03342982000276984,-0.0342021186093554,-0.03600982365857819,0.010769295870006745,-8.59686429987385,-8.59686429987385,-12.0,-11.0,0.4151523145920948,-0.0012061499113552587,-0.7707702687917137,-2.7840441828589855,2.672161338043052,-0.13602771362586608,0.46583850931677007,0.36764705882352944,-0.0379581151832461,-0.055876685934489356,0.19625041569670754,-0.04331450094161948,0.3255813953488371,0.0,0.3985273220514145
2008-06-30,0.00894909284129941,0.08230823474104842,-0.007179165237941709,-0.08923637051705746,0.03818187622349756,0.030205346116007004,2.7667180642865614,2.7667180642865614,2.6363636363636367,2.8,-0.030874757377372775,-0.12387423433385225,2.4221789109422853,-0.6554400632696871,0.2507296539590407,0.13098102111734855,2.504237288135593,2.3440860215053765,0.044897959183673564,0.17551020408163254,-0.18316711262466545,0.02896512935883,2.267056530214425,0.05555555555555558,0.18834287825605012
2008-09-30,-0.016405945649044074,-0.23797232918744482,0.009335775576347904,0.10865422502417887,-0.0609882423579956,0.039468871911573444,-0.6191981660851713,-0.6191981660851713,-0.625,-0.6052631578947368,0.2853845239913777,0.038228407260408215,1.9123400397503398,-3.8165065416270454,-0.5646157891277197,-0.10990309619475314,0.048367593712212775,0.00643086816720273,-0.06770833333333326,-0.14930555555555547,-0.737343656938654,-0.045367586772342205,-0.023269689737470123,0.0,-0.312631169840653
2008-12-31,0.01005284666447559,0.7307615014451025,-0.013150151880934602,-0.022158105091065305,0.05326681788508769,-0.00230655707262728,0.41962425164555284,0.41962425164555284,0.4666666666666668,0.3999999999999999,-0.1772105654663656,0.33516211071834157,-0.8945400268987784,-1.8968391640956983,1.1601419189250395,-0.24800849707912898,0.3610149942329872,0.3514376996805111,0.0516759776536313,-0.19183673469387763,-0.2601230968577908,0.042943028914972814,0.33109346365302383,0.0,0.7698744769874477
2009-03-31,0.013907654537782532,0.39269760175646007,0.005101217399571256,0.055057906127641276,0.029284042306378266,0.0008669585917064904,-0.31731497338039816,-0.31731497338039816,-0.31818181818181823,-0.2857142857142857,0.10060342798450783,-0.4188779605381381,-1.1128855250709555,1.0764986888906196,1.1180063881686086,0.023658192090395325,0.03305084745762721,0.044917257683215306,0.027888446215139417,-0.02777777777777779,-0.24452714535901932,0.015097447158934907,0.030289123451124444,0.05263157894736836,0.32004344770302207
2009-06-30,0.0192913173037772,0.08847297151856992,0.02892024867462517,0.08991945081238173,0.0028779572057735514,0.03592070040471951,-0.03945325165099567,-0.03945325165099567,-0.06666666666666654,-0.06666666666666654,-0.010352973198922921,2.3658984085099366,-7.647670130740865,-0.8712248610598834,0.06797497343567471,0.0772680234563643,-0.28547990155865466,-0.28733031674208154,0.010335917312661591,0.04675324675324677,0.016806722689075793,-0.016224986479177916,-0.2948775055679288,0.0,-0.001306873184898305
2009-09-30,-0.010801053486560463,-0.12830161351868508,-0.04369958253729256,-0.020168381127521395,0.046646442866252524,0.04900580596091242,0.19659258469683238,0.19659258469683238,0.2142857142857142,0.2142857142857142,0.17899591371655332,-0.18786327194330965,9.166817952597075,-5.561532113209379,-0.2903345414770252,0.08229266730707652,-0.006888633754305484,0.01904761904761898,0.02941176470588247,0.07196029776674928,0.4819036762610429,0.05827377680043977,0.005685407454200986,0.0,-0.11035719478505313
2009-12-31,0.01403769751456374,0.04062115572028824,0.0067581802180098904,0.14733974387171878,0.025764779233959922,0.008709651996712475,-0.04461435676638703,-0.04461435676638703,-0.05882352941176472,-0.11764705882352955,-0.1971481297880051,0.4983785822021116,-1.1166273163763343,-1.1875099773315028,0.07671308027900414,0.16686390532544393,-0.10289017341040452,-0.08722741433021797,0.022360248447204967,0.1342592592592593,0.13211538461538463,0.011428571428571566,-0.10175879396984933,0.0,-0.093048594465025
2010-03-31,0.018981475607882325,0.25767936428005567,0.004208647420957057,0.08068366543640293,0.0421793488064548,0.014422744227888806,0.4967832167832167,0.4967832167832167,0.5,0.6000000000000001,0.31610516429976077,-0.24161360948234645,-0.8872963892314889,4.993189170781543,0.4269995511397411,0.0740365111561867,0.11984536082474229,0.13993174061433455,0.04009720534629402,0.05102040816326525,0.17954815695600468,0.022855675398048225,0.12307692307692308,0.04999999999999982,0.16380345987505995
2010-06-30,-0.01018278119920668,-0.05939841088285236,-0.011596492220216748,-0.15134658275210433,-0.008078647490093793,0.034114964989415464,0.034749475695093235,0.034749475695093235,0.04166666666666674,0.04166666666666674,0.03586846390090237,-0.09589859304486326,-67.98603773584905,-1.4734549311513911,-0.14167141322859722,-0.006373937677053743,0.12313003452243954,0.14970059880239517,-0.00233644859813098,-0.044660194174757306,-0.13407258064516125,0.0020085362791866235,0.12328767123287676,0.0,0.10833548387096781
2010-09-30,0.10051976939462426,0.2255177551269374,0.16280627698721828,0.7135806253832004,0.006886783451060197,0.09232088556551199,-0.062469272061405734,-0.062469272061405734,-0.07999999999999996,-0.07999999999999996,-0.017218084316852345,3.200616604272187,-3.1115129596142252,-2.3798655838700644,0.2277536951992949,0.13827512473271542,0.0625,0.046875,0.012880562060890055,0.14024390243902451,-0.016298020954598424,-0.08494111751440736,0.039911308203991025,0.0,-0.2848095371146503
2010-12-31,0.09726300558642431,0.4869872965176616,0.14480075151851568,-0.11819141375289288,0.014734828725438964,0.06685861895652234,-0.10621903059750215,-0.10621903059750215,-0.08695652173913049,-0.13043478260869568,-0.04594865678115423,-0.22806116207951066,0.8952299897817892,6.423135464231355,1.3770241853511096,0.07242746816948453,0.03953712632594031,0.0,0.018497109826589586,0.05882352941176472,-0.0015215553677091487,-0.07530120481927716,0.0010660980810235365,0.0,0.6862872769891912
2011-03-31,0.03768658105592837,-0.32243653564301855,0.056280247152455054,0.524187792214978,-0.0006425920277463026,0.02748693489542431,0.09971980745743236,0.09971980745743236,0.09523809523809534,0.1499999999999999,0.15204702100195644,0.526977285383776,-1.193597157545624,-2.0176826112852355,-0.5895495625948145,0.005644219540677398,-0.014842300556586308,-0.06467661691542281,0.0011350737797957144,-0.013468013468013518,-0.04910260751777862,-0.03701510216168202,-0.06283280085197018,0.0,-0.5554482971658043
2011-06-30,0.019986989193632176,-0.041340442729108307,0.01714035537584624,0.585033766654929,0.01790955288560747,0.0613831649472627,0.25444785610069465,0.25444785610069465,0.26086956521739113,0.26086956521739113,-0.029223158666178084,-0.43255748447066844,-1.5827698035280602,-0.9418946924051119,-0.08345942787530003,0.01606347977549838,0.03201506591337111,-0.015957446808510745,0.020408163265306145,0.015358361774743923,0.02724358974358987,-0.0018450184501844769,-0.01761363636363633,0.0,-0.3952054199600451
2011-09-30,-0.007148673602469291,-0.10775311511536756,0.023555613537083575,0.04690876971454694,-0.08382495340219431,0.055535928068515705,-1.1362803898933262,-1.1362803898933262,-1.1379310344827587,-1.1379310344827587,0.05494298095977812,0.3124358274309811,-0.230841214783021,4.119910174697004,-0.4662147939207679,-0.03276190476190477,-0.27463503649635035,-0.30810810810810807,-0.07777777777777772,-0.05210084033613449,-0.07349627318426066,-0.07732593961799139,-0.31983805668016196,0.04761904761904767,-0.1477811288237828
2011-12-31,0.12272168568275443,0.035593293233637135,0.16887182113214694,-0.43150653964624075,0.007333090224895811,0.03616099542673501,-14.063499140182154,-14.063499140182154,-14.0,-13.5,0.08698823367508424,1.4508723106078705,16.54935517884662,-1.9848357800768852,0.8601681069935665,0.11815675462780617,0.46540880503144666,0.3828125,0.0060240963855420215,0.2127659574468086,0.5622076707202992,-0.1028380634390651,0.37925170068027225,0.0,0.821705426356589
2012-03-31,0.033172149769097325,0.15733574126304783,0.026015360187742642,0.2048202198332203,0.05833135597860806,0.06631669674938268,0.0789625079225782,0.0789625079225782,0.0769230769230771,0.1200000000000001,0.2724311903375283,-0.7634011571003776,-0.9746355712080457,-0.07609129907980483,0.4272284829083772,0.0847129270870024,0.32875536480686685,0.27118644067796605,0.056287425149700754,0.07894736842105265,-0.24730538922155687,0.024562709341272804,0.25832305795314414,0.0,-0.039407955596669764
2012-06-30,0.005629992104892123,-0.05778325946385421,0.018931697916978463,-0.03489316669275089,-0.03490115459527077,0.0017472653215930833,-0.7821613512512087,-0.7821613512512087,-0.7857142857142858,-0.7857142857142858,-0.10238124258426884,0.6327481324837965,4.205903790087463,-0.9242983830378473,0.022660623267933833,0.06786816041565169,-0.11434108527131781,-0.15777777777777768,-0.03628117913832207,0.01084010840108407,-0.2011137629276054,-0.04031965128950232,-0.1602155805977462,0.0,-0.023690292758089315
2012-09-30,0.01982358040244203,-0.050299833842758934,0.005654564065778356,-0.061299976944113155,0.05933079735568936,0.022359523829998285,3.814225559542824,3.814225559542824,3.916666666666667,3.833333333333333,-0.019913650244694603,-0.14351163656165833,-1.4073853692684635,-10.329057027811594,-0.20671789051266032,0.08103998783639965,0.5069292487235595,0.4749340369393138,0.05882352941176472,0.1206434316353886,0.24218283210515823,0.03860711582134746,0.4935822637106184,0.0,0.011738015387650513
2012-12-31,0.08701477875991492,-0.04955985623001369,0.12178833252365795,-0.25706965948820404,0.004596044595718496,0.07715729636145707,-0.41540098841392736,-0.41540098841392736,-0.423728813559322,-0.4137931034482758,-0.15785247347825104,2.397803400948063,-19.18491279319529,-0.8625445420326223,-0.03581891230199419,0.043178621659634375,-0.11665053242981616,-0.13059033989266544,0.004444444444444251,-0.014354066985645786,-0.324354657687991,-0.07580174927113703,-0.13437500000000002,0.0,0.2793214390172565
2013-03-31,0.02658865569333635,0.08931344089650972,0.0266478986728238,0.16917070824989167,0.02757100904788312,0.04470999799576769,0.26332741249566993,0.26332741249566993,0.2647058823529411,0.2647058823529411,0.32296101314782244,-0.7278933386507952,-0.9672777577765997,-6.337227983058273,0.1982757217498874,0.028313334232169307,-0.09095890410958907,-0.10905349794238683,0.026548672566371723,0.024271844660194164,0.1312292358803986,0.0007886435331232455,-0.11101083032490966,0.0,-0.06835848193872895
2013-06-30,-0.00859708484804067,0.046961319852680816,0.0034926267185335647,0.056710376066803514,-0.04175056480595052,0.007601578616916349,-0.4176375527253846,-0.4176375527253846,-0.41860465116279066,-0.41860465116279066,-0.009011866936015966,-0.4022058901621759,-4.739322533136966,-0.9077687171628721,0.015261282391454856,0.014815786023338218,0.07594936708860756,0.05773672055427248,-0.039870689655172376,-0.011848341232227444,0.10446821900566383,-0.03309692671394804,0.04873096446700509,0.0,-0.009161554192228971
2013-09-30,0.2679280588844968,4.0124528170257205,0.35914607053091063,0.05413167059305546,0.0030241680482434585,-0.0011745360582570141,0.8044599833702326,0.8044599833702326,0.8400000000000001,0.8,-0.07826933172849149,0.5850337114583426,-28.721420352307916,531.8446817979528,8.009655544579404,-0.05542635658914741,-0.07955182072829126,-0.16157205240174677,0.0033670033670032407,-0.015587529976019088,-0.1321937321937322,-0.2090464547677262,-0.10890609874152946,-0.045454545454545525,3.7549739948815315
2013-12-31,0.11502195660161085,-0.7991040135502978,0.14503875004349864,0.12320740806418895,0.0014740874302168194,0.16597638263108383,-0.444923746550968,-0.444923746550968,-0.4347826086956522,-0.4444444444444444,0.2630625524419179,10.8103787437231,-0.9914180307157946,-2.043116662852536,-0.9273390221101968,0.04568458487211058,-0.0584297017650639,-0.14583333333333315,0.0011185682326622093,0.04141291108404377,0.13832348435106145,-0.10200927357032452,-0.10917979359044006,-0.04761904761904756,-0.8211365175269545
2014-03-31,0.007144431754610769,0.09481386775499234,0.001994361646922682,0.3787444931538846,0.03876813900878995,0.04471484730389208,1.0253545638214878,1.0253545638214878,0.9615384615384615,1.04,0.04834537311594267,-0.9309426367102371,-5.963351295202234,-1.0106392774376485,0.1357842602937569,0.06788750817527789,0.056884292178409845,-0.030487804878048808,0.036871508379888285,0.06666666666666643,0.13747356277638922,0.03155479059093502,0.0024390243902439046,-0.050000000000000044,-0.205979421471559
2014-06-30,0.021076623490926094,-0.04270068198749544,-0.01652502225140018,0.7594017278363614,0.200294292458715,0.048133857811641034,0.15768966760329683,0.13608462264011179,0.13725490196078427,0.13725490196078427,0.2501521249228884,0.8750652795338354,-0.3699779595947704,-2.2663372049268746,-0.15139200873323155,0.04617834394904463,0.1516819571865442,0.13207547169811296,0.19827586206896552,0.00877192982456143,-0.011156186612576002,0.17575083426028937,0.1514598540145986,0.0,-0.4558679706601467
2014-09-30,-0.012045528011025874,-0.001510348592060673,-0.0017197526967397403,-0.1361099050215625,-0.04808062827272652,0.0065257204129691715,-0.11448144656636705,-0.1311115554473693,-0.13793103448275856,-0.13793103448275856,-0.16545149378986235,-0.5114878817918127,1.2070257757108305,-1.2506735340729,0.04472025982562844,0.10607657182999652,-0.015400955921401893,0.008333333333333304,-0.04856115107913661,-0.07608695652173902,-0.09777777777777774,-0.036423841059602724,-0.031695721077654504,0.0,0.15569534935969442
2014-12-31,0.03568207688496394,-0.04911945288418429,0.05282286882679199,-0.004244761646261641,-0.05747042585669715,0.007827098752827055,-0.13105451532566126,-0.097582206480467,-0.14,-0.18000000000000005,0.13627459656010177,2.1737514300181915,-2.539220620399332,0.412912912912913,0.06048110198130674,0.040012702445220816,0.08090614886731373,0.09366391184573009,-0.05765595463137996,0.09294117647058808,0.011746873815839276,-0.09032891507118312,0.081833060556465,0.05263157894736836,-0.04490668740279924
2015-03-31,0.21557974352068743,-0.02336471273291929,0.0706301868488215,-0.10275111261279002,0.8595104159289348,0.031420778083825596,0.07167922300387497,0.01724625388747536,0.04651162790697683,0.09756097560975618,-0.0974418699323697,5.203975001713668,13.546020425001375,-0.44583030370826104,0.031605272223852676,-0.00722646310432562,-0.20409181636726548,-0.07304785894206545,0.7432296890672014,0.05274488697524227,-0.08670411985018722,0.5299514301133297,-0.045890065557236515,-0.050000000000000044,0.08833706492977811
2015-06-30,0.020807056052106754,0.015938320557257857,0.03232749801268264,-0.40128242003356795,-0.00555165168914995,0.08820040956643416,-0.19274559402432279,-0.29550185833088094,-0.3111111111111111,-0.33333333333333337,0.03255348773361044,-0.8418832636526061,-0.9516630543680873,-5.915018167137666,-0.1505813234384663,-0.02286241541931522,-0.2382445141065831,-0.14945652173913038,-0.006329113924050556,-0.43967280163599176,0.007381587041213944,-0.025749559082892337,-0.15539112050739967,-0.052631578947368474,0.6968393491677578
2015-09-30,0.017267387553138613,-0.0002338994763840807,0.06001178117511907,0.32111808671963327,-0.09478773530708784,0.05410111761575309,-0.33998692776951867,-0.41041508733388,-0.4193548387096775,-0.4,-0.03679752340797293,0.35519101323942404,1.7912164805076274,-1.26083206702534,0.04623919738480242,-0.011751127898436686,-0.2567901234567901,-0.19808306709265178,-0.09554140127388533,-0.005474452554744547,0.1548951760635049,-0.11006517016654604,-0.21464330413016264,0.0,-0.24324920092582392
2015-12-31,-0.0008361933105426322,0.05967214509413998,-0.0025259618509215764,-0.1237517415013275,0.005105554020155445,0.0340339766218869,1.2592646530548839,1.7017371224645097,1.6666666666666665,1.6666666666666665,0.2608315012175766,-0.5221903262428245,-1.0674944062183234,1.620217288615966,0.11580214610791773,0.015819089075273407,-0.056478405315614655,0.027888446215139417,0.004481434058898781,0.12477064220183487,0.25837151921043366,0.005695687550854478,-0.0063745019920318224,0.0,0.2094378094960676
2016-03-31,0.005948609202285793,0.040189950906602157,-0.006307321899651219,-0.0015607956141060475,0.04233066568606203,0.007035712137345662,0.1824522350473996,0.20618101116447574,0.22916666666666674,0.20833333333333326,-0.11873726418708963,-0.6548269818292778,7.444967356449119,-0.5277627546421488,0.04901055861496917,-0.028010033444816118,0.125586854460094,0.10852713178294571,0.04079031230082841,-0.03262642740619903,-0.07619047619047636,0.036407766990291135,0.06255012028869289,0.05555555555555558,0.041787090558766726
2016-06-30,0.13582028586350692,0.2740758463931092,0.1370964060187101,0.381815890418276,-0.023038837924326705,0.11883197431901249,-0.3183940921430882,-0.35272850252437815,-0.35593220338983045,-0.3620689655172413,0.3270418376183648,6.3195034390564695,-2.9021892346693474,3.7168670865941333,0.22037556145456483,0.1586021505376345,0.06882168925964538,0.0,-0.0251071647274953,0.11298482293423273,0.06079442086112796,-0.14012490241998432,-0.006037735849056536,0.0,-0.07802566177320547
2016-09-30,-0.00275440646153291,0.03797970619415425,-0.0014802661568692477,-0.08219101961729391,-0.009761401576581785,0.050351296987228844,0.4103385763796321,0.478702229299363,0.47368421052631593,0.4864864864864866,-0.10790126824675983,-0.8211917798635378,-1.435906899527949,0.6162406420718958,0.2918609239583181,0.04788863109048713,0.2292682926829268,0.16433566433566438,-0.01005025125628145,0.07424242424242422,0.0022866942975561244,-0.0068088969586926895,0.17160212604403924,0.0,0.13101805416248746
2016-12-31,0.0072947041491082665,0.23280146138335334,0.0013469970910902074,0.07351898880789287,0.008423388152421607,0.016307939096079194,-0.13346237746163647,-0.148497442455243,-0.1607142857142858,-0.12727272727272743,0.08702847335167108,0.32307527563725036,-0.5848180751947076,1.1432398597896847,0.48420689421108,-0.035426445841820975,-0.007936507936507908,-0.03603603603603622,0.004441624365482344,-0.02538787023977429,-0.2155996007414801,0.000914076782449591,-0.0486066104990277,0.0,0.14832058530096437
2017-03-31,0.03815645832220116,0.01261457981974945,0.03203750877289879,0.9672157075258587,0.013095856751176749,0.0498126399354617,0.3790154750945651,0.42915929771867245,0.44680851063829796,0.3958333333333335,-0.05802201681529784,1.8647819103236167,-2.2527039144269603,-1.2896500430290923,-0.09449528114324768,0.03002479111192735,0.05119999999999991,0.0,0.01831964624131399,0.026049204052098318,0.029994546446100667,-0.0237442922374429,-0.008174386920980936,0.05263157894736836,-0.4852785017858867
2017-06-30,0.0025211348310369974,0.05351373052740582,0.016763979076023228,0.02176744702027822,-0.053960803061784746,0.028582424123179795,0.16125980764363446,0.18980017214024247,0.19117647058823528,0.19402985074626855,0.1643456200217539,-0.6803010776990831,-3.8407203532087135,-1.769611335923531,0.08031392663634396,0.14797646639329654,0.21917808219178103,0.1651090342679129,-0.06327543424317628,0.12693935119887167,0.09795270031768455,-0.056594948550046764,0.16414835164835173,0.0,0.03113278319579882
2017-09-30,0.005635534773094086,0.08920493532413376,0.005250900396654101,-0.3106747941618422,0.005463456712309522,0.011027204689028292,-0.13562965364486135,-0.1331956259006183,-0.13580246913580263,-0.13750000000000007,-0.17861951994125935,0.006009170102339478,-0.27899950050841105,-0.48567585508157773,0.0382364705515672,0.08526168659729771,0.0642946317103621,0.03208556149732611,0.0066225165562914245,0.1589486858573217,-0.10143063816106734,0.0,0.029498525073746062,0.0,0.5800291014914516
2017-12-31,0.027691604707350548,0.03795426095476917,0.049747910893607195,0.11143261146181205,-0.04243964562212432,0.014098333735927504,-0.2482664498152981,-0.2638716186096708,-0.2857142857142857,-0.26086956521739124,0.21514662617443303,3.3596939034072673,-2.549238101423592,-0.7930238087151446,0.1944207828465716,0.040855752718946814,0.035190615835777095,-0.010362694300518283,-0.06842105263157894,0.033477321814255,-0.014311270125223596,-0.06841844323252344,-0.009742120343839478,0.04999999999999982,-0.06607574536663985
2018-03-31,0.03487654413912078,0.37255286786713104,0.04379255740300869,0.8091238406114407,0.014852198990627175,0.02190603251935208,0.19580211403725767,0.25573686894441616,0.26,0.23529411764705888,-0.0025798389616148443,-0.007597620590140797,0.6315783169569957,52.16704955694125,0.33930254476908583,-0.03588368735821823,0.008498583569405138,-0.041884816753926635,0.012711864406779627,0.034482758620689724,-0.046642468239564416,-0.01915912719531676,-0.03009259259259267,0.0,-0.24134105756193758
2018-06-30,-0.03395136256389519,-0.23961535711732318,-0.011241665465633988,0.004004664774352573,-0.12369359982318207,0.0224480422551383,0.07538569424964936,0.11203770848440908,0.09523809523809512,0.09523809523809512,0.187168476888103,-0.5608308605341246,-1.769484889269546,-1.9530864197530864,-0.24145750254124643,7.130124777177116e-05,0.003370786516853963,-0.05737704918032782,-0.12203626220362618,-0.0121212121212122,0.015229392727964974,-0.09278350515463918,-0.04952267303102631,0.0,-0.24256701868399677
2018-09-30,-0.003869817531327424,0.14569131681632275,0.004752625643464903,0.0036818689868285404,-0.03603149152359164,0.0025829636700545056,0.19628301271600912,0.19628301271600912,0.2028985507246377,0.2028985507246377,-0.19861702127659575,-0.6228662873399715,-0.645889648592781,-2.0466321243523318,0.3331615297392021,0.03529160131184961,0.11534154535274355,0.03768115942028971,-0.03494837172359011,0.17893660531697342,0.08044252765797855,-0.03229665071770327,0.0464532328939109,0.0,0.14135564135564138
2018-12-31,-0.0020195179761285376,-0.021296676241280288,-0.003348133329770131,0.024062711531323,-0.002728614947576924,0.19400728087370478,-0.24339056963750338,-0.24339056963750338,-0.22891566265060237,-0.253012048192771,0.676888357891942,2.273927392739274,1.5747642568477773,-0.9641089108910891,0.008969303332560186,0.06390744439088225,0.09136546184738958,0.033519553072625774,-0.004115226337448652,0.10320901994796206,0.007983339118361688,-0.0012360939431397266,-0.010797840431913563,0.04761904761904767,-0.0441646307085134
2019-03-31,0.1792283643942516,-0.13534023730661193,0.24253045276947827,-0.05927631719226423,0.002042690354378651,-0.14939725127820258,0.4316642651296829,0.4316642651296829,0.40625,0.435483870967742,-0.37848321722609246,-0.534418202764977,0.13428671084757582,-18.689655172413794,-0.15725342938156184,0.13683733574988666,0.14949402023919034,0.05405405405405417,0.0,0.14072327044025146,0.09159779614325059,-0.14975247524752477,0.08853850818677977,0.0,-0.08100668501769581
2019-06-30,0.003748060462200886,0.08248072540367546,5.857418111743229e-05,0.09286248555044319,0.024406209089208986,0.04202051395169293,0.0796869889037064,0.0796869889037064,0.07777777777777772,0.0786516853932584,0.3203413577888168,-0.17290442313640586,-0.08210332103321039,-1.9078947368421053,0.1694098390470129,0.15959687980413362,0.09443777511004403,0.04615384615384621,0.022314049586776852,0.15988973121984817,0.06009463722397479,0.020378457059679667,0.07520891364902504,-0.045454545454545525,-0.00941377834830981
