Quarter end,Assets,Liabilities,Shareholders equity,Revenue,Earnings,Earnings available for common stockholders,EPS basic,EPS diluted,Cash from operating activities,Cash from investing activities,Cash from financing activities,Cash change during period,Cash at end of period,Price,ROE,ROA,Book value of equity per share,P/B ratio,P/E ratio,Cumulative dividends per share,Equity to assets ratio,Net margin,Asset turnover
1994-12-31,0.0517132670085203,0.04899292324442017,0.07167537875431917,0.0015797788309637184,-0.11241007194244601,-0.11973180076628354,-0.11458333333333337,0.012499999999999956,-0.7167928423950447,-0.9568887548990052,-8.871536523929471,-29.01123595505618,0.01749213836477992,0.08967971530249108,0.0006761325219741821,0.06726457399103136,0.07483731019522777,-0.0060240963855421326,-0.006688963210702337,inf,0.01995211492418192,0.08707607699358388,-0.05555555555555547
1995-03-31,0.0517132670085203,0.04899292324442017,0.07167537875431917,0.0015797788309637184,-0.11241007194244601,-0.11973180076628354,-0.11458333333333337,0.012499999999999956,-0.7167928423950447,-0.9568887548990052,-8.871536523929471,-29.01123595505618,0.01749213836477992,0.08967971530249108,0.0006761325219741821,0.06726457399103136,0.07483731019522777,-0.0060240963855421326,-0.006688963210702337,inf,0.01995211492418192,0.08707607699358388,-0.05555555555555547
1995-06-30,0.009119992360215878,-0.0007143075185445102,0.0758928571428572,0.0015797788309637184,-0.11241007194244601,-0.11973180076628354,-0.11458333333333337,0.012499999999999956,-0.7167928423950447,-0.9568887548990052,-8.871536523929471,-29.01123595505618,-0.48155302298628544,0.06923579359895493,0.0006761325219741821,0.06726457399103136,0.08577194752774964,-0.0060240963855421326,-0.006688963210702337,1.0714285714285712,0.06651017214397492,0.08707607699358388,-0.05555555555555547
1995-09-30,0.03256995047474853,0.039730446364202976,-0.011833410173659131,0.0009638976515948805,0.01317122593718345,0.02502720348204579,0.0235294117647058,0.012499999999999956,-0.19198055893074117,11.265734265734265,-0.89376,-0.4215804251905335,-0.5372578241430701,0.05925473427000605,0.0006761325219741821,0.06726457399103136,-0.020446096654275103,-0.024242424242424176,-0.006688963210702337,0.517241379310345,-0.043286867204695656,0.08707607699358388,-0.05555555555555547
1995-12-31,0.004872683947637846,-0.00035256579759201934,0.03954121306376357,-0.9625317342204325,-0.07099999999999995,-0.07006369426751591,-0.08045977011494243,0.012499999999999956,1.5593984962406013,-0.4139110604332953,1.1325301204819276,-0.9382801664355063,-0.07165861513687599,0.1707035755478663,0.0006761325219741821,0.06726457399103136,0.03700189753320693,0.1987577639751552,-0.006688963210702337,0.36363636363636354,0.03604294478527614,0.08707607699358388,-0.05555555555555547
1996-03-31,0.019619169225468358,0.023265793170743176,-0.0032165164378950006,21.011682242990656,0.2798708288482239,0.2990867579908676,0.30000000000000004,0.012499999999999956,0.42596944770857825,0.23735408560311289,1.8912429378531073,9.089887640449438,-0.7788378143972247,0.1394088669950737,0.0006761325219741821,0.06726457399103136,-0.0036596523330282293,0.09844559585492241,-0.006688963210702337,0.25,-0.022205773501110304,0.08707607699358388,-0.05555555555555547
1996-06-30,-0.40371713959151223,-0.4683563209807041,0.010918914862481754,-0.01029614690584868,-0.27417998317914216,-0.2864674868189807,-0.28846153846153855,0.012499999999999956,-0.7746188710341986,-3.2845911949685536,0.30874450415241816,-1.868596881959911,3.0588235294117645,0.015996541288370025,-0.03648648648648645,0.06726457399103136,0.016528925619834656,0.018867924528301883,-0.006688963210702337,0.21333333333333337,0.6949280847842543,0.038785834738617186,0.0
1996-09-30,0.019001583465288796,0.02205342092751872,0.008870907876178391,0.01276276276276267,-0.028968713789107814,-0.029556650246305383,-0.027027027027027084,0.012499999999999956,0.42961608775137106,-0.6221610461114935,-0.7562523329600597,0.5756410256410256,1.18743961352657,-0.035319148936170164,-0.05469845722300137,0.06726457399103136,0.005420054200542035,-0.05092592592592604,-0.004713804713804781,0.17582417582417587,-0.00982581509602487,0.025162337662337553,0.0588235294117645
1996-12-31,0.12232763556064441,0.14598949137849004,0.04223538501158908,0.13247908503653494,-0.4486873508353222,-0.4593908629441624,-0.4722222222222222,0.012499999999999956,-1.2685421994884911,-1.325136612021858,-4.621745788667688,0.49471114727420673,0.8113957597173145,0.16365240405822656,-0.13724035608308605,-0.02941176470588247,0.017070979335130243,0.1560975609756099,0.2171853856562922,0.14953271028037385,-0.07126747857465043,-0.3555027711797307,0.5000000000000002
1997-03-31,0.26190181232556276,0.2703832174025351,-0.048325037946980176,0.2664110716289507,-0.9848484848484849,-1.0633802816901408,-1.0526315789473684,0.012499999999999956,-15.657142857142857,7.647058823529411,2.7141649048625793,3.678824169842134,2.095830285296269,0.08074298711144823,-0.3697334479793637,-0.3203463203463204,-0.05035335689045939,0.06329113924050622,0.23790994997220682,0.13008130081300817,-0.24526469159786302,-0.42874692874692877,0.14814814814814814
1997-06-30,0.005208844641300114,-0.002272941825760544,0.04506676557863498,0.05183489625636861,119.28571428571429,-30.962962962962962,-25.0,0.012499999999999956,-1.043859649122807,-0.6491739552964042,-0.7858606557377049,-0.9278650378126818,0.04883427851291744,0.09400210452472813,-0.013642564802182844,-0.09554140127388522,0.04279069767441879,0.1507936507936507,0.7409070498428381,0.12230215827338142,0.03925353925353914,-0.10537634408602159,0.032258064516129004
1997-09-30,0.024427095002556465,0.023450805712039724,0.03655723158828739,0.018603018603018606,0.1995249406175772,0.20642768850432636,0.1875,0.012499999999999956,-14.162962962962963,0.3887349953831949,-0.634768740031898,0.17419354838709666,0.0546710723941124,0.13465854440525815,0.07468879668049788,-0.014084507042253502,0.03389830508474567,0.08965517241379328,0.1472788238328604,0.10897435897435903,0.01238390092879249,-0.009615384615384581,0.0
1997-12-31,0.04817716365430891,0.06809324685668772,-0.03369286081150491,0.048104755341144,0.11782178217821793,0.14139344262295084,0.1578947368421053,0.012499999999999956,0.7563308947664604,4.378324468085107,1.3944687045123727,-5.391483516483516,-0.22764169752207353,0.027974003955919757,0.3153153153153152,0.19999999999999996,-0.03364969801553064,-0.006329113924050667,-0.044064748201438686,0.10404624277456653,-0.07645259938837923,0.21116504854368934,0.0
1998-03-31,0.009822804314329803,0.008122990059324486,0.021827716948371823,0.02676223040504988,0.2249778565101861,0.23608617594254944,0.2424242424242422,0.012499999999999956,-0.1791092598526114,-0.5488935591544073,-0.8237082066869301,-0.7663434469815452,-0.06886696782520507,0.10995052226498081,0.4637964774951078,0.4285714285714286,0.017857142857143016,0.14968152866242024,-0.15710253998118529,0.08900523560209428,0.01192052980132452,0.43887775551102215,0.03125
1998-06-30,0.05141246529764554,0.054751636274775306,0.04903422686132397,0.039385206532180694,0.008676789587852562,0.007988380537400142,0.0,0.012499999999999956,1.0608899297423888,0.9868457111537408,6.63448275862069,-1.3266398929049532,0.02415841584158418,0.10425953442298175,0.11497326203208558,0.08750000000000013,0.047368421052631504,0.08310249307479234,-0.2564174107142858,0.09134615384615374,-0.002617801047120283,0.09888579387186613,0.0
1998-09-30,0.004650998730171496,0.00753908867195574,-0.009288949125648704,-0.010043130006161416,-0.11039426523297491,-0.11023054755043227,-0.12195121951219512,-0.1234567901234569,-1.1454545454545455,-1.02,-0.11472448057813911,4.594262295081967,0.13196055684454766,0.00493384166853561,0.0455635491606714,0.019157088122605304,-0.015912897822445538,-0.04092071611253201,-0.11181988742964344,0.0792951541850222,-0.013779527559055205,0.026615969581749166,0.0
1998-12-31,-0.01251410658307206,-0.016749013392995837,0.006673340006673412,0.05918964336839494,0.12087026591458505,0.1174089068825912,0.09722222222222232,0.11267605633802824,-3.0390625,-20.282758620689656,-2.6040816326530614,-4.283516483516483,-0.38252626184985905,-0.16380272260656115,0.03497706422018343,0.03759398496240607,0.002553191489361728,-0.14933333333333332,-0.2032108153781158,0.07755102040816331,0.019294743845642115,0.023456790123456805,0.0
1999-03-31,0.040430719219829436,0.0585298021616838,-0.04308916141862773,-0.0016453167234692367,-0.6405463695183322,-0.644927536231884,-0.759493670886076,-0.759493670886076,0.6794380587484037,-0.4599427753934192,-1.2958015267175573,-1.4551539491298526,0.2821576763485478,0.0410995463037096,-0.16509695290858728,-0.1811594202898551,-0.04329371816638372,0.037617554858934144,-0.0021208907741251393,0.07196969696969702,-0.08028720626631858,-0.1821471652593486,0.0
1999-06-30,0.025385666861940992,0.0172568221173941,0.08001385521302384,0.014125956444967613,2.02,2.061224489795918,2.052631578947368,1.9999999999999996,-0.6425855513307985,0.4039735099337749,1.5053763440860215,-0.4558823529411765,0.11974110032362462,0.10843373493975905,0.01725282017252816,0.013274336283185972,0.07985803016858917,0.16012084592145004,0.32784272051009555,0.07420494699646651,0.053229240596167626,0.008849557522123908,0.0
1999-09-30,0.005189487716625418,0.0041676449870862164,0.01218729955099418,0.027278003482298363,-0.08609271523178808,-0.08666666666666667,-0.08620689655172398,-0.08771929824561397,0.2872340425531914,0.5566037735849056,-0.8240343347639485,-2.5045045045045047,-0.16088631984585744,-0.1653561517113783,0.015655577299412915,0.013100436681222627,0.010682004930156141,-0.2265624999999999,-0.1792717086834733,0.06907894736842102,0.0074123989218328745,0.005847953216374213,0.030303030303030276
1999-12-31,0.0008999194808885225,0.0072484947682234235,-0.033269961977186346,0.0610169491525423,-0.9057971014492754,-0.9051094890510949,-0.9056603773584906,-0.9038461538461539,-1.1322314049586777,-1.606060606060606,-6.2439024390243905,-0.7964071856287425,-0.03903559127439726,-0.061235799390412904,-0.2658959537572254,-0.27586206896551724,-0.0325203252032521,-0.07407407407407418,-0.08581179912237935,0.06461538461538452,-0.03411371237458194,-0.28197674418604657,0.0
2000-03-31,0.007950028392958552,0.007486506877140142,0.012782694198623323,-0.03620873269435565,8.461538461538462,8.384615384615385,8.399999999999999,8.399999999999999,-10.125,-1.34,-0.3441860465116279,0.8529411764705883,-0.07526881720430112,-0.06375442739079118,0.1898512685914262,0.1964285714285714,0.015126050420168013,-0.029090909090909167,0.272,0.06069364161849711,0.00484764542936289,0.1902834008097165,0.0
2000-06-30,0.03732394366197189,0.04596774193548381,-0.000970873786407811,0.004972375690607711,0.04878048780487809,0.05737704918032782,0.06382978723404253,0.042553191489361764,-0.20547945205479456,-0.47058823529411764,-1.5886524822695036,-3.4761904761904763,0.20155038759689914,-0.03247162673392179,-0.047794117647058876,-0.06467661691542281,0.002483443708609201,-0.048689138576779034,-0.2008385744234802,0.05994550408719346,-0.03721571330117168,-0.06292517006802711,0.0
2000-09-30,-0.011948404616429098,-0.019770899878841286,0.030774214447683912,-0.01869158878504673,0.07751937984496116,0.06976744186046502,0.06000000000000005,0.08163265306122458,1.3448275862068964,5.694444444444445,-0.7469879518072289,-0.6794871794871795,0.053763440860215006,0.15672857608341473,0.0007722007722006374,-0.005319148936170137,0.02642444260941379,0.15354330708661412,0.21720881427072403,0.05655526992287929,0.04366499642090216,0.0,0.0
2000-12-31,0.019238697265356652,0.012023147367829612,0.06473915776241368,0.09859943977591046,-0.40287769784172667,-0.4057971014492754,-0.39622641509433965,-0.4339622641509434,-0.24632352941176472,-1.8630705394190872,-14.142857142857142,1.7599999999999998,0.14081632653061216,-0.007887323943661984,0.14043209876543217,0.160427807486631,0.042638777152051555,-0.03412969283276457,-0.014224137931034386,0.05352798053527974,0.044581618655692656,0.15970961887477308,0.0
2001-03-31,-0.009617545278863826,-0.010492422139565916,-0.0073789846517119395,-0.07649158592554817,-0.7710843373493976,-0.7804878048780488,-0.78125,-0.7666666666666666,0.6195121951219513,-1.8942307692307692,0.3623188405797102,-2.681159420289855,-0.20751341681574242,-0.020726859738784742,-0.23748308525033823,-0.22580645161290325,-0.0092592592592593,-0.060070671378091856,-0.15741145605596862,0.050808314087759765,0.001969796454366568,-0.22065727699530524,-0.02941176470588236
2001-06-30,0.01946725960883966,0.01806552962298036,0.03181683021112103,0.05853119823302033,0.5263157894736843,0.6111111111111112,0.5714285714285714,0.5714285714285714,-1.108433734939759,-0.5053763440860215,-1.0265957446808511,-0.47844827586206895,-0.13656884875846498,-0.03943171933893885,-0.292812777284827,-0.2738095238095237,0.014018691588784993,-0.03007518796992481,0.23663725998962115,0.0483516483516484,0.01245085190039319,-0.2831325301204818,0.030303030303030276
2001-09-30,0.016869936793376672,0.01228920974319414,0.04495677233429385,-0.002608242044861764,1.4827586206896552,1.4482758620689653,1.3636363636363638,1.3636363636363638,-11.61111111111111,3.0434782608695654,-29.0,1.2066115702479339,-0.34901960784313724,0.1358285541805011,-0.274780426599749,-0.25409836065573776,0.03456221198156695,0.12015503875968991,0.5635753252203106,0.048218029350104885,0.027184466019417597,-0.2633053221288516,0.0
2001-12-31,-0.022543226088859725,-0.019271598889433306,-0.044401544401544424,0.06485355648535562,-0.625,-0.6338028169014085,-0.6153846153846154,-0.6538461538461539,-1.3115183246073299,-1.0913978494623655,-1.092857142857143,-0.7790262172284644,-0.11847389558232935,0.027106032420940673,-0.2837370242214533,-0.27472527472527475,-0.05196733481811444,-0.00692041522491349,0.40177133655394526,0.04400000000000004,-0.022054190296156295,-0.28517110266159695,0.0
2002-03-31,0.03493058665472448,0.03974465723008613,0.018470418470418526,0.025540275049115824,4.925925925925926,5.115384615384615,4.799999999999999,5.333333333333333,-2.6050420168067228,-1.1470588235294117,-3.1153846153846154,-3.2033898305084745,0.29612756264236895,-0.12056921086675287,0.9541062801932367,0.9242424242424241,0.01566170712607673,-0.07317073170731703,0.22783840704575908,0.042145593869731934,-0.016108247422680466,0.904255319148936,0.02941176470588225
2002-06-30,0.06408481176979652,0.07041802359724514,0.045905355624822786,0.016283524904214586,-0.81875,-0.8176100628930818,-0.8103448275862069,-0.8070175438596491,1.167539267015707,23.6,1.0545454545454547,0.476923076923077,0.3374340949033392,-0.005295675198587757,-0.014833127317676276,-0.023622047244094446,0.04317656129529679,-0.018796992481203145,-0.48807110556681743,0.04227941176470584,-0.017026850032743845,-0.025139664804469275,0.0
2002-09-30,-0.010898296124598472,-0.014463840399002503,0.005960444324031533,0.05843543826578701,3.413793103448276,3.3793103448275863,3.1818181818181817,3.1818181818181817,0.07246376811594213,-1.4715447154471546,1.9646017699115044,-0.13541666666666663,0.21813403416557153,-0.35936113575865136,0.18820577164366403,0.17741935483870974,0.005173688100517326,-0.3869731800766283,-0.35942735303076445,0.03880070546737202,0.017321785476348994,0.151862464183381,0.028571428571428692
2002-12-31,0.04156559634913459,0.046912955465586936,0.0490169674117964,0.053428317008014314,0.1640625,0.16535433070866135,0.13043478260869557,0.06521739130434767,-0.5653153153153153,-10.086206896551724,-0.7223880597014926,-3.536144578313253,-0.4541531823085221,-0.13342566943674983,0.31890179514255523,0.3082191780821917,-0.0808823529411764,-0.13750000000000007,-0.2743699476937709,0.025466893039049365,0.0065487884741322056,0.3059701492537312,0.0
2003-03-31,0.047880318938975375,0.050176439309711496,0.0449293966623876,0.009298393913778513,0.020134228187919545,0.020270270270270174,-0.07692307692307698,-0.020408163265306145,3.0414507772020727,0.17077798861480087,1.5698924731182795,-0.8242280285035629,-0.1462450592885376,0.03249866808737334,-0.05204163330664524,-0.04712041884816742,0.043199999999999905,0.12318840579710155,-0.22083879423328956,0.024834437086092676,-0.002602472348731344,-0.049523809523809526,0.0
2003-06-30,0.05134290126944663,0.05132336018411965,0.06093366093366104,0.020938023450586263,-0.03947368421052633,-0.0331125827814569,-0.04166666666666663,-0.04166666666666663,-1.067948717948718,-1.072933549432739,-1.1715481171548117,-1.5135135135135136,0.08796296296296302,0.2213622291021673,0.20777027027027017,0.2142857142857144,0.05828220858895716,0.17419354838709689,0.2926829268292681,0.024232633279482885,0.009132420091324311,0.21442885771543096,0.0
2003-09-30,-0.060910068075958446,-0.0779772329246935,0.018758684576192675,-0.019278096800656286,-0.21232876712328763,-0.2191780821917808,-0.21739130434782616,-0.21739130434782616,-7.660377358490566,-0.11111111111111116,-8.24390243902439,1.6315789473684212,0.2127659574468086,-0.052386987748204605,-0.0629370629370628,-0.040723981900452566,0.016666666666666607,-0.10439560439560447,-0.22771633051398832,0.023659305993690927,0.08468002585649637,-0.037953795379538025,0.0
2003-12-31,0.03117130866081652,0.06742960254523012,0.022505114798818004,0.08448347971560022,0.8695652173913044,0.8771929824561404,0.8611111111111114,0.8611111111111114,-0.3427762039660056,-2.875,-0.4107744107744108,-1.08,-0.052631578947368474,-0.008916629514043706,0.07910447761194028,0.09905660377358494,0.018531717747683585,-0.030674846625766805,0.046335299073294145,0.02311248073959926,-0.008343265792610355,0.09262435677530023,0.0
2004-03-31,0.03278203278203273,0.0324747542150452,0.034682080924855585,-0.007713073659853409,-0.2093023255813954,-0.21028037383177567,-0.20895522388059706,-0.20895522388059706,2.456896551724138,7.960000000000001,0.02285714285714291,5.125,-0.09074074074074079,0.18263607737291943,-0.004840940525587922,0.01716738197424883,0.03358992302309316,0.16455696202531644,0.07487922705313999,0.02259036144578319,0.0018028846153845812,0.009419152276294973,0.0277777777777779
2004-06-30,-0.005123060939347224,-0.00887586712051358,0.013536742587021866,-0.01088223863194715,0.01764705882352935,0.023668639053254337,0.018867924528301883,-0.018867924528301883,-1.144638403990025,-1.1860119047619047,-1.0446927374301676,-1.3877551020408163,0.0386965376782078,0.030429821224800424,0.0194579569145239,0.04219409282700415,0.01083276912660791,-0.005434782608695676,0.004494382022471877,0.02209131075110471,0.019196160767846582,0.031104199066874116,0.0
2004-09-30,-0.04317608930500538,-0.058687997217754195,0.032011871952512205,-0.05618860510805501,-0.2947976878612717,-0.3005780346820809,-0.2962962962962963,-0.3076923076923077,-2.7672413793103448,-2.432,-18.125,-7.0,-0.22352941176470587,-0.005906238464377989,-0.01499659168370826,0.008097165991902688,0.030140656396517196,-0.016393442622950838,-0.03430275913497394,0.02161383285302576,0.07828134196586234,0.009049773755656076,0.0
2004-12-31,0.06616235745737842,0.07033667390199971,0.04827444535743641,0.1040799333888427,-0.33606557377049184,-0.33884297520661155,-0.3421052631578947,-0.36111111111111105,0.42926829268292677,0.1005586592178771,-1.3065693430656935,-2.526315789473684,0.43939393939393945,-0.123282584478277,-0.2228373702422145,-0.2088353413654619,0.04486345903771127,-0.1444444444444445,-0.12355212355212353,0.02256699576868826,-0.016921397379912606,-0.2017937219730941,0.0
2005-03-31,0.008330685869603505,0.008413876423886801,0.008034489515970966,-0.05316742081447967,1.4691358024691357,1.4874999999999998,1.48,1.5652173913043477,1.7030716723549486,2.8426395939086295,-2.666666666666667,-1.2528735632183907,-0.07719298245614037,-0.008894536213468918,0.029385574354407806,0.050761421319797106,0.007467330429371533,-0.051948051948051965,0.2572687224669603,0.020689655172413834,0.0,0.061797752808988804,-0.027027027027027084
2005-06-30,-0.023630316821284802,-0.03346027127636819,0.020800933125971977,0.00278773397052956,-0.04500000000000004,-0.04020100502512558,-0.048387096774193616,-0.03389830508474578,-1.3055555555555556,-1.548216644649934,2.8714285714285714,1.4318181818181817,-0.20342205323193918,-0.0008547008547008517,0.004325259515570945,0.02898550724637672,0.018529956763434052,-0.013698630136986356,-0.03644008409250177,0.020270270270270174,0.04553026096612989,0.0335097001763669,0.0
2005-09-30,-0.02420222301900321,-0.03112134224622609,0.014854313464102153,-0.05083399523431298,-0.3612565445026178,-0.3664921465968587,-0.3728813559322034,-0.36842105263157887,-2.285123966942149,-1.6265060240963856,-0.8081180811808117,-1.1308411214953271,0.03341288782816232,0.23524379811804952,-0.02239448751076656,-0.0046948356807511304,0.009702850212249814,0.2152777777777779,0.19999999999999996,0.019867549668874274,0.039830058417419156,0.0017064846416383617,0.0
2005-12-31,0.02215689876906124,0.02873983368363331,-0.004878964158378629,0.011715481171548081,0.8360655737704918,0.8512396694214877,0.8918918918918919,0.8055555555555556,-0.9196141479099679,-0.35769230769230764,-4.634615384615385,2.0714285714285716,0.09930715935334877,0.1731301939058174,0.23171806167400888,0.24528301886792447,-0.010810810810810811,0.15999999999999992,0.17333333333333334,0.01948051948051943,-0.026557711950970453,0.272572402044293,-0.02777777777777779
2006-03-31,0.02875835789776393,0.03530979347101937,0.0009428625306431293,0.043424317617865915,-0.1160714285714286,-0.1160714285714286,-0.12857142857142856,-0.1230769230769232,26.88,1.4910179640718564,-2.6084656084656084,-1.5813953488372094,-0.05252100840336138,0.11570247933884281,-0.009298998569384764,0.0,0.011536126290224713,0.13300492610837433,-0.1002066115702478,0.019108280254777066,-0.026757607555089158,-0.0026773761713521083,0.0
2006-06-30,0.0518904186176532,0.060102960102960123,0.015825169555388152,-0.10225921521997627,-0.025252525252525304,-0.025252525252525304,-0.016393442622950838,0.0,-0.7202295552367288,-0.9615384615384616,-0.32565789473684215,0.040000000000000036,-0.05764966740576494,0.001322751322751392,-0.0036101083032491488,-0.018939393939393923,0.02941176470588225,-0.01304347826086949,0.010332950631458004,0.018750000000000044,-0.03450134770889479,0.029530201342282014,-0.02857142857142847
2006-09-30,-0.047171378267946706,-0.05665493100238761,-0.0037091988130564246,-0.04282560706401761,-0.4507772020725389,-0.4507772020725389,-0.43333333333333324,-0.4385964912280701,-1.3487179487179488,-6.375,-1.1170731707317074,-2.3846153846153846,0.08470588235294119,-0.12391017173051533,-0.022463768115942195,-0.03474903474903468,0.011661807580175099,-0.14977973568281944,-0.1238636363636364,0.01840490797546024,0.04578447794528184,0.0026075619295957697,-0.02941176470588236
2006-12-31,-0.15218073423282086,-0.18064433100253097,-0.02866716306775874,-0.07841328413284132,1.1037735849056602,1.1037735849056602,1.2058823529411762,1.09375,-3.1176470588235294,0.8139534883720929,-20.958333333333332,-6.0,-0.3904555314533622,0.05820265379975886,0.002965159377316562,0.03200000000000003,0.008069164265129602,0.04663212435233155,0.07846952010376129,0.018072289156626287,0.14575547250400445,0.04551365409622887,-0.030303030303030276
2007-03-31,0.011226252158894612,0.01209424083769628,0.00804906094289004,0.19169169169169176,-0.04484304932735428,-0.04484304932735428,-0.053333333333333344,-0.014925373134328401,4.666666666666667,-2.416666666666667,0.10647181628392488,-1.3888888888888888,0.2491103202846976,0.048161869478483776,0.02291204730229124,0.058139534883721034,0.02401372212692987,0.03960396039603964,0.03848466626578473,0.01775147928994092,-0.0032618825722274813,0.03731343283582089,0.03125
2007-06-30,0.008133056809401795,0.006000724225337484,0.0159695817490495,0.04493910121797562,0.12676056338028174,0.12676056338028174,0.14084507042253525,0.13636363636363624,-0.9571078431372549,-1.497737556561086,-0.8018867924528301,-0.2142857142857143,0.15669515669515666,0.1144643828167482,0.06647398843930641,0.12087912087912067,0.018983807928531604,0.09047619047619038,0.06890561667631734,0.01744186046511631,0.0079476390836839,0.0383693045563549,0.06060606060606055
2007-09-30,-0.03904642813924408,-0.06371162647194939,0.05071107784431139,-0.032556270096463,-0.15000000000000002,-0.15000000000000002,-0.14814814814814825,-0.1466666666666666,1.1428571428571428,0.3272727272727274,2.057142857142857,-2.5454545454545454,-0.20935960591133007,0.03488655769699922,0.11246612466124661,0.1797385620915033,0.0547945205479452,0.013100436681222627,-0.04225352112676062,0.017142857142857126,0.09322820037105739,0.09584295612009242,0.08571428571428585
2007-12-31,0.047223271628258345,0.02850395430579966,0.1079252003561888,-0.9189862899875364,0.014705882352941124,0.014705882352941124,0.04347826086956519,0.0,3.84,-4.410958904109589,-2.174454828660436,-4.094117647058823,0.8193146417445483,0.10254596888260248,-0.062119366626065875,-0.024930747922437657,0.057662337662337526,0.0474137931034484,-0.027714932126696734,0.016853932584269593,0.05812473483241409,0.21812434141201265,-0.21052631578947367
2008-03-31,0.06248997915664578,0.07091365408234096,0.03713229384343353,8.907692307692308,0.0531400966183575,0.0531400966183575,0.0,0.0625,0.42148760330578505,-0.6646586345381527,-2.326259946949602,-1.5019011406844105,-0.226027397260274,-0.07932435321787468,-0.04480519480519474,-0.014204545454545414,0.0609037328094304,-0.13168724279835398,-0.06864456079115766,0.016574585635358963,-0.024057738572574205,0.07093425605536341,-0.06666666666666654
2008-06-30,-0.09174934922850564,-0.1214161057092994,0.00046497210167384395,0.024844720496894457,4.197247706422019,4.197247706422019,4.430555555555556,4.455882352941176,-1.4806201550387597,-8.508982035928144,1.0,-1.106060606060606,0.030973451327433565,0.03669298653042263,0.9360978925900747,1.043227665706052,0.07638888888888884,-0.018957345971563955,0.028732042473453845,0.016304347826086918,0.10147904683648323,1.184975767366721,-0.07142857142857151
2008-09-30,-0.1394392523364486,-0.1616912599318956,-0.07869868319132456,-0.06717171717171722,-0.8967343336275375,-0.8967343336275375,-0.8900255754475703,-0.8921832884097035,-1.5846774193548387,-0.6786283891547049,-0.474,-0.1428571428571429,0.025751072961373467,0.04525089605734767,-0.061797752808988804,-0.01833568406205932,-0.052043010752688246,-0.02898550724637683,-0.5003035822707953,0.016042780748663166,0.07049608355091364,0.03992606284658029,-0.03846153846153855
2008-12-31,0.10724973453036002,0.1935549387312978,-0.1071128299983185,0.013535462912831697,-1.0512820512820513,-1.0512820512820513,-1.0232558139534884,-1.025,2.7655172413793103,-1.2133995037220844,-0.6026615969581749,7.666666666666666,0.21757322175732208,-0.11315902271753098,-0.09431137724550898,-0.10775862068965503,-0.11932849364791287,-0.06467661691542281,-0.07411907654921024,0.015789473684210575,-0.1933797909407664,-0.3188766441521508,0.28
2009-03-31,0.007323452484742754,-0.010436755530345954,0.045762711864406835,-0.009615384615384581,-47.666666666666664,-47.666666666666664,-100.0,-98.0,0.012820512820512775,6.395348837209302,-1.062200956937799,-1.7788461538461537,-0.1391752577319587,-0.009666505558240779,0.08264462809917372,0.08051529790660239,0.03348789283874276,0.12234042553191493,0.12467191601049876,0.015544041450777257,0.03801295896328294,0.05323590814196244,0.03125
2009-06-30,0.057555824822572266,0.056402613779662936,0.05636592832703036,0.016720604099244918,-0.46785714285714286,-0.46785714285714286,-0.46464646464646464,-0.4639175257731959,-1.8245931283905967,-2.0738993710691824,-13.538461538461538,-1.4444444444444444,0.0718562874251496,-0.056612981942410934,-0.6362595419847328,-0.646795827123696,0.06530408773678964,-0.08530805687203791,-0.10968494749124857,0.015306122448979442,-0.0012484394506867558,-0.6412289395441031,0.0
2009-09-30,-0.11445290121941243,-0.15838307107976124,0.02113876576883733,-0.04084880636604771,-0.19463087248322153,-0.19463087248322153,-0.20754716981132082,-0.21153846153846156,-1.1842105263157894,-0.9765739385065886,-0.33742331288343563,0.19444444444444442,0.08007448789571692,0.02534919813760994,0.0031479538300105414,-0.00421940928270037,0.02339728591483392,-0.041450777202072464,1.7640891218872872,0.015075376884422065,0.15333333333333332,0.011049723756906049,-0.030303030303030276
2009-12-31,0.0608567071761934,0.12997227773837916,-0.1020033388981636,0.1327433628318584,0.6499999999999999,0.6499999999999999,0.6666666666666665,0.6341463414634148,1.3095238095238093,-13.625,2.324074074074074,-9.44186046511628,-0.6258620689655172,-0.0020181634712411745,0.37133891213389103,0.3728813559322033,-0.07818930041152272,-0.021621621621621623,-0.007586533902323334,0.014851485148514865,-0.15354046242774566,0.34426229508196715,0.03125
2010-03-31,4.355780120213204e-05,-0.001426370742283356,0.004275887711470583,-0.0703125,-0.101010101010101,-0.101010101010101,-0.07142857142857129,-0.059701492537313494,1.3917525773195876,0.5990099009900991,-1.0473537604456824,-1.5647382920110193,0.9447004608294931,0.01718907987866536,-0.13043478260869557,-0.1358024691358024,-0.005456349206349187,0.1049723756906078,-0.2517916865742953,0.014634146341463428,0.004268032437046543,-0.14227642276422758,0.0
2010-06-30,0.04342523629077921,0.05576505542223753,0.0048130322102923895,-0.0031512605042016695,-0.1404494382022472,-0.1404494382022472,-0.15384615384615385,-0.1428571428571428,-0.12068965517241381,0.4024767801857585,-8.058823529411764,-1.7902439024390244,-0.3838862559241706,0.011431411530815172,0.025438596491228038,0.014285714285714235,0.003990024937655878,0.014999999999999902,0.1653895274584929,0.014423076923076872,-0.03697407564810884,0.0035545023696681444,0.0
2010-09-30,-0.02496243112372687,-0.05217014828444633,0.06705969049373617,-0.05110642781875663,-0.05882352941176472,-0.05882352941176472,-0.054545454545454564,-0.05555555555555558,-1.2426470588235294,2.337748344370861,-15.183333333333334,-1.462962962962963,0.28846153846153855,-0.07641277641277644,0.04704875962360977,0.017605633802816767,0.062096373571783436,-0.07881773399014769,-0.08438356164383554,0.0142180094786728,0.09443954104148289,0.03896103896103886,0.0
2010-12-31,0.24077403887319115,0.18054128126070568,0.4245511049723756,0.6152137701277067,0.6041666666666667,0.6041666666666667,0.28846153846153855,0.3137254901960784,-1.1414141414141414,-0.8214285714285714,-0.8595769682726204,-0.8533333333333333,0.032835820895522394,0.13008778930566622,-0.07271241830065356,-0.013840830449826869,0.1585594013096352,0.06417112299465244,0.08198683423099928,0.014018691588784993,0.1479838709677419,-0.05795454545454537,0.030303030303030276
2011-03-31,0.02829342350424402,0.03090539756239119,0.020845958065689008,-0.051564111378480604,0.06493506493506485,0.06493506493506485,0.07462686567164178,0.05970149253731338,40.57142857142857,-0.04814814814814816,-0.8577405857740585,29.545454545454547,0.9710982658959537,0.13559322033898313,-0.022026431718061734,0.024561403508772006,0.02866370609608393,-0.02010050251256279,0.1355088495575223,0.01382488479262678,-0.00737618545837726,-0.003618817852834688,0.02941176470588225
2011-06-30,0.023287027716260678,0.033591367581515374,-0.002968063635284346,0.018847408481333927,0.04878048780487809,0.04878048780487809,0.05555555555555558,0.05633802816901423,-0.005154639175257714,0.1867704280155642,-20.58823529411765,-2.136904761904762,-0.5601173020527859,0.07006633499170811,0.02612612612612608,0.06849315068493156,0.009026687598116201,0.04102564102564088,0.03458353628835842,0.013636363636363669,-0.025477707006369532,0.03510895883777243,0.05714285714285716
2011-09-30,-0.05741736621196225,-0.07103626707820798,-0.019647535127411242,-0.03130558520099613,-0.2325581395348837,-0.2325581395348837,-0.22368421052631582,-0.21333333333333337,-0.5647668393782384,-0.8131147540983606,-0.7342342342342343,-0.9869109947643979,-0.01666666666666672,-0.1104223169314219,-0.015803336259877065,0.012820512820512997,-0.009334889148191472,-0.11822660098522153,-0.18126177024482104,0.013452914798206317,0.03994190268700071,-0.025730994152046827,0.027027027027026973
2011-12-31,0.028074447730040086,0.047200234535326846,-0.018826673144661688,0.09952258538376779,0.5555555555555556,0.5555555555555556,0.44067796610169485,0.38983050847457634,-2.567460317460317,-8.596491228070175,-0.5084745762711864,3.5999999999999996,-0.07796610169491525,-0.009146341463414642,0.08742194469223907,0.07911392405063267,-0.02473498233215543,0.0,-0.037952846463484735,0.01327433628318575,-0.04574022346368711,0.07442977190876343,0.0
2012-03-31,0.024329994585814863,0.019736842105263053,0.03466204506065851,-0.05110220440881763,-0.1915584415584416,-0.2272727272727273,-0.15294117647058825,-0.13414634146341464,-0.9620253164556962,-0.48729792147806006,0.9080459770114941,-3.217391304347826,0.1875,0.045054945054944895,-0.005742411812961423,-0.00293255131964798,0.030998389694041784,0.06703910614525133,-0.009563658099222994,0.013100436681222849,0.010245151847786405,-0.015642458100558643,0.0
2012-06-30,0.017706715998810685,0.033951040951727185,-0.02464704474754731,-0.007039774727208736,0.02008032128514059,0.03361344537815136,0.0277777777777779,0.028169014084507005,-19.933333333333334,-1.5810810810810811,0.20481927710843384,-1.7254901960784315,-0.11455108359133126,0.026919032597266135,-0.004125412541254092,-0.005882352941176672,-0.012885591565794496,0.0,0.026554013277006794,0.01379310344827589,-0.04165157551611742,-0.012485811577752637,0.0
2012-09-30,-0.042133281397085054,-0.06412355622427757,0.018768400392541684,-0.02977667493796521,-0.17322834645669294,-0.1707317073170732,-0.16216216216216217,-0.15068493150684925,1.1056338028169015,0.24806201550387597,1.15,-1.1081081081081081,0.013986013986013957,0.01597378660659432,0.003314001657000798,0.005917159763313862,0.030854430379746667,0.02617801047120416,0.02351557907113455,0.013605442176870763,0.06349206349206349,0.0045977011494253706,0.0
2012-12-31,0.033108543156325165,0.07248912426707022,-0.06538229981938593,0.13810741687979533,0.4619047619047618,0.4950980392156863,0.532258064516129,0.5,-0.07692307692307687,-2.5217391304347827,0.8372093023255813,-0.75,0.0034482758620688614,0.10562386615601693,0.006606110652353392,-0.008823529411764786,-0.04412893323100531,0.0714285714285714,0.09419873635841469,0.012583892617449743,-0.09523809523809523,-0.013729977116704872,0.0
2013-03-31,-0.01499048743685627,-0.01256558352806314,-0.023576397835609386,-0.0642054574638844,-0.1140065146579805,-0.1442622950819672,-0.13684210526315788,-0.11827956989247324,-0.9021739130434783,-1.2530612244897958,-1.1518987341772151,116.0,0.402061855670103,0.062169553327256155,0.048400328137817805,0.023738872403560984,-0.015656362906463328,0.1142857142857141,0.02257217847769022,0.013256006628003414,-0.00864100549882163,0.01740139211136893,0.0
2013-06-30,0.0010989376935628403,0.00214323986426157,-0.002638870563398843,-0.006174957118353364,-0.07352941176470584,-0.07662835249042144,-0.060975609756097504,-0.07317073170731703,5.166666666666667,-0.4193548387096774,-4.266666666666667,-2.213675213675214,-0.3480392156862745,0.07912804668726392,0.014084507042253502,0.005797101449275255,0.0028548123980425277,0.09401709401709413,0.04106776180698146,0.014717906786590351,-0.003961965134706813,-0.011402508551881407,0.026315789473684292
2013-09-30,-0.02518129199654051,-0.032480841204776345,-0.0033073157825108668,-0.03555402140144981,0.04761904761904767,0.06224066390041494,0.07792207792207795,0.07894736842105265,0.7927927927927927,0.13888888888888884,0.14030612244897966,-1.7253521126760565,0.387218045112782,0.11738508032447914,0.07793209876543217,0.05187319884726205,0.017893452623017447,0.1171875,0.10650887573964507,0.01450443190975026,0.022673031026252843,0.046136101499423265,0.0
2013-12-31,0.03228118068588981,0.01570343080819714,0.08109901778603668,0.14853256979241225,0.36363636363636354,0.38671875,0.3975903614457832,0.37804878048780477,0.08710217755443894,3.8780487804878048,-0.3355704697986577,0.04854368932038833,0.29268292682926833,0.10362989323843408,0.03435934144595554,0.05205479452054784,0.08070315621254487,0.08391608391608396,0.03743315508021383,0.012708498808578161,0.04706339945546478,0.03858875413450935,0.0
2014-03-31,-0.0057518759710423195,0.0006800870511425305,-0.024432166973603398,-0.08164537239015268,-0.06666666666666665,-0.08450704225352113,-0.0775862068965516,-0.06194690265486713,-1.0169491525423728,-1.78,-0.12457912457912457,-2.287037037037037,-0.2914046121593291,0.05726815426286591,0.04498269896193774,0.05468750000000022,-0.009242144177449174,-0.022580645161290436,-0.002577319587628968,0.014117647058823568,-0.01857355126300153,0.05520169851380041,0.025641025641025772
2014-06-30,0.05648834657711865,0.08816999682841731,-0.030958973068210383,-0.009501187648456089,-0.06845238095238093,-0.06461538461538463,-0.04672897196261683,-0.047169811320754707,-32.27272727272727,-1.6538461538461537,-0.2730769230769231,-1.5755395683453237,0.23668639053254448,0.034890813712333824,0.048344370860927244,0.03456790123456788,-0.010820895522388074,0.04620462046204632,-0.03100775193798444,0.01933488012374318,-0.08289174867524607,0.051307847082494806,-0.025000000000000022
2014-09-30,-0.09280589123867067,-0.10251072157221963,-0.06298701298701304,-0.01336073997944498,0.006389776357827559,0.016447368421052655,0.03921568627450989,0.02970297029702973,0.5988372093023255,2.0980392156862746,0.34391534391534395,-1.45,-0.0861244019138756,0.027584580926559132,0.05369551484523072,0.04534606205250591,-0.045643153526971014,0.03785488958990535,-0.0364444444444445,0.01896813353566018,0.033016921172100755,0.03540669856459333,0.025641025641025772
2014-12-31,0.0327817670933499,0.07357921595917416,-0.08925848925848923,0.1454861111111112,0.4825396825396826,0.4854368932038835,0.5,0.5,0.3799999999999999,-0.10443037974683544,0.6929133858267718,-0.7777777777777778,-0.020942408376963373,0.011586555007456756,0.13848920863309355,0.08447488584474883,-0.0731225296442688,0.06079027355623112,-0.040590405904059046,0.017870439314966458,-0.11825809029165002,0.07208872458410354,0.0
2015-03-31,-0.0464530431277711,-0.05112138628408458,-0.03134987064373762,-0.1370112155198545,-0.26980728051391867,-0.2854030501089324,-0.2767295597484277,-0.2692307692307693,-0.8208168642951251,-1.0070671378091873,-0.7790697674418605,-1.5,0.010695187165775444,0.11385801769108639,0.05897840968931001,0.0189473684210526,-0.03667377398720684,0.20057306590257884,0.01105769230769238,0.018288222384784225,0.015858631626642472,0.010344827586206806,0.0
2015-06-30,0.028673077600479102,0.03593223426541581,0.005184603299293045,-0.01475237091675452,-0.4486803519061584,-0.45731707317073167,-0.4521739130434782,-0.45614035087719296,0.6838235294117647,-102.5,-0.6526315789473685,-3.75,-0.02910052910052907,0.0182243942170639,-0.04574838388861269,-0.06818181818181812,0.011509517485613241,0.0572792362768495,0.0009510223490252212,0.02155172413793105,-0.022747546833184695,-0.08105802047781563,0.02499999999999991
2015-09-30,-0.06838338526863674,-0.06519541038378684,-0.08049390434510784,-0.022459893048128343,0.6117021276595744,0.6573033707865168,0.6666666666666667,0.6774193548387097,2.1004366812227073,-1.0738916256157636,16.636363636363637,-3.8181818181818183,0.08446866485013627,-0.04529547045295468,0.04168837936425218,0.006651884700665134,-0.059956236323851275,-0.05643340857787815,0.040380047505938155,0.021097046413502074,-0.013235965312642595,0.0009285051067782213,0.0
2015-12-31,-0.001543777107990918,-0.012368322046651614,0.037905830358660575,0.19912472647702417,0.9471947194719472,0.9796610169491526,1.0285714285714285,1.0288461538461537,0.3154929577464789,2.2,0.6821305841924399,-1.4516129032258065,-0.035175879396984966,-0.03550481776288228,0.11955977988994504,0.11894273127753285,0.052607076350092985,0.026315789473684292,-0.03561643835616424,0.02066115702479343,0.039777983348751045,0.1001855287569573,0.024390243902439046
2016-03-31,-0.012921513768222592,0.022141802771296515,-0.13511300360301348,-0.15085158150851585,-0.44576271186440675,-0.4606164383561644,-0.45539906103286387,-0.4549763033175356,-0.7077087794432548,-5.145833333333333,-0.9959141981613892,-6.785714285714286,0.2109375,0.02399826256922566,0.036193029490616535,0.003937007874015741,-0.11853162317558597,-0.027972027972028024,-0.09043560606060608,0.020242914979756943,-0.12366548042704639,-0.005059021922428353,0.0
2016-06-30,-0.004475441017416926,-0.015559489425137407,0.041280060594584445,-0.009312320916905481,-0.1437308868501529,-0.13650793650793647,-0.1293103448275862,-0.12173913043478257,0.7985347985347986,-1.5778894472361809,159.0,-1.3333333333333333,-0.058064516129032295,0.11664899257688233,0.11039241052177662,0.09019607843137245,0.0391369794279981,0.26618705035971235,0.11400312337324303,0.021164021164021163,0.04568527918781751,0.07203389830508478,0.023809523809523725
2016-09-30,-0.053984190611770844,-0.06501987507098239,-0.011820330969267157,-0.007230657989877098,0.12142857142857144,0.12867647058823528,0.13861386138613851,0.1287128712871286,0.4480651731160896,-3.4956521739130433,-0.4203125,-2.666666666666667,0.10273972602739723,0.04045584045584061,0.028737864077669872,0.026978417266187105,-0.002897151134717668,0.0018939393939394478,-0.03598130841121494,0.02137305699481873,0.044660194174757306,0.007905138339920903,0.023255813953488413
2016-12-31,0.05397592269919205,0.06706144346593779,0.007545086492454889,0.21012381646030587,0.6210191082802548,0.6351791530944626,0.6521739130434783,0.6403508771929827,0.19690576652601965,1.0313588850174216,-0.2695417789757413,-2.1555555555555554,-0.10766045548654246,0.021266885724717133,-0.027935069837674686,-0.04903677758318736,0.009685230024213176,0.02457466918714557,0.002423654871546388,0.020925808497146647,-0.04414498141263945,-0.05803921568627457,0.0
2017-03-31,0.013789216607176469,0.0034625053360526348,0.05095890410958903,-0.2834787842311165,-0.40078585461689586,-0.42031872509960155,-0.42105263157894735,-0.41711229946524064,-0.717978848413631,-1.0222984562607205,-0.047970479704797064,-1.3846153846153846,0.04640371229698381,0.02645455357940829,-0.03844660194174765,-0.016574585635359074,0.05323741007194238,0.016605166051660403,0.07398452611218564,0.020496894409937738,0.03694701020904234,0.01831806827643634,-0.022727272727272707
2017-06-30,0.00767178118745826,0.022688598979013097,-0.04640250260688217,-0.005459890802184009,1.5508196721311474,1.6426116838487972,1.6636363636363636,1.688073394495413,0.08333333333333326,112.53846153846153,4.8604651162790695,10.65,0.516629711751663,0.1087505441880714,0.3630856219709211,0.34644194756554314,-0.01775956284153013,0.05263157894736836,0.12201710941017563,0.021911138161898824,-0.05391467416783868,0.4129190515126737,-0.04651162790697683
2017-09-30,-0.04652616867115378,-0.04432427435755226,-0.056861673045380035,-0.011824324324324342,-0.7532133676092545,-0.7594278283485045,-0.7542662116040956,-0.7542662116040956,-1.5653846153846154,-0.30013550135501355,-0.4193121693121693,-0.721030042918455,0.09502923976608191,0.09957593843254275,-0.05422222222222228,-0.06954102920723237,-0.039870190078813095,0.11896551724137927,-0.2006420545746388,0.021441334127456857,-0.010901883052527261,-0.02893518518518523,-0.04878048780487798
2017-12-31,0.0063261842308286464,0.0369009043865165,-0.11439613526570047,0.2431623931623932,-1.0625,-1.1027027027027028,-1.1111111111111112,-1.1111111111111112,-3.5918367346938775,-0.7434656340755083,-0.2972665148063781,-0.8923076923076922,0.009345794392523255,0.020854163690901206,-0.2684837092731829,-0.288490284005979,-0.1009174311926605,0.06317411402157158,0.08534136546184734,0.02099125364431509,-0.11973947895791581,-0.2693682955899881,-0.02564102564102566
2018-03-31,0.06742563630788112,0.047667910447761086,0.156665939341043,0.06222069439669986,-51.833333333333336,-32.26315789473684,-30.875,-30.625,-0.6325459317585302,0.3056603773584905,0.07455429497568877,-23.714285714285715,-0.21031746031746035,-0.02294669091926682,0.2749464668094219,0.23109243697478976,0.16433941997851775,0.08695652173913038,0.3862164662349674,0.020559680182752782,0.08366533864541847,0.16476345840130513,0.05263157894736836
2018-06-30,-0.022623621934140137,0.006099189742676536,-0.14261460101867574,-0.17119741100323627,-0.9049180327868852,-0.9191919191919192,-0.9163179916317992,-0.919831223628692,0.95,-1.4826589595375723,-0.7963800904977376,-0.30817610062893086,-0.1842546063651591,0.0043677502506087595,-0.44608666442727585,-0.45904436860068265,-0.13607011070110697,-0.13733333333333342,-0.2122122122122122,0.022383883603805277,-0.12289915966386566,-0.48109243697479,0.02499999999999991
2018-09-30,-0.059337913803872544,-0.05863091287225097,-0.062266226622662235,-0.08278016399843813,1.6379310344827585,2.0625,1.9999999999999996,2.1578947368421053,1.0586080586080584,-0.43113772455089816,2.3851851851851853,-0.9727272727272728,-0.006160164271047264,0.052755400299422384,-0.0006064281382655023,-0.04416403785488954,-0.054991991457554734,0.21792890262751152,0.9546802202456586,0.021893814997263394,-0.0029940119760477613,-0.04723346828609987,0.0
2018-12-31,0.03202874775408171,0.043668327535959284,-0.026044110746128557,0.17922520221370797,1.30718954248366,1.3469387755102042,1.3666666666666667,1.35,0.26512455516014244,-0.4421052631578948,-0.02844638949671774,-58.333333333333336,0.3553719008264462,0.022076251100426658,0.5072815533980584,0.44884488448844895,-0.022598870056497078,0.08248730964466988,0.06175514626218859,0.021424745581146043,-0.05645645645645658,0.4915014164305951,-0.024390243902438935
2019-03-31,0.10267958519415643,0.09323064450749907,0.15032522283787042,0.13465703971119125,0.8668555240793201,0.9101449275362319,0.9154929577464792,0.9148936170212769,-0.8959212376933896,-0.49056603773584906,-0.6846846846846847,-1.3255813953488373,-0.08536585365853655,0.0440601603392301,0.08896940418679544,0.02733485193621865,0.14739884393063596,0.06799531066822984,-0.296326530612245,0.020975353959097998,0.043284532145130505,0.052231718898385404,0.0
2019-06-30,0.02306504204564952,0.06678202117579213,-0.19664921465968588,-0.17085587018771875,-0.5796661608497724,-0.5796661608497724,-0.5772058823529412,-0.5777777777777778,2.8783783783783785,6.222222222222222,-0.34285714285714286,-0.6607142857142857,-0.03166666666666662,0.16068028937682444,0.2402957486136783,0.1529933481152992,-0.1803526448362721,0.010976948408342624,0.08265661252900247,0.02259887005649719,-0.21476510067114085,0.1859205776173285,-0.025000000000000022
