Quarter end,Assets,Current Assets,Liabilities,Current Liabilities,Shareholders equity,Revenue,Earnings,Earnings available for common stockholders,EPS basic,EPS diluted,Cash from operating activities,Cash from investing activities,Cash from financing activities,Cash change during period,Cash at end of period,Price,ROE,ROA,Book value of equity per share,P/B ratio,P/E ratio,Cumulative dividends per share,Equity to assets ratio,Net margin,Asset turnover,Current ratio
1993-12-31,0.0436545300140081,0.13315870184745204,0.036518757148096714,0.0684307918400997,0.058302117716871216,0.030573597054764035,0.14338469374761242,0.14338469374761242,0.13157894736842102,0.13157894736842102,3.7722597707904786,0.4993240556660039,15.247579529737205,-1.2894331484904498,-0.5454545454545454,0.12427745664739898,0.010026385224274348,-0.04993065187239931,0.05555555555555558,-0.1962962962962964,0.016270337922402955,inf,0.014041514041513992,0.0071770334928229484,0.031249999999999778,0.0605949320602277
1994-03-31,0.0436545300140081,0.13315870184745204,0.036518757148096714,0.0684307918400997,0.058302117716871216,0.030573597054764035,0.14338469374761242,0.14338469374761242,0.13157894736842102,0.13157894736842102,3.7722597707904786,0.4993240556660039,15.247579529737205,-1.2894331484904498,-0.5454545454545454,0.12427745664739898,0.010026385224274348,-0.04993065187239931,0.05555555555555558,-0.1962962962962964,0.016270337922402955,inf,0.014041514041513992,0.0071770334928229484,0.031249999999999778,0.0605949320602277
1994-06-30,0.013778315334370905,0.028152243989986614,-0.009092160974478847,0.001341932886581576,0.05975819169441032,0.030573597054764035,0.14338469374761242,0.14338469374761242,0.13157894736842102,0.13157894736842102,3.7722597707904786,0.4993240556660039,15.247579529737205,-1.2894331484904498,0.34731977818853976,-0.1516709511568124,0.010026385224274348,-0.04993065187239931,0.0592105263157896,-0.1962962962962964,0.016270337922402955,2.0,0.04515352197471412,0.0071770334928229484,0.031249999999999778,0.026800554016620515
1994-09-30,-0.00488593551024441,-0.003787750398264622,-0.020476194664579173,-0.02644252916886536,0.024421134780854725,-0.049864074564810124,-0.4359060028956454,-0.4359060028956454,-0.4418604651162791,-0.4418604651162791,-0.3354064039408867,-0.27522011244298294,-0.29037200987486167,-1.2208621607237893,-0.056935107696528986,-0.09696969696969693,0.010026385224274348,-0.04993065187239931,0.024844720496894235,-0.14746543778801835,0.016270337922402955,0.3333333333333335,0.029665898617511344,0.0071770334928229484,0.031249999999999778,0.023268361772442292
1994-12-31,-0.021641749710366365,-0.06570833156126399,-0.03899429802900367,-0.07117108591289989,0.009548496224825342,0.05437141225618358,0.33790720631786764,0.33790720631786764,0.35416666666666674,0.35416666666666674,1.7147688316501437,1.9022319795096965,1.0790547024952017,-4.881927710843374,0.2343613616526039,-0.10067114093959728,0.010026385224274348,-0.04993065187239931,0.0060606060606061,-0.12432432432432428,0.016270337922402955,0.5,0.031888111888112025,0.0071770334928229484,0.031249999999999778,0.005866069074611069
1995-03-31,0.019397138904319933,0.048267176499150244,0.00011399482725105159,0.004043107959782022,0.052390925514396613,0.12019519926116162,0.3547554047074448,0.3547554047074448,0.3538461538461537,0.3538461538461537,-0.7335199058036552,-0.5142590584734865,-1.061565980035774,-2.6021104903786467,-0.30418385385975255,-0.08955223880597019,0.010026385224274348,-0.04993065187239931,0.054216867469879526,-0.09259259259259267,0.016270337922402955,0.16666666666666674,0.032258064516129004,0.0071770334928229484,0.031249999999999778,0.0440338116768233
1995-06-30,0.002238798199242664,-0.015079973945140046,-0.028213306725115017,-0.03390283953578477,0.05175462583173829,0.01744328071086132,0.0906268721747181,0.0906268721747181,0.09090909090909083,0.09090909090909083,0.9656762295081966,0.12624584717607967,-10.116213683223993,-0.7183262301433553,-0.12313685636856364,0.061475409836065475,-0.0005224660397074032,-0.04993065187239931,0.05142857142857138,0.006802721088435382,0.016270337922402955,0.2857142857142856,0.04936974789915971,-0.002375296912113911,0.036363636363636376,0.019519236804117268
1995-09-30,0.027240781401878023,0.021004303148588033,0.037327380334337024,0.09089693763547646,0.01208675656625191,-0.11374464477307344,-0.6277153558052435,-0.6277153558052435,-0.625,-0.625,0.23380896533750328,0.6385047935103245,-0.7812275110517117,-1.2696011004126548,0.03785976434228311,0.12355212355212375,-0.07213800313643493,-0.04993065187239931,0.010869565217391353,0.06756756756756754,0.0862068965517242,0.11111111111111116,-0.014764764764764848,-0.05714285714285716,0.011695906432748648,-0.06408520068948542
1995-12-31,0.07089291835003109,0.014748302923175194,0.06504512620322633,-0.06493671329283446,0.06284037585486435,0.12194557558210084,1.0887994634473506,1.0887994634473506,1.0555555555555558,1.0555555555555558,-0.1727351939376337,0.4866803566907649,-11.263157894736842,0.6377551020408163,0.05974316024567283,-0.14089347079037806,-0.010140845070422566,0.0029197080291969435,0.06451612903225801,-0.15189873417721522,-0.10544217687074842,0.19999999999999996,-0.007366014732029469,0.005050505050504972,0.0,0.08518055646911793
1996-03-31,0.06822098018927125,0.1441848589301673,0.09937902251739539,0.07833482333007247,0.037286096400296564,0.07398333903454946,0.11366555355766761,0.11366555355766761,0.12162162162162149,0.12162162162162149,-0.8826082793399508,-0.4139640491958373,0.17999084249084252,-5.744548286604362,-0.2674745345978222,0.03200000000000003,-0.055207740466704514,-0.05676855895196509,0.03535353535353525,-0.02985074626865669,0.0012674271229404788,0.16666666666666674,-0.029170931422722535,-0.03768844221105527,-0.023121387283236983,0.06109831494726636
1996-06-30,-0.0013576612075325567,-0.0939381316512442,-0.026423230786522867,0.048632060525299226,0.039635156686895545,0.004023513431227865,0.08015223157651952,0.08015223157651952,0.08433734939759052,0.08433734939759052,22.98694942903752,1.0462030220844634,-1.9271273912537348,-1.6277084701247537,0.016542795492687556,0.0852713178294573,-0.05722891566265065,-0.0586419753086419,0.039024390243902474,0.05384615384615388,0.10379746835443049,0.1428571428571428,0.041117554032683135,-0.039164490861618884,-0.017751479289940808,-0.13595338741003082
1996-09-30,0.06775105873325815,0.03472970976022238,0.09737750980506932,0.10349066795812689,0.02237789404742041,-0.10562200845330616,-0.3308776425368354,-0.3308776425368354,-0.33333333333333337,-0.33333333333333337,-0.49891186071817195,0.14256410256410246,-2.306407734482903,2.1506276150627617,0.7103773584905659,-0.06785714285714284,0.04408945686900956,0.032786885245901676,0.023474178403755985,-0.10218978102189791,-0.04816513761467889,0.0625,-0.0425316455696203,0.0652173913043479,-0.030120481927710774,-0.06234298558772977
1996-12-31,-0.1846562196833107,-0.3673584351767858,-0.31787415132306174,-0.4808938103222563,0.034335014846191614,-0.4997744029502357,0.3410722833891815,0.3410722833891815,0.3166666666666669,0.3166666666666669,0.0,0.0,0.0,-1.2812084993359893,-0.11679536679536684,0.2145593869731801,-0.013463892288861579,0.03650793650793638,0.08715596330275233,0.17886178861788626,0.11927710843373474,0.11764705882352944,0.2686409307244846,0.1658163265306123,-0.11180124223602494,0.2187125431855037
1997-03-31,0.23336022635335163,0.490522971447682,0.5100369502268931,2.6873572853137557,-0.06658361573006721,0.023190823774765335,0.18454399428877388,0.18454399428877388,0.240506329113924,0.240506329113924,-1.1648117987694535,0.048694931639276406,5.074069327865701,3.2526564344746163,-0.5623731459797033,0.12618296529968442,0.03287841191066998,0.021439509954058078,-0.025316455696202556,0.04137931034482767,0.10871905274488713,0.10526315789473673,-0.24322634431012924,0.23851203501094087,-0.1748251748251748,-0.595776684986983
1997-06-30,-0.2518440067832698,0.29825156781134665,-0.46608184778981043,-0.6510505873177003,0.12388581231945306,0.146192572663161,4.411832655316157,4.411832655316157,4.826530612244898,4.826530612244898,-4.4345319791380735,-0.769358407079646,-3.2899481001708897,-61.39033870072182,77.6047092400999,0.10924369747899165,1.249249249249249,1.4272863568215892,0.22077922077922074,0.13245033112582782,0.058252427184465994,0.09523809523809534,0.5023409529055358,1.7844522968197878,-0.1271186440677965,2.72062401602977
1997-09-30,-0.058449533993208624,-0.09753958292376785,-0.0872100229017917,-0.1559944738970258,-0.03448724827092342,-0.0843521325876464,-0.9072989652452322,-0.9072989652452322,-0.9001751313485113,-0.9001751313485113,0.6316735933503836,-0.22444901221879643,-0.930609330554052,-1.1622932431065711,-0.16022856727893287,0.03535353535353525,-0.0275033377837115,0.07164916615194561,-0.0035460992907800915,-0.15204678362573099,-0.5807339449541284,0.08695652173913038,0.025481209899175017,0.1967005076142132,-0.10679611650485432,0.06924142175719328
1997-12-31,-0.06811395157682265,-0.12450597143192277,-0.06485291426344963,-0.14908142420834802,-0.07068257592314453,-0.0008593734827445632,0.6192812093302633,0.6192812093302633,1.1578947368421053,1.1754385964912282,-0.46905537459283386,0.014871530589707804,0.7826534337969264,0.10840438489646775,-0.21148379146714513,0.12682926829268304,0.010708401976935678,0.04495677233429385,-0.01067615658362997,0.13103448275862073,0.1312910284463895,0.08000000000000007,-0.0028602073650340065,-0.02067868504771997,0.06521739130434767,0.028889048783997895
1998-03-31,-0.018239648521456653,-0.04565688161693937,-0.0005997266509054633,0.01719553963810383,-0.03222126318159646,0.0834260667583473,-0.37075734157650697,-0.37075734157650697,-0.4878048780487805,-0.5,-1.1177176069006873,-0.28168298875589404,-0.584012959445872,-0.08998211091234343,-0.24407111915336954,0.025974025974025983,-0.05786471067644661,0.05791505791505802,-0.017985611510791255,0.04268292682926833,-0.029013539651837617,0.07407407407407396,-0.014162782359268378,-0.09258256632376827,0.16326530612244894,-0.06178537711108789
1998-06-30,-0.009700801908317236,-0.030192247084777857,-0.04063217537687014,-0.09147377403310242,0.015616840646698993,0.016707407324348056,0.24081351935547257,0.24081351935547257,-0.1428571428571428,-0.16129032258064513,-3.7452978056426334,-0.11533023631589578,-0.6204735687748981,-0.7019012047516078,-0.09624887792758896,0.13080168776371304,-0.6490772779700116,-0.6459854014598541,0.0146520146520146,0.14619883040935666,0.18127490039840644,0.06896551724137945,0.02564102564102555,-0.6605011933174225,0.043859649122807154,0.06745676803816347
1998-09-30,0.09465952172121783,-0.16011308982191608,0.21621301307628493,0.20576737574249893,0.0006770739206907184,0.07311628727721908,-0.13104758888273027,-0.13104758888273027,-0.12962962962962976,-0.11538461538461542,6.1347416500142735,14.671689497716894,-2.7355820261823327,5.922373999057937,-0.7372281081948793,-0.15111940298507476,0.044371405094494554,0.022091310751104487,0.014440433212996373,-0.16326530612244905,1.15177065767285,0.06451612903225823,-0.08599290780141844,-0.02284710017574698,0.050420168067226934,-0.30343551427972904
1998-12-31,0.006382406745654379,0.010883061608540467,-0.00837231208991096,-0.07258245614035086,0.020247600684755618,-0.07635640112803899,-0.024056861673045327,-0.024056861673045327,-0.02127659574468077,-0.021739130434782594,-0.5366902732765174,-0.9455144080883424,-1.228187007338951,-1.1561628175991072,0.438127601084342,-0.2153846153846154,-0.11014948859165996,-0.12536023054755052,0.021352313167259718,-0.22560975609756095,-0.24373040752351094,0.06060606060606055,0.013773035887487906,-0.12769784172661858,0.0,0.0899704275474913
1999-03-31,0.036156949410501626,0.06393424939715864,0.06081525581496927,0.13931914314035576,0.013635241702049106,0.1453444899412497,0.0646125116713352,0.0646125116713352,0.06521739130434767,0.06666666666666665,-1.10237920462887,0.5152406417112299,0.521143537820131,-2.7528540305010893,-0.5340094514947167,0.06162464985994398,0.014146772767462235,-0.0032948929159801743,0.017421602787456303,0.03937007874015741,0.27875647668393766,0.05714285714285716,-0.02162265595101409,-0.010309278350515427,0.008000000000000007,-0.06617308930377996
1999-06-30,0.01610704494579851,0.03251537955867789,0.004516002861421731,0.019652119626217823,0.027186505379253267,0.02111636148848195,0.22039992983687062,0.22039992983687062,0.22448979591836737,0.22916666666666674,-12.145508224377899,-0.17098994176813131,-0.4079874706342992,-1.7035398230088497,0.8062329079307202,0.03430079155672816,0.013077593722754965,-0.008264462809917328,0.027397260273972712,0.015151515151515138,-0.002431118314424552,0.05405405405405417,0.010952474085664132,-0.008333333333333304,0.0,0.012606490372777834
1999-09-30,0.35754615167551984,0.3202768407215597,0.7121650319053827,0.32776431660674277,0.026059887695604855,0.21135213304410705,-0.1113187208048868,-0.1113187208048868,-0.11666666666666659,-0.11864406779661008,0.0010974040717475209,26.558961260110685,-70.93055555555556,-2.5280898876404496,-0.6820805601993503,0.22193877551020402,0.0068846815834768815,-0.06999999999999995,0.016666666666666607,0.19402985074626855,0.17952883834281064,0.0512820512820511,-0.2441478042174502,-0.044117647058823595,-0.023809523809523836,-0.005641200213976405
1999-12-31,-0.029989579544180245,-0.067633835390986,-0.05308483309719125,-0.17370210302724076,0.00603503400249239,-0.3689488449829881,-0.6167717936276889,-0.6167717936276889,-0.6037735849056605,-0.6346153846153846,-1.103005103005103,-1.0019618141374196,-0.9493497895682603,-1.216518682944876,0.4645302113304892,-0.12317327766179542,-0.13846153846153852,-0.19175627240143367,0.006557377049180246,-0.13750000000000007,-0.14944903581267222,0.04878048780487809,0.03711287432812904,-0.10329670329670326,-0.10569105691056901,0.12838069154399157
2000-03-31,0.04690663223012326,0.11468837728721892,0.061304909764860804,0.12150914272144386,0.025767599818132814,0.6679759842284485,2.0831399029331084,2.0831399029331084,2.0,2.263157894736842,0.36550458715596323,-24.661417322834644,0.06918121557277557,-3.056599743699274,-0.6523270781112391,-0.24523809523809526,0.0535714285714286,-0.008869179600887067,0.026058631921824116,-0.253623188405797,-0.13441295546558707,0.04651162790697683,-0.020236920039486628,0.002450980392156854,-0.00909090909090915,-0.0060679611650484855
2000-06-30,-0.0027920071389199164,-0.007246109169479098,-0.026084483893154986,0.004578972722027341,0.03258991569273073,-0.0112284094877374,0.20190267606597767,0.20190267606597767,0.19047619047619047,0.19354838709677424,-10.11663531308788,-0.2287021630615641,-3.0467167307020606,-1.3298369508775574,0.6188620420888542,0.06624605678233442,0.05555555555555558,0.004474272930648837,0.031746031746031855,0.03883495145631066,-0.012160898035547096,0.04444444444444429,0.03551637279596975,0.017114914425427896,-0.00917431192660556,-0.011773940345368938
2000-09-30,-0.01693038430513938,-0.04385677314042957,-0.036769640206609444,-0.06066226840629807,0.011493573191590833,-0.15001162155390746,-0.4968395877227948,-0.4968395877227948,-0.4933333333333333,-0.5,0.22150163605813167,0.03386905403947793,0.07739238022099926,-0.9408060453400504,0.022628791526239755,-0.19822485207100593,-0.08920606601248893,-0.069042316258352,0.006153846153846176,-0.22429906542056088,-0.25568181818181823,0.042553191489361764,0.028703478472391186,-0.043269230769230727,-0.02777777777777779,0.01787132644956313
2000-12-31,-0.03003906672112444,-0.012400352141790583,-0.03070174742551901,-0.043918994726803495,-0.029134937458184518,0.06552550739563534,-2.273766410140335,-2.273766410140335,-2.2894736842105265,-2.3243243243243246,-0.879914086444482,0.1558685446009389,-0.7211024432740665,35.12234042553192,0.7993173258003767,-0.08487084870848705,-0.3555337904015671,-0.34928229665071764,-0.030581039755351758,-0.0843373493975903,-0.013994910941475869,0.04081632653061229,0.0009458500827619343,-0.40201005025125625,0.08571428571428563,0.03299085273334201
2001-03-31,-0.006632514331895711,0.02069692365654685,-0.018561481120074164,0.03553344168607819,0.009616521147648882,0.060656054606780474,-1.7577965348733895,-1.7577965348733895,-1.7346938775510203,-1.7346938775510203,-3.651929260450161,-0.13277371603935373,2.354536419139571,-1.3282285377705787,-0.14581016550009818,0.20967741935483875,-0.20972644376899696,-0.19485294117647056,0.009463722397476504,0.25,0.8735483870967742,0.03921568627450989,0.016536735175998185,-0.19327731092436984,0.0,-0.014352862178949266
2001-06-30,-0.00385781128374163,-0.0042532762048134165,-0.02614589519621513,0.014505317672123264,0.025654562443258033,-0.03138246893019314,0.253722593504514,0.253722593504514,0.25,0.25,-3.314489239163383,-0.3302456286427977,-0.07089646999068822,-1.955136832660386,0.16304181344769497,0.0,-0.29230769230769227,-0.27853881278538806,0.018749999999999822,-0.010526315789473717,0.26515151515151536,0.037735849056603765,0.029514292354171356,-0.27604166666666663,0.0,-0.018479093928297607
2001-09-30,-0.02076344443045075,-0.047812066162557176,-0.025465465053933767,0.00881332834395443,-0.01485179434055317,-0.12689782253250625,-0.9639016178808566,-0.9639016178808566,-0.9555555555555556,-0.9555555555555556,-0.25718682470041254,0.2512820512820513,-0.26499931665983323,-2.101925786754345,-0.15447422137354316,-0.06333333333333335,-0.5027173913043478,-0.49367088607594944,-0.015337423312883347,-0.08510638297872342,0.32988568317909617,0.05454545454545445,0.006094808126410944,-0.49640287769784164,0.0,-0.05613395800798193
2001-12-31,0.26072803094521246,0.21517937339538484,0.4801153092344064,0.4170242214532871,-0.012126578127561904,-0.050499383202294745,-14.2279792746114,-14.2279792746114,-12.0,-12.0,-0.5682549477674439,15.047069051167412,-9.072083798190157,-4.375106564364876,0.6166186434078342,0.021352313167259718,0.737704918032787,0.6375,-0.015576323987538832,0.03488372093023262,1.0732705689725748,0.034482758620689724,-0.2165133497868521,0.8,-0.08771929824561397,-0.14243037043845952
2002-03-31,0.008732358880706226,0.020685799478196154,-0.0035295025800283764,0.028919710881031513,0.031581533068660184,0.4554494190756082,-3.374069721895809,-3.374069721895809,-3.3181818181818183,-3.272727272727273,1.3332312404287903,-0.9293403812368916,-1.1311245057012325,-0.8620863854508715,0.052603689965798006,0.3797909407665505,0.23584905660377364,0.18320610687022887,0.03164556962025311,0.4044943820224718,-0.23099703849950637,0.03333333333333344,0.022623138602519965,0.19047619047619047,-0.009615384615384581,-0.007985422584275592
2002-06-30,0.004515706906564443,0.005953394481108987,-0.15847131298468664,-0.01012713022874323,0.2978940210104495,0.038601661078652594,0.48424352417092886,0.48424352417092886,0.3333333333333335,0.32000000000000006,0.196114465739039,0.029791894852135847,-0.22615213444984483,3.2051282051282053,0.2101505651915243,0.21212121212121215,0.3053435114503815,0.3290322580645162,0.07975460122699385,0.17599999999999993,-0.01412066752246477,0.032258064516129004,0.29207504900588077,0.32000000000000006,0.009708737864077666,0.01620745542949753
2002-09-30,-0.0028052437770571537,-0.028791385832713012,-0.017927953955791165,0.01750772004526535,0.014844333666109044,-0.08772043367056359,-0.4429746554024011,-0.4429746554024011,-0.4852941176470589,-0.48484848484848486,0.7638279192273925,1.024994681982557,0.6656829360575105,0.41528745644599296,0.24577392882804516,0.0,0.27875243664717364,0.3058252427184467,0.0028409090909089496,-0.07482993197278909,-0.21875,0.03125,0.017771998266146616,0.2929292929292928,0.009615384615384581,-0.045507708665603386
2002-12-31,-0.06316245971128265,0.025226935328418465,0.029360655855907858,-0.013459051683512469,-0.16765826320495514,0.017284385029469496,0.11843943324685702,0.11843943324685702,0.08571428571428585,0.11764705882352944,-0.7139746142359382,0.48547717842323657,-1.6849900054515718,-1.0146176334820742,-0.002883856475016655,-0.12708333333333321,0.42530487804878025,0.483271375464684,-0.16997167138810187,-0.1250000000000001,-0.34533333333333327,0.045454545454545414,-0.11158432708688248,0.36328125,0.08571428571428563,0.039211317812186675
2003-03-31,0.033301846664549384,0.09700952993439849,0.041748096468923634,0.06296645890575858,0.0215046609738343,0.08207202432424898,0.2227674190382729,0.2227674190382729,0.23684210526315774,0.21052631578947367,-1.7743455877021246,-0.8082525988261084,-0.31721713755139935,55.27368421052632,-0.1627545894602247,0.05250596658711215,0.005347593582887722,0.03759398496240607,0.023890784982935065,0.26890756302521024,-0.28360488798370675,0.02898550724637694,-0.011265580057526425,0.02005730659025784,0.01754385964912286,0.0320505949190697
2003-06-30,0.035122747495944795,0.08697275660174464,0.025678955897284084,0.020290772084729403,0.048574635757276274,0.07653282187712684,0.4446227929373996,0.4446227929373996,0.44680851063829796,0.4565217391304348,-1.4287854668040079,0.72911672505993,0.20495386109762026,-2.3741114852225964,0.26540853059888736,0.1201814058956916,0.06170212765957439,0.03623188405797095,0.043333333333333224,0.0927152317880795,0.14498933901918964,0.028169014084507005,0.012848484848484887,0.014044943820224809,0.02586206896551735,0.06533028666389695
2003-09-30,-0.027478818410808348,-0.06269323256612847,-0.048249639438835756,0.19873150105708248,0.00146145414687604,-0.14655172413793105,-0.696969696969697,-0.696969696969697,-0.6911764705882353,-0.7014925373134329,6.032103079274951,0.7489602218193452,-2.2011285771866183,-0.918322896814593,0.01724137931034475,0.07894736842105265,-0.04509018036072143,-0.06759906759906764,-0.0031948881789136685,0.030303030303030276,0.07324643078833026,0.041095890410958846,0.029918621349928287,-0.07479224376731308,0.008403361344537785,-0.2180462123427903
2003-12-31,0.0045522329487481805,0.003665017408832627,-0.03058272489323599,-0.004703115814226888,0.05107624954396206,0.03475869809203136,1.1156666666666668,1.1156666666666668,1.0952380952380953,1.15,-1.0248447204968945,0.12804878048780477,-1.174496644295302,-28.833333333333332,-0.47175141242937857,0.011257035647279423,-0.0010493179433367361,0.01750000000000007,0.0512820512820511,0.01764705882352935,0.09369577790630434,0.026315789473684292,0.04624680455496155,0.020958083832335328,-0.008333333333333304,0.008353593915591206
2004-03-31,0.03703414329244481,0.08909987219280624,0.044052863436123246,0.10218546958062613,0.028462339465463282,0.12937514235821124,-0.14920434851110764,-0.14920434851110764,-0.15909090909090906,-0.16279069767441867,13.75,-0.48108108108108105,3.230769230769231,-0.3652694610778443,-0.5668449197860963,-0.011131725417439675,-0.08508403361344552,-0.06633906633906639,0.024390243902439046,-0.05780346820809257,-0.03913273400317285,0.03846153846153855,-0.008218569524655717,-0.07331378299120217,0.008403361344537785,-0.011870170015455872
2004-06-30,0.012958637836208764,0.03839061190276616,0.01783040696883087,-0.26929260450160775,0.006918663516706003,0.049939975990396235,0.6018518518518519,0.6018518518518519,0.5945945945945945,0.6111111111111112,-2.9406779661016946,0.21875,-1.2636363636363637,-1.7641509433962264,1.0,-0.06754221388367732,-0.07118254879448904,-0.05789473684210533,0.005952380952380931,-0.09202453987730053,-0.011557512383049029,0.024691358024691246,-0.006047032474804093,-0.06329113924050633,0.008333333333333304,0.42113495589063366
2004-09-30,-0.01755299367794716,-0.035841136583790734,-0.03369884995988237,-0.10524385771910527,0.002681414446120245,-0.1083924079579236,-0.8265895953757225,-0.8265895953757225,-0.8305084745762712,-0.8275862068965517,-0.34497816593886466,-0.10256410256410253,-1.3448275862068966,-0.308641975308642,0.345679012345679,-0.10261569416498995,-0.08405438813349819,-0.07262569832402233,0.0,-0.108108108108108,-0.051224944320712784,0.03614457831325302,0.020504731861198833,-0.08108108108108114,0.008264462809917328,0.07752927709782509
2004-12-31,-0.006132182602770819,-0.02042866711319491,-0.0005535566011625193,0.004918032786885185,-0.012869797760320933,0.050012823800974715,0.43333333333333335,0.43333333333333335,0.4999999999999998,0.40000000000000013,1.7400000000000002,0.8,-19.6,-0.4107142857142857,0.15137614678899092,0.03363228699551568,-0.19703103913630227,-0.19578313253012047,-0.017751479289940808,0.030303030303030276,0.10446009389671373,0.03488372093023262,-0.006623978803267816,-0.21323529411764708,0.024590163934426146,-0.025209397344228668
2005-03-31,0.01279707495429605,0.03846153846153855,0.008723345333702559,0.09380097879282223,0.017778530308161233,-0.0004885197850512668,2.3255813953488373,2.3255813953488373,2.2,2.428571428571428,-0.6836982968369829,-0.6084656084656085,0.07526881720430101,-5.545454545454546,-0.5976095617529881,0.019522776572667988,0.09579831932773097,0.09737827715355807,0.01807228915662651,0.04411764705882337,0.26992561105207225,0.022471910112359605,0.004889975550122161,0.10280373831775713,-0.008000000000000007,-0.05059099673065648
2005-06-30,-0.04241877256317694,-0.03160493827160493,-0.08524365133836653,-0.002982848620432521,0.009482615205456568,0.06964809384164217,-0.5454545454545454,-0.5454545454545454,-0.5416666666666666,-0.5416666666666666,1.9384615384615387,0.21621621621621623,0.375,-1.12,0.17821782178217815,0.044680851063829685,-0.2806748466257668,-0.2662116040955632,-0.002958579881656709,0.021126760563380254,-0.051882845188284454,0.03296703296703285,0.05419155054191549,-0.27542372881355925,0.016129032258064502,-0.02869630479890506
2005-09-30,-0.0021991831605403522,-0.0032296447390787186,-0.01800720288115243,0.056095736724008916,0.015161502966380969,-0.0669408270504912,0.49230769230769234,0.49230769230769234,0.5,0.4545454545454546,1.3010471204188483,0.6333333333333333,0.15636363636363626,21.61111111111111,3.420168067226891,-0.09368635437881878,0.23027718550106613,0.24651162790697678,0.011869436201780381,-0.08965517241379306,0.2533097969991174,0.03191489361702127,0.017415023080151082,0.2222222222222221,0.015873015873015817,-0.05617926457888289
2005-12-31,0.01755352644836261,-0.017735334242837686,0.03881418092909539,0.0892351274787535,-0.005032467532467555,0.06243878550440751,0.6494845360824741,0.6494845360824741,0.6363636363636365,0.625,0.0,0.0,0.0,-1.7027027027027026,-0.5437262357414449,0.21797752808988768,0.32235701906412495,0.3432835820895521,-0.017595307917888547,0.20454545454545459,-0.013028169014084434,0.020618556701030855,-0.02227263353268716,0.3157894736842106,0.0234375,-0.09819407657115331
2006-03-31,0.05562002011294198,0.1298611111111112,0.07825831126801996,0.08029908972691802,0.030510686898352013,0.05830836598294531,-0.03125,-0.03125,-0.05555555555555558,-0.03846153846153855,-1.0534698521046644,-0.29931972789115646,-1.889937106918239,-1.465034965034965,0.5541666666666667,0.36162361623616235,0.013106159895150515,0.019444444444444597,0.02686567164179099,0.3836477987421385,0.02568676418123439,0.030303030303030276,-0.023834634043450764,-0.0036363636363636598,0.022900763358778553,0.04587204955676594
2006-06-30,0.40773853143778394,0.3212968653964352,0.7180081855388813,0.41227806199217576,0.04765674477517412,0.2946428571428572,0.6193548387096774,0.6193548387096774,0.6274509803921569,0.6200000000000001,0.0,0.0,0.0,-0.3984962406015038,0.21447721179624657,0.11382113821138229,0.35963777490297555,0.2343324250681198,0.04651162790697683,0.08636363636363642,0.09982608695652173,0.02941176470588247,-0.2556179775280899,0.27737226277372273,-0.02985074626865669,-0.06443706918560121
2006-09-30,-0.013014055179593975,-0.03314338876613565,-0.02493448741364246,-0.04474749627104202,0.009672056823333941,-0.051303616484440706,-0.3227091633466136,-0.3227091633466136,-0.32530120481927705,-0.32098765432098764,0.0,0.0,0.0,-2.6125,-0.2847682119205298,-0.13625304136253047,0.08848715509039007,0.004415011037527616,0.008333333333333304,-0.17573221757322177,-0.37349778621125873,0.028571428571428692,0.022931785195936083,0.02571428571428558,-0.023076923076923106,0.012170496097800632
2006-12-31,-0.029588607594936756,-0.08587923983642054,-0.05912533593940872,-0.024537140307829608,0.024696901661428017,-0.036170212765957444,0.11176470588235299,0.11176470588235299,0.10714285714285698,0.1090909090909089,-15.170212765957446,0.3786407766990292,-3.0848056537102475,-0.4883720930232558,-0.20370370370370372,-0.08591549295774636,0.010489510489510412,-0.04175824175824172,0.024793388429752206,-0.09137055837563446,-0.17415446744068652,0.0185185185185186,0.05590238365493749,-0.013927576601671321,-0.03149606299212604,-0.06292461986412168
2007-03-31,0.02260992445241583,0.06039473684210517,0.01783086644161691,-0.018751429224788452,0.030674846625766916,0.06181015452538641,0.031746031746031855,0.031746031746031855,0.032258064516129004,0.032786885245901676,-1.2552552552552552,-0.22535211267605637,-1.3949152542372882,-0.28787878787878785,-0.1821705426356589,-0.02003081664098616,0.02422145328719738,-0.020642201834862317,0.026881720430107503,-0.04469273743016766,-0.05562347188264061,0.027272727272727115,0.007793603869927557,-0.0028248587570621764,-0.016260162601625994,0.0806720754934116
2007-06-30,0.015253786872176489,0.019977664722670374,0.008249000765371273,0.04101608016779301,0.02692743764172345,0.05942480942480932,0.3846153846153846,0.3846153846153846,0.375,0.38095238095238093,-4.252941176470588,0.5727272727272728,-2.244635193133047,-2.914893617021277,0.42654028436018954,0.03301886792452824,0.0,0.025761124121779888,0.028795811518324665,0.005847953216374213,-0.018770226537216828,0.026548672566371723,0.011466666666666736,0.016997167138810276,0.008264462809917328,-0.02017996911772535
2007-09-30,-0.019683802743168277,-0.049148418491484214,-0.04478744939271251,-0.029326169688829173,0.021391112337841633,-0.0948487326246934,-0.08518518518518514,-0.08518518518518514,-0.09090909090909083,-0.09195402298850575,0.02169981916817365,-0.23699421965317924,0.2793103448275862,-0.3111111111111111,0.20598006644518274,0.1735159817351597,0.06587837837837829,0.09589041095890427,0.01781170483460559,0.13953488372093026,0.1470976253298153,0.02586206896551735,0.041919325072501845,0.09749303621169902,0.0,-0.020432561678078498
2007-12-31,-0.009719107123785098,-0.017911975435005112,-0.03169977924944811,0.08994464944649438,0.023915687069314906,0.029629629629629672,-0.31174089068825916,-0.31174089068825916,-0.29999999999999993,-0.30379746835443033,0.6938053097345134,1.2651515151515151,0.7493261455525606,-0.8548387096774194,0.024793388429751984,-0.1400778210116732,-0.045166402535657735,-0.022916666666666696,0.050000000000000044,-0.15306122448979598,-0.21104082806210467,0.025210084033613578,0.03390688259109309,-0.03299492385786795,0.008196721311475308,-0.09896815710640183
2008-03-31,0.017849439171699677,0.053543512245961544,-0.0013678643078606223,-0.07024968260685571,0.04565848508841386,0.0026320407088962217,0.28823529411764715,0.28823529411764715,0.3035714285714284,0.30909090909090886,-1.1556948798328108,-0.6722408026755853,-1.5254237288135593,9.444444444444445,0.25268817204301075,-0.1417797888386123,-0.0024896265560165887,0.02771855010660995,0.04523809523809508,-0.1867469879518071,-0.12390670553935867,0.024590163934426146,0.027410670582476815,0.03149606299212593,0.0,0.13317325452530482
2008-06-30,0.008582781456953681,0.03623098800544078,-0.010775271664688169,0.08739189804278569,0.035335689045936425,0.08890444522226115,0.45662100456621,0.45662100456621,0.452054794520548,0.4722222222222223,-3.5704697986577183,-0.6326530612244898,-2.6568914956011733,-3.3191489361702127,-0.4678111587982833,-0.022847100175747093,0.021630615640598982,0.053941908713692976,0.034168564920273425,-0.059259259259259345,-0.05241264559068215,0.02400000000000002,0.02667937112910912,0.04834605597964381,0.0,-0.047052431404509654
2008-09-30,-0.01659925408415186,-0.034248210023866354,-0.031200960029539315,0.02888237756383427,0.0026816187225744414,-0.03134040501446478,-0.32915360501567403,-0.32915360501567403,-0.33018867924528306,-0.339622641509434,0.45169712793733674,4.277777777777778,-0.40176991150442476,-1.1284403669724772,0.11290322580645151,0.22661870503597137,-0.059446254071661264,-0.03346456692913391,0.0022026431718060735,0.1811023622047243,0.15188762071992956,0.0234375,0.019489559164733272,-0.05339805825242716,0.024390243902439046,-0.06134899367124691
2008-12-31,0.0063030821003151605,-0.034597800568392456,0.18418294425917114,0.027257933279088764,-0.2206418672501823,-0.15613074498091917,-0.6869158878504673,-0.6869158878504673,-0.6901408450704225,-0.6857142857142857,-0.5035971223021583,0.14210526315789473,-0.878698224852071,-0.3571428571428571,0.0652173913043479,-0.23607038123167157,-0.07792207792207795,-0.11608961303462317,-0.22197802197802197,-0.2333333333333334,-0.21341463414634143,0.022900763358778553,-0.22553482020937643,-0.08974358974358987,-0.031746031746031744,-0.06025633238170458
2009-03-31,-0.03397207919740963,-0.05682836298476901,-0.0682330222079176,-0.1952475247524752,0.032444236468569754,-0.053086905230043224,0.29850746268656714,0.29850746268656714,0.3181818181818181,0.3181818181818181,-0.782608695652174,-0.7695852534562212,-4.487804878048781,7.5,0.5204081632653061,-0.14203454894433787,-0.12394366197183104,-0.15437788018433174,0.031073446327683607,0.09565217391304359,-0.03779069767441867,0.02985074626865658,0.06876285630326184,-0.12676056338028163,-0.032786885245901676,0.17199922435524528
2009-06-30,-0.015440408813671036,-0.026326502917627947,-0.060276338514680505,0.013287401574803237,0.06300045324067072,0.035506644518272346,1.4482758620689653,1.4482758620689653,1.931034482758621,1.896551724137931,13.6,2.04,-5.86013986013986,-0.8104575163398693,0.19686800894854595,0.07158836689038028,-0.12004287245444789,-0.14168937329700282,0.0657534246575342,0.039682539682539764,0.2749244712990937,0.021739130434782705,0.07973604619191632,-0.10322580645161294,-0.03389830508474578,-0.03904698874917267
2009-09-30,0.0003348588012055398,0.007804878048780495,-0.039422900202168765,0.12166100048567263,0.06182490051165446,0.005614597954682221,0.624413145539906,0.624413145539906,0.3529411764705881,0.357142857142857,0.1894977168949772,0.07236842105263164,0.03884892086330938,4.413793103448276,0.2934579439252336,0.2672233820459291,0.2618757612667477,0.2412698412698413,0.05398457583547556,0.19083969465648853,0.4036334913112163,0.02127659574468077,0.06137000254647318,0.28776978417266186,-0.04385964912280682,-0.10152662993572092
2009-12-31,0.0607565275608124,0.023371594523579065,0.06333110111929585,0.06365014072310027,0.05715433007629511,0.016350947158524365,-0.5173410404624277,-0.5173410404624277,-0.5304347826086956,-0.5175438596491228,-0.3301343570057581,3.9386503067484666,-1.2465373961218837,-0.5477707006369427,0.10260115606936426,0.1268533772652387,0.08108108108108114,0.13810741687979533,0.056097560975609806,0.07051282051282048,-0.07259425998874502,0.02083333333333326,-0.0033589251439539725,0.13966480446927387,0.0,-0.03787927179814754
2010-03-31,0.030452848051333303,0.08891891891891901,0.024381466486729675,0.2878078567066966,0.03899721448467974,0.026878556013341104,0.8502994011976048,0.8502994011976048,0.8888888888888888,0.8363636363636362,-1.180515759312321,-0.8720496894409938,0.4831460674157304,-0.5070422535211268,0.04587155963302747,0.1520467836257311,0.20714285714285707,0.24943820224719104,0.03464203233256358,0.08982035928143728,0.01759708737864063,0.020408163265306145,0.008184882041405883,0.24754901960784315,0.0,-0.1544283627672287
2010-06-30,0.004083299305839061,0.044303797468354444,0.0035130862462673385,0.06322111585269474,-0.0182793078235437,0.09380970576996561,-0.46278317152103565,-0.46278317152103565,-0.47058823529411764,-0.4653465346534653,-5.968253968253968,-0.3203883495145631,-2.5681818181818183,3.057142857142857,0.17794486215538852,0.06345177664974622,-0.07618343195266264,-0.06654676258992798,-0.017857142857142905,0.027472527472527597,-0.15324985092426957,0.026666666666666616,-0.02220630372492849,-0.07858546168958747,0.01834862385321112,-0.01782349246231174
2010-09-30,0.02002846685644566,0.0414735591206179,0.0018379135305444105,0.019473762449829124,0.046300893743793425,-0.022882096069869018,0.927710843373494,0.927710843373494,0.9444444444444444,0.9259259259259258,-0.6996805111821086,2.8714285714285714,-1.5652173913043477,0.06338028169014076,0.1606382978723404,0.05011933174224348,-0.054443554843875086,-0.05394990366088637,0.04545454545454519,0.06951871657753994,0.147887323943662,0.01948051948051943,0.025885225885225793,-0.05330490405117261,0.0,0.021584459189383676
2010-12-31,0.05252666201534928,0.022364217252396124,0.07504149558836382,-0.21726450860309132,0.04567564361134169,-0.3382195209152663,0.006250000000000089,0.006250000000000089,-0.33333333333333337,-0.33653846153846156,1.978723404255319,-0.18450184501845024,-2.02991452991453,-0.3509933774834437,0.08982584784601277,0.1261363636363635,0.1295512277730737,0.13034623217922614,0.04565217391304355,0.07499999999999996,0.16196319018404903,0.02547770700636942,-0.006665079742918301,0.24099099099099108,-0.09009009009009017,0.30620549338758907
2011-03-31,0.044176136363636376,0.1015625,0.04290589956118973,0.034649776453055114,0.045949625595643306,0.12749864937871425,0.2732919254658386,0.2732919254658386,0.2714285714285716,0.2753623188405798,-1.9321428571428572,-0.29864253393665163,-4.029045643153527,-0.4591836734693877,0.04457527333894018,0.03733602421796167,0.05772113943028501,0.05945945945945952,0.037422037422037535,-0.0046511627906975495,-0.10137275607180574,0.01863354037267073,0.0016774502755809717,0.15245009074410154,-0.07920792079207917,0.06464174454828653
2011-06-30,-0.028204779395093693,0.004255319148936065,-0.08578775128564753,-0.03510983075261076,0.051957913005749035,-0.02898897939626255,0.2268292682926829,0.2268292682926829,0.2247191011235956,0.2272727272727273,-0.32950191570881227,-0.32258064516129037,-0.595890410958904,-4.018867924528302,-0.12882447665056362,0.01653696498054469,0.21899362154500346,0.25,0.05210420841683372,-0.02336448598130858,-0.06404230317273796,0.024390243902439046,0.08253588516746424,0.39685039370078745,-0.10752688172043023,0.04079680378144168
2011-09-30,0.10060193178106491,0.23829701372074252,0.05275718060172174,0.15637245754805007,0.1584862858321303,0.016530964717493157,2.624254473161034,2.624254473161034,2.6146788990825685,2.6203703703703702,-1.5085714285714285,-29.476190476190474,-0.4711864406779661,-21.775,3.0720887245841038,-0.08229665071770331,0.8250000000000002,0.8870748299319728,0.1561904761904762,-0.12440191387559796,-0.2799748901443816,0.023809523809523725,0.05259668508287296,1.1476888387824125,-0.12048192771084332,0.07082612456747395
2011-12-31,-0.0041124348157883794,-0.015235457063711877,0.0226683937823835,-0.1610456672583508,-0.033555852247441065,0.15485436893203874,-0.8239166209544706,-0.8239166209544706,-0.8223350253807107,-0.8184143222506394,6.196629213483146,-1.4929765886287625,1.698717948717949,-0.9314079422382672,0.05174761688606444,-0.07612095933263818,-0.050015928639694174,-0.02667627974044684,-0.02635914332784184,-0.20218579234972678,-0.5292066259808195,0.023255813953488413,-0.029603191266008855,-0.06194225721784774,0.041095890410958846,0.17383621124911652
2012-03-31,-0.04206045125585356,-0.08438818565400841,-0.121675110829639,-0.033660319292171614,0.050561797752809,-0.015132408575031508,0.47975077881619943,0.47975077881619943,0.47142857142857153,0.43661971830985924,-1.0273224043715847,-1.3317503392130257,-4.363420427553445,-5.219298245614035,-0.20759602934829524,0.23476297968397297,-0.030516431924882625,0.016296296296296253,0.040609137055837685,0.26712328767123306,0.2314814814814814,0.022727272727272707,0.09671138035482474,-0.008393956351427034,0.013157894736842035,-0.052518387887651174
2012-06-30,-0.026042129588481067,-0.0477997650673172,-0.0682289319513294,-0.08558917197452232,0.014990795125799927,0.033290653008962945,-0.26315789473684215,-0.26315789473684215,-0.2621359223300971,-0.26470588235294124,-3.0285714285714285,-2.3640081799591,-0.6610169491525424,0.11850311850311845,-0.29302832244008714,0.04387568555758681,-0.08855067450709098,-0.05393586005830897,0.019512195121951015,0.00540540540540535,0.022556390977443552,0.022222222222222143,0.04221739988163331,-0.08972911963882613,0.038961038961039085,0.04135645542037403
2012-09-30,0.019939770031027537,0.03283355475422289,0.009769781389050047,0.0074009577710056895,0.0290205562273278,-0.045435770342833526,0.05714285714285716,0.05714285714285716,0.05263157894736836,0.053333333333333455,8.873239436619718,-0.4497751124437781,-0.7208333333333333,-1.1858736059479553,0.07704160246533132,0.15849387040280205,-0.49715370018975336,-0.48228043143297383,0.028708133971292016,0.13440860215053752,0.2176470588235293,0.02717391304347827,0.0088964603445012,-0.5027898326100435,0.04999999999999982,0.025240856183791793
2012-12-31,0.01337628058873519,0.01727306137449469,0.026056135645176726,0.07821953327571296,0.002266241396676083,0.13435742102985726,0.05945945945945952,0.05945945945945952,0.0625,0.07594936708860756,0.0,-0.11989100817438691,2.7686567164179103,-1.635,-0.04542203147353363,0.128495842781557,0.02264150943396226,0.05654761904761907,0.0015503875968991832,0.09478672985782,1.2053140096618362,0.02645502645502651,-0.011069418386491336,0.01995012468827939,0.03571428571428581,-0.05655242792754489
2013-03-31,0.0008387780328447114,-0.0012644508670520693,-0.03706469984128469,-0.04388777555110224,0.034837953270245414,-0.028037383177570097,-0.005102040816326481,-0.005102040816326481,-0.5058823529411764,-0.5058823529411764,-0.48930099857346643,-1.8297213622291022,-0.5524752475247525,-4.149606299212598,0.14986886474334948,0.14601473543201604,-0.07232472324723249,-0.05492957746478855,0.03095975232198156,0.1471861471861471,0.09912376779846643,0.010309278350515427,0.0341491178144564,-0.07334963325183363,0.011494252873563315,0.044618712817739326
2013-06-30,0.0123946892505844,0.017905588714053122,0.007077758386658806,0.027247956403269713,0.016832564538318273,0.07751177394034547,0.07948717948717943,0.07948717948717943,0.0714285714285714,0.0714285714285714,0.9329608938547487,0.09701492537313428,0.7433628318584071,0.48,0.1928967090257412,0.07714786674459373,0.026252983293556076,0.03427719821162434,0.019519519519519468,0.04528301886792452,0.30692575984055814,0.030612244897959107,0.00421940928270037,0.014511873350923299,0.022727272727272707,-0.009103460177754763
2013-09-30,0.023396653886371466,0.03500355366026997,0.05545393280061606,0.09202203631911865,-0.0031038599283724766,-0.023492988526680025,0.09738717339667469,0.09738717339667469,0.11111111111111116,0.11111111111111116,0.199421965317919,-2.064625850340136,0.1091370558375635,-0.8648648648648649,0.021851953018301007,0.1182854042322301,0.04496124031007742,0.04610951008645525,0.01178203240058906,0.09747292418772568,0.06176134197483796,0.02970297029702973,-0.025758129338692037,0.02210663198959706,0.022222222222222143,-0.05220533809378669
2013-12-31,0.018136148835625088,0.03484978540772543,-0.03055732919821219,0.10407324364723469,0.06075363244451548,0.04233494964565465,-0.08225108225108224,-0.08225108225108224,-0.06000000000000005,-0.07999999999999996,0.10361445783132539,0.057507987220447365,0.18764302059496574,-0.17500000000000004,0.017642341619887647,0.18777292576419224,-0.007418397626112738,0.005509641873278293,0.05967976710334799,0.17105263157894735,0.10915619389587072,0.028846153846153966,0.041815113444590324,0.0025445292620864812,0.010869565217391353,-0.0627067254685778
2014-03-31,-0.004306920342881049,-0.006138022561380185,-0.02352277004140002,-0.0920629548146894,0.01106344547301874,-0.01198783324387187,0.10141509433962259,0.10141509433962259,0.08510638297872353,0.10869565217391308,-0.87117903930131,-0.23262839879154074,-1.0520231213872833,-2.6515151515151514,-0.02863146834778041,0.006127450980392135,0.023916292974589082,0.03287671232876721,0.017857142857142794,-0.050561797752809,-0.015539009388151559,0.03738317757009346,0.015478761699064147,0.025380710659898442,0.0,0.09464294466500034
2014-06-30,0.02078783806484119,0.02979469203805718,0.0348814800539603,0.025163094128611396,0.009900253089176747,0.07823252444766382,0.2269807280513918,0.2269807280513918,0.23529411764705888,0.23529411764705888,5.610169491525424,-0.003937007874015741,-11.666666666666666,-3.1926605504587156,0.06462952947539202,-0.03248071457572066,0.06496350364963499,0.07029177718832891,0.0161943319838056,-0.047337278106508784,-0.18382111147648794,0.03153153153153143,-0.010634526763559027,0.06311881188118829,0.010752688172043001,0.004522253067072546
2014-09-30,0.023079771259308046,0.049355701434476096,0.03500931098696469,0.06781818181818178,0.013636028598805972,-0.02317769566677863,-0.1169284467713787,-0.1169284467713787,-0.11111111111111105,-0.11111111111111105,-0.05128205128205132,0.37154150197628466,0.12847222222222232,-0.7154811715481171,0.017272034544069115,0.02014267729752417,-0.0006854009595612665,0.0074349442379182396,0.019920318725099584,0.0031055900621117516,-0.0672844480257857,0.03493449781659397,-0.00931565747044083,0.002328288707799775,0.0,-0.01729440606195687
2014-12-31,0.011460511500723802,0.018690145196169183,0.02015113350125941,0.030478460752596526,0.0044357184409540285,0.07771664374140297,0.05138339920948609,0.05138339920948609,0.0714285714285714,0.03571428571428559,0.35270270270270276,2.4755043227665707,0.8646153846153846,-12.926470588235293,-0.20249687890137325,0.04648292883587013,0.044581618655692656,0.04182041820418214,0.006510416666666741,0.024767801857585203,0.017710583153347725,0.029535864978902815,-0.006871609403254819,0.024390243902439046,0.02127659574468077,-0.011475484192860708
2015-03-31,0.019878344531467418,0.04344200151630018,0.023104056437389664,-0.01553205551883674,0.017230145515094497,-0.013241863433312018,0.09774436090225569,0.09774436090225569,0.08333333333333348,0.12068965517241392,-1.033966033966034,-0.31343283582089554,-1.83993399339934,-0.5647348951911221,-0.11051972448340641,0.1741352201257862,0.044648719632304656,0.03659976387249131,0.019404915912031084,0.16616314199395754,0.11205432937181659,0.040983606557376984,-0.0027312454479243575,0.027210884353741527,0.01041666666666674,0.059924749931173915
2015-06-30,0.009550539897867694,0.01722008283077825,-0.005947250474056198,-0.02802954011413228,0.022347163902925127,0.05658852061438968,0.21746575342465757,0.21746575342465757,0.23076923076923084,0.2153846153846155,-19.11764705882353,-0.6400966183574879,-2.332023575638507,0.019830028328611915,-0.12671594508975714,0.15433545363240686,0.047768698931489606,0.046697038724373474,0.025380710659898442,0.13471502590673579,0.08778625954198471,0.03543307086614167,0.012780719371918936,0.03863134657836653,0.010309278350515427,0.04653679653679643
2015-09-30,0.004015754112286718,0.009857142857142787,0.021243388537240948,0.07770678639267836,-0.009815523842673146,-0.04345830145371077,0.035161744022503605,0.035161744022503605,0.03749999999999987,0.03797468354430378,1.810064935064935,0.6409395973154361,0.31858407079646023,-1.9666666666666668,0.14026602176541725,-0.07540603248259858,0.08938212357528519,0.08596300326441786,0.0,-0.09817351598173507,-0.13298245614035087,0.03802281368821303,-0.013881377321074306,0.07863974495217851,0.0,-0.06295760082730095
2015-12-31,0.017806322590570023,0.029353515348705672,0.02241467142129383,0.046627143086043876,0.013990438695163032,0.022876339785634192,0.0842391304347827,0.0842391304347827,0.09638554216867479,0.09756097560975618,-0.34662045060658575,-0.49693251533742333,-0.46532438478747207,0.16954022988505746,0.1438670908448214,0.14021329987452957,0.09196035242290734,0.09018036072144286,0.016089108910891214,0.13924050632911378,0.036017806556050136,0.03296703296703285,-0.003656307129798919,0.09852216748768461,0.0,-0.016465810267955572
2016-03-31,0.0015492159455885446,-0.02020202020202022,-0.026656701544593875,-0.07838334353949783,0.025098800526936138,-0.003909915545824205,-0.07894736842105265,-0.07894736842105265,-0.07692307692307698,-0.07777777777777783,-0.7656940760389036,0.23983739837398366,-0.7050209205020921,-1.4447174447174447,-0.055933250927070466,-0.05281980742778547,0.039838628340897575,0.04503676470588247,0.028014616321558883,-0.06888888888888878,-0.1488281250000001,0.042553191489361764,0.02348623853210996,0.045739910313901344,-0.010204081632653073,0.06310592459605013
2016-06-30,0.008149098317362213,0.016200294550809957,0.01655148878082069,0.022591362126245906,0.0014879945891106416,0.04726016643115094,0.18503401360544225,0.18503401360544225,0.19047619047619047,0.1807228915662651,3.8528301886792455,1.3967213114754098,4.219858156028369,0.0,-0.05924713584288055,0.18617484751670066,0.04607177497575177,0.04485488126649084,0.005924170616113722,0.15513126491646756,0.1225332721431851,0.04081632653061229,-0.006633201864467364,0.048885077186964,0.0,-0.006248416786287181
2016-09-30,0.056956814609684825,0.04044168391994485,0.09005455308434751,0.10802469135802473,0.030323495643952203,0.025337331334332802,-0.04477611940298509,-0.04477611940298509,-0.52,-0.5204081632653061,-0.15629860031104204,0.9548563611491108,-1.221467391304348,0.0,-0.06297842727905356,0.13344760039177261,0.01251738525730195,0.0092592592592593,0.03297997644287398,0.12603305785123964,0.07236304170073593,0.03921568627450989,-0.025085724598447934,0.007358953393295176,0.0,-0.061007732177755236
2016-12-31,0.023580229429259303,0.036083841867869504,0.059208500153988375,0.12241606802521621,-0.006751442055584644,0.02076326948384266,-0.006009615384615419,-0.006009615384615419,-0.02083333333333337,0.02127659574468077,0.6866359447004609,-0.6242127361791463,-5.184049079754601,-4.375690607734807,0.22688451541032295,0.027867790019442618,-0.0032051282051281937,-0.01334445371142623,-0.0022805017103761926,-0.003669724770642313,-0.006099885627144475,0.037735849056603765,-0.029803776379118796,-0.012987012987012991,0.0,-0.07691611618858019
2017-03-31,0.017018332756831622,0.027848911651728647,-0.001381115068692318,-0.05890804597701149,0.033722695175872675,0.060020054433462144,0.060459492140265914,0.060459492140265914,0.08510638297872353,0.04166666666666674,-1.0628415300546448,-0.6666666666666667,-0.8885630498533724,-1.6055646481178396,-0.11198547215496368,0.04035308953341743,0.02847955902618282,0.01690617075232459,0.034285714285714475,0.0423572744014733,0.023398542385884236,0.042424242424242475,0.016599885518030932,0.004934210526315708,0.010309278350515427,0.09219684344672086
2017-06-30,0.01489694578600087,0.021675490501401384,-0.002547677973504192,-0.02040249826509366,0.030196629213483206,-0.0024324324324324076,0.05359179019384275,0.05359179019384275,0.03921568627450989,0.06000000000000005,-8.365217391304348,0.022346368715083775,6.0,-1.3567567567567567,0.04498977505112478,0.08141414141414138,-0.006252791424743109,-0.011637572734829571,0.03314917127071815,0.044169611307420586,0.03410794602698641,0.04069767441860472,0.015015015015014788,-0.009819967266775809,0.0,0.04294753848225108
2017-09-30,0.040415549597855316,0.035237456562823954,0.04991607677150989,0.03669594786058372,0.03234802007808146,0.01584936331617448,0.01406926406926412,0.01406926406926412,0.018867924528301883,0.018867924528301883,-0.09090909090909094,3.114754098360656,-1.255639097744361,0.15909090909090917,0.04990215264187858,0.05492247337941336,0.007640449438202301,0.005887300252312766,0.036363636363636376,0.021996615905245376,0.03370786516853941,0.03910614525139677,-0.0077662721893491105,0.006611570247933907,0.0,-0.0013769363166952209
2017-12-31,0.029858919023384667,0.04045698133207698,0.07631889900604705,0.07762744294109614,-0.010264721772015095,0.024936658221096142,-0.7577374599786553,-0.7577374599786553,-0.7407407407407407,-0.7592592592592593,1.2883116883116883,-0.38114209827357237,-8.713235294117647,0.6143790849673203,0.07673190431811117,0.07933415973083058,-0.18554861730597683,-0.18896321070234112,-0.008255933952528438,0.041390728476821126,0.04242636746143069,0.037634408602150504,-0.03894893775624286,-0.1880131362889984,0.0,-0.03451396070320589
2018-03-31,-0.028273856066055703,-0.05529771338012224,-0.09686793671294802,-0.027393785668991755,0.036147501213003475,0.025240697371844867,3.352422907488987,3.352422907488987,3.1428571428571423,3.384615384615384,-0.7548240635641317,-1.7489270386266096,0.7426120114394661,-5.238866396761134,-0.3020773225620311,0.04265791632485638,0.01533406352683464,0.023711340206185483,0.03850156087408951,0.050874403815580393,0.25731584258324935,0.04663212435233155,0.06631762652705064,0.021233569261880803,0.0,-0.028696389521131738
2018-06-30,-0.006952267533554379,-0.009466179378108008,-0.03110475509474442,0.0023471117485982518,0.012819011940997438,0.05748730964466997,0.1589068825910931,0.1589068825910931,0.15517241379310365,0.1578947368421053,2.009259259259259,-1.0229226361031518,-0.3922319474835886,-1.1728748806112703,0.0748243075651096,-0.024547600314712703,0.05339805825242716,0.06344410876132933,0.01603206412825653,-0.06051437216338884,-0.06313536650615303,0.044554455445544594,0.019821785779232437,0.03960396039603942,0.030612244897959107,-0.011762543650064461
2018-09-30,-0.019479467150682273,-0.033024859372164816,-0.06346863468634689,-0.03876674905684918,0.014968502571808262,-0.09504380175207006,-0.08646288209606989,-0.08646288209606989,-0.08955223880597019,-0.0757575757575758,-0.10769230769230764,23.625,0.10981098109810983,-2.4917127071823204,-0.10384615384615381,-0.0751734150669463,0.019457245263696965,0.03882575757575757,0.018737672583826415,-0.09017713365539448,-0.13849229011993147,0.042654028436019065,0.035128388017118484,0.03142857142857136,0.0,0.005951273944578839
2018-12-31,0.015304773238133063,0.024895227372240036,0.06737588652482263,0.06279604817972673,-0.0223209201685457,0.07744330990584802,0.20745697896749515,0.20745697896749515,0.21311475409836067,0.21311475409836067,0.37672413793103443,0.3756345177664975,-0.14111922141119226,-1.988888888888889,0.11459227467811162,-0.1709401709401709,0.2913108990457056,0.3181403828623519,-0.009680542110358181,-0.18584070796460184,-0.20019887305270145,0.050000000000000044,-0.0370370370370372,0.2862419205909512,0.02970297029702973,-0.035635052689961255
2019-03-31,0.023441315318248446,0.011962160512664077,0.02938353636028057,-0.06125047752451296,0.018753640069889332,-0.07913846153846149,-0.2929532858273951,-0.2929532858273951,-0.28378378378378377,-0.28378378378378377,-0.8647463994990607,-3.870848708487085,-0.7988668555240793,1.9250936329588013,0.30073161340007704,0.005259835893120179,-0.027226760015558127,-0.024204702627939167,0.022482893450635366,0.01521739130434785,-0.23249067550766678,0.04761904761904767,-0.0046511627906975495,-0.00861450107681272,-0.019230769230769273,0.07797747423915657
