Quarter end,Assets,Current Assets,Liabilities,Current Liabilities,Shareholders equity,Revenue,Earnings,Earnings available for common stockholders,EPS basic,EPS diluted,Cash from operating activities,Cash from investing activities,Cash from financing activities,Cash change during period,Cash at end of period,Price,ROE,ROA,Book value of equity per share,P/B ratio,P/E ratio,Cumulative dividends per share,Equity to assets ratio,Net margin,Asset turnover,Current ratio
1993-12-31,0.013139798278216208,0.07564194489603215,0.012381108560183707,-0.10514454399009654,0.014157002242624728,-0.09423897312329033,-0.3152619856992146,-0.3152619856992146,-0.31034482758620685,-0.8333333333333333,0.10271578381285296,0.4672774085384108,2.397433866624426,0.3872646184340931,0.907017248160009,0.0122699386503069,-0.3203463203463204,-0.35593220338983045,0.013586956521739024,0.11146496815286633,0.5544264553909748,inf,0.000936329588014928,-0.272300469483568,-0.08695652173913049,0.20200393630345315
1994-03-31,0.013139798278216208,0.07564194489603215,0.012381108560183707,-0.10514454399009654,0.014157002242624728,-0.09423897312329033,-0.3152619856992146,-0.3152619856992146,-0.31034482758620685,-0.8333333333333333,0.10271578381285296,0.4672774085384108,2.397433866624426,0.3872646184340931,0.907017248160009,0.0122699386503069,-0.3203463203463204,-0.35593220338983045,0.013586956521739024,0.11146496815286633,0.5544264553909748,inf,0.000936329588014928,-0.272300469483568,-0.08695652173913049,0.20200393630345315
1994-06-30,0.028698157722025996,0.07306159085509112,0.04215812066003677,0.03455798238846475,0.010683477863989044,-0.09423897312329033,-0.3152619856992146,-0.3152619856992146,-0.31034482758620685,-0.8333333333333333,0.10271578381285296,0.4672774085384108,2.397433866624426,0.3872646184340931,0.6598120378281236,0.1255411255411254,-0.3203463203463204,-0.35593220338983045,0.01072386058981234,0.11146496815286633,0.5544264553909748,1.0,-0.0173058933582787,-0.272300469483568,-0.08695652173913049,0.03721345638582907
1994-09-30,0.03274438875654706,-0.017184751454614844,0.04969016250618652,0.13153157786463687,0.009358033695243462,-0.06843963324856106,-0.11794915689463326,-0.11794915689463326,-0.10000000000000009,-0.8333333333333333,-0.17581077785905874,0.15944705162211803,0.13017530772099972,-1.0204054295409895,-0.008111610074726161,-0.03230769230769226,-0.3203463203463204,-0.35593220338983045,0.007957559681697646,-0.04297994269340988,0.5544264553909748,0.5,-0.022846263683960033,-0.272300469483568,-0.08695652173913049,-0.13138633754305395
1994-12-31,-0.016125231890920855,-0.13245343947131272,-0.031683574184608765,-0.029225280094539063,0.006204337107908797,0.07415024022271122,-0.8011644832605531,-0.8011644832605531,-0.8333333333333334,-0.8333333333333333,-0.5813298037994394,-0.5699478218022156,-1.569513201320132,106.99124726477024,-0.8831466303997709,-0.13751987281399047,-0.3203463203463204,-0.35593220338983045,0.0052631578947368585,-0.14371257485029942,0.5544264553909748,0.3333333333333335,0.022893326838772543,-0.272300469483568,-0.08695652173913049,-0.1064023130937628
1995-03-31,0.00808692027126634,-0.13247780013994392,0.01297945596868244,-0.026336119109488076,0.0013294812466444483,-0.14032872955890718,0.9912152269399708,0.9912152269399708,1.3333333333333335,-0.8333333333333333,1.7054710454866666,0.6726547314578004,-1.565664614270192,-1.133915545469282,1.0120980091883616,-0.06359447004608287,-0.3203463203463204,-0.35593220338983045,0.0,-0.0699300699300699,0.5544264553909748,0.25,-0.006904761904761858,-0.272300469483568,-0.08695652173913049,-0.10899510030507542
1995-06-30,-0.0012331992234966282,0.015649165987593694,-0.006671544990620726,-0.21939315252933256,0.006365488263145425,0.10758847384441839,1.2188725490196077,1.2188725490196077,1.1428571428571428,-0.8333333333333333,-0.599763547881554,-0.5447272816234664,-0.5792675118453067,-1.2321077318807687,-0.11675165537712151,0.06594488188976366,-0.0987261146496815,-0.35593220338983045,0.007853403141361293,0.06766917293233066,0.5544264553909748,0.09999999999999987,0.0076720210980578685,-0.08225806451612905,0.0,0.30109981323926127
1995-09-30,-0.0022881533929813846,-0.09779440660204353,-0.0034265640297160838,-0.057925483311259685,-0.0007181237445244015,-0.12825533409430157,-0.8777200927869214,-0.8777200927869214,-0.8666666666666667,-0.8333333333333333,0.4888026379061621,0.26352131975603865,-1.0243494140922234,1.5045632333767927,-0.3310641964670401,0.05632502308402576,-0.3639575971731449,-0.35593220338983045,-0.0025974025974027093,0.045774647887323994,0.179168975069252,0.18181818181818188,0.0016654770402093622,-0.34270650263620384,-0.04761904761904756,-0.04226475279106867
1995-12-31,0.05354568631478562,0.48093902848483205,0.08941384391643958,1.075796379646683,0.004212487774291951,0.1886627116424766,5.138211382113822,5.138211382113822,5.0,-0.8333333333333333,1.3784750259545508,1.1768345843876924,-54.7625,-3.4276418532014574,1.2014685044441582,0.036713286713286664,0.288888888888889,0.26315789473684204,0.0026041666666667407,0.04040404040404022,0.651005450103364,0.15384615384615374,-0.04679334916864619,0.29679144385026723,0.0,-0.28659450457951696
1996-03-31,0.012364542949484525,0.06713930317773498,0.007191939016600646,-0.256860552414253,0.020082577218273334,0.14992289050451646,2.0192788815305374,2.0192788815305374,1.9166666666666665,-0.8333333333333333,-0.8263834327561957,-0.34591188824851027,4.273192280864915,-1.3966977591937386,-0.21650087770626092,0.0994940978077572,0.771551724137931,0.7604166666666667,0.018181818181818077,0.09708737864077688,-0.17535571997723398,0.13333333333333353,0.007475703962123159,0.6556701030927834,0.04999999999999982,0.43604108309990663
1996-06-30,0.015852184544490333,-0.06904768740489797,0.013279789922574281,0.0866631813942973,0.019641946931073795,-0.0045612975012342405,-0.14076818093195553,-0.14076818093195553,-0.1428571428571428,-0.8333333333333333,3.9296050058662493,0.2160277184545767,-1.0669312169312168,-2.02027027027027,0.28192681105302464,0.07745398773006151,0.21411192214111918,0.2071005917159765,0.017857142857143016,0.05604719764011801,-0.39395403409483054,0.11764705882352944,0.003710116250309259,0.17434620174346205,0.04761904761904767,-0.14328673602080622
1996-09-30,0.015049368207046276,0.09185838524640721,0.007086705118857672,0.10075740337418337,0.02670710956573208,-0.0483906786687196,0.4153051962786476,0.4153051962786476,0.3999999999999999,-0.8333333333333333,0.23145010483368278,-0.1853998820986441,4.296113306982872,5.953642384105961,1.5292746868628022,-0.006405693950177871,0.49098196392785565,0.48039215686274495,0.022556390977443552,-0.022346368715083775,-0.1950802869832593,0.10526315789473673,0.011582060128142002,0.4326617179215271,0.0,-0.008158618726875955
1996-12-31,0.09189887206972869,0.5241409308394955,0.125342003760339,0.6847672653606043,0.043872110019969934,0.31995861564670824,0.508156639544671,0.508156639544671,0.5,-0.8333333333333333,-0.08197354979430682,1.5079152092630563,-3.3497108029106286,-2.0976761904761902,-0.6636876655533801,0.11389684813753576,0.4032258064516132,0.39403973509933765,0.04166666666666674,0.08857142857142852,-0.2604697226938314,0.09523809523809534,-0.04409257003654066,0.31014063656550706,0.09090909090909083,-0.09526542324246778
1997-03-31,-0.0014291629741141065,-0.21063497005277831,-0.02466002101977771,-0.28986198217021386,0.03453573682549704,0.004856142666870955,-0.0848592765833045,-0.0848592765833045,-0.07936507936507942,-0.8333333333333333,-0.05319298245614035,-0.8200306591722024,-1.9988618617823772,-1.9290275560491428,1.8333675775631808,0.019935691318327953,0.10344827586206895,0.10451306413301675,0.03529411764705892,-0.02099737532808399,-0.28601492251769667,0.08695652173913038,0.03618756371049936,0.07288135593220346,0.0,0.11153398879374143
1997-06-30,0.04550723413259594,-0.09270015072050031,0.06924802528677843,0.03560268353005647,0.01085595108959847,-0.1854773439057863,-0.5999883835743742,-0.5999883835743742,-0.603448275862069,-0.8333333333333333,-0.2518211850408708,5.299395397000367,-3.4563039906725317,-1.9424334117822855,-0.609813874788494,-0.08133669609079441,-0.06076388888888884,-0.0688172043010753,0.009090909090909038,-0.11260053619302945,-0.19078242229367637,0.08000000000000007,-0.03320216428922773,-0.040021063717746275,0.0,-0.12392999809777427
1997-09-30,0.0633773710866159,0.17048759535071478,0.09466917490700988,0.19641435592355827,0.015066605940078803,0.13999035145196248,0.2408886307535938,0.2408886307535938,0.26086956521739113,-0.8333333333333333,0.17385828108857782,-0.009258424583079239,0.09593725727107971,-0.9086729031235136,-0.14273324247305164,0.17707618393960178,-0.09426987060998149,-0.1131639722863742,0.013513513513513375,0.16616314199395754,0.22119205298013256,0.03703703703703698,-0.04553548715339617,-0.11409764125068556,0.0,-0.02160460319183588
1997-12-31,0.04312941788340385,-0.031762594063083016,0.046542120630329586,0.005358885989202644,0.03744743229949021,0.29792260126450354,1.4583430844839693,1.4583430844839693,1.4137931034482758,-0.8333333333333333,0.37325488872278356,-0.01435460476667072,-0.3570169998720334,1.1401909722222223,-0.3563376210435034,-0.027405247813411027,0.01836734693877551,0.0026041666666667407,0.03555555555555556,-0.03886010362694303,0.04582429501084584,0.0714285714285714,-0.005330490405117239,-0.013003095975232304,0.0,-0.03695073235685753
1998-03-31,0.06595432193860251,-0.09297515000410972,0.10204751863985684,0.1839456267586097,0.005334085495800389,-0.28761843584390556,-0.833047741444143,-0.833047741444143,-0.8285714285714285,-0.8333333333333333,0.1616947307428933,0.42960082972680924,0.9893141457440293,-0.7961873859257758,-0.11283260357022562,-0.08453237410071945,-0.26853707414829664,-0.2935064935064935,0.0042918454935620964,-0.11590296495956875,-0.12030075187969924,0.06666666666666665,-0.056806002143622525,-0.2277289836888331,-0.08333333333333326,-0.2338979145062795
1998-06-30,0.05346740940194006,0.08917450776054325,-0.013259193824760707,-0.24975815494819997,0.17631912015013307,-0.06053774899581932,-0.3811831789023521,-0.6146828225231646,-0.8333333333333333,-0.8333333333333333,-1.1899579819231583,-0.2432854359196417,0.8941835588185498,-22.66865671641791,2.7558845861807137,0.11656843483955481,-0.1863013698630136,-0.1654411764705881,0.17521367521367526,0.10975609756097571,0.5001473622163277,0.09375,0.11647727272727249,-0.13647441104792846,-0.045454545454545525,0.45179726274627763
1998-09-30,0.040659055827862556,-0.05166723674114615,0.06840317578293909,0.1775211818088529,-0.0021889956591103488,0.019378153949071386,-0.8931121861322275,-1.8383277839437662,-2.0,-2.0,-2.600811584977721,-0.07513766119033638,-0.4547035354725475,-1.4499242319878771,-0.3301324168604064,0.05454545454545445,-0.3164983164983166,-0.27312775330396477,-0.0036363636363635488,-0.10164835164835162,0.22868369351669937,0.05714285714285716,-0.041221374045801396,-0.26058325493885226,-0.09523809523809523,-0.19465451155081326
1998-12-31,0.03888375593685245,0.12068158777197224,0.0891732634852953,0.09399474838871025,-0.04427814109208794,-0.0288320933583468,-117.39655172413794,22.834068843777583,22.499999999999996,22.499999999999996,1.2917640041751577,0.305445802487897,0.08364129462955239,-0.7067768932435191,-0.14450983350938085,-0.07341490545050056,-1.9137931034482758,-1.7454545454545456,-0.04562043795620441,-0.07033639143730885,0.299488327470419,0.08108108108108114,-0.07988322717622087,0.0,-0.1578947368421053,0.024440442500643256
1999-03-31,0.006837618600656681,-0.11223948366445147,0.02096620482369338,-0.29769400746728736,-0.019788702423903626,0.0015791522523118662,-0.6231113909050511,-0.5725633239520072,-0.5957446808510638,-0.5957446808510638,-1.0564435672768284,-0.5515089531079154,-0.23266319220032727,-0.48555516881308736,-0.08690028222013169,-0.0030012004801921455,0.6091644204851752,0.6016260162601625,-0.024856596558317512,0.046052631578947345,0.0,0.04999999999999982,-0.026535910008652963,0.0,0.0,0.2639377197388246
1999-06-30,0.008960228069585519,0.1460114343943053,-0.09304798666940672,0.09780346592758438,0.20919489393965174,0.18446950808131168,-1.5252763448784084,-1.3448992852501624,-1.3157894736842106,-1.3157894736842106,-11.06954851104707,-0.5671604434721347,-1.0393179394819136,-1.9005412719891746,0.08570508692852541,0.1468994581577363,-0.09882747068676723,-0.11167512690355319,0.1490196078431374,0.17610062893081757,0.0,0.0714285714285714,0.19851851851851854,0.0,0.0,0.043910192727995234
1999-09-30,0.038793899971983015,0.11138612803248904,0.05830108539617762,0.04486851207963838,0.010073747765092289,0.11401754592338986,1.011971567527123,1.3589550364230094,1.5,1.5,0.5035869648172175,2.6557728139121495,-21.4728805834093,-2.546205860255447,-0.12205681750785835,-0.11811023622047245,-0.3178438661710037,-0.34857142857142864,0.008532423208191142,-0.23262032085561501,0.0,0.04444444444444429,-0.027688504326328855,0.0,0.0625,0.06366577845451071
1999-12-31,0.06901388942868114,0.36910774248887424,0.10226316128893576,0.6645786219764913,0.017724158376049237,0.24092588990468777,0.4285050204537002,0.4907890533489512,0.4666666666666668,0.4666666666666668,1.4324416922569347,0.23653331302468095,-0.4506595424945734,-15.560738581146744,2.024319394717287,-0.06785714285714284,-1.5967302452316074,-1.973684210526316,0.013536379018612488,-0.0766550522648084,0.0,0.06382978723404253,-0.048054919908466776,-0.4249363867684479,0.0588235294117645,-0.1775073812293101
2000-03-31,0.02964061504556814,-0.09331857437447677,0.027070269275129233,-0.23247092370038047,0.03393494135755404,0.10643300520408805,0.36020175724048165,0.3953214285714286,0.40909090909090917,0.36363636363636354,-0.9382182783750932,-0.12893521260215568,1.7683282674772038,-2.181338850697457,-0.790725725390337,0.0715197956577267,1.7990867579908678,1.378378378378378,0.03338898163606019,0.05660377358490565,0.7205610926541162,0.040000000000000036,0.004273504273504258,1.5575221238938055,0.11111111111111116,0.1813336234091154
2000-06-30,0.08259102653393802,0.392748027738701,0.10196026753637755,0.4331903151447849,0.050445315193407,0.23999902854066568,0.858130577286538,0.9180936292200979,0.8709677419354838,0.8666666666666669,14.096850460187452,0.4498912215816382,-0.39205955334987597,-0.8663841807909605,-0.5048564414558652,0.3075089392133492,0.66721044045677,0.5568181818181817,0.04846526655896599,0.26428571428571446,-0.5701208610455554,0.05769230769230771,-0.029787234042553123,0.4541522491349481,0.1499999999999999,-0.028176795580110436
2000-09-30,2.3035035314626993,1.4555259902642188,2.049252247393334,1.749040841148267,2.74615925076815,0.6442353832142402,2.1982283565947367,2.2787104005978276,0.8448275862068968,0.8392857142857142,2.653770862230972,1.0214159511135619,-0.8780567094094275,-27.3276955602537,26.85082992024143,0.28167730173199623,0.37573385518590996,0.3868613138686132,0.9337442218798151,0.2231638418079096,-0.239394443520213,0.036363636363636154,0.13404605263157898,0.8013087447947651,-0.21739130434782616,-0.10678415766534011
2000-12-31,0.09928702059423777,0.7160460270000906,0.10804701627486435,0.43149982917663143,0.08687295790889871,0.05996823506055193,0.7235628019323672,0.7757142857142858,0.6261682242990654,0.5533980582524272,0.059447544258455665,0.3188881032841371,7.708530805687204,-0.44109853047458447,0.5402476780185759,0.18527738264580362,0.3904694167852063,0.380701754385965,0.07968127490039834,-0.3856812933025404,-0.3090551181102362,0.05263157894736836,-0.011360889533478469,0.6522457067371201,-0.11111111111111105,0.1987907075421662
2001-03-31,0.1274864376130198,0.208025343189018,0.14861281109751112,0.4242243436754176,0.0969643383436487,1.0865096103059342,0.5322341421941312,0.5035767248156628,0.5057471264367817,0.5625,0.6052593555844532,0.9375263824398481,6.482993197278912,4.660919540229885,1.979899497487437,-0.042604260426042595,0.3058823529411765,0.303684879288437,0.0959409594095939,-0.11654135338345861,-0.4210193099081988,0.03333333333333344,-0.02689486552567244,0.14891065360783529,0.125,-0.1518449694717282
2001-06-30,0.0027265437048917818,-0.24082167832167833,-0.028949471627741752,-0.07792207792207795,0.05064481461579806,-0.2594254937163375,-0.3887195121951219,-0.3887195121951219,-0.3893129770992366,-0.4,-0.15481548154815483,-0.3064633260711692,-1.4212121212121211,-1.7461928934010151,-0.49409780775716694,-0.04105296145408954,-0.03721112416764605,-0.022417153996101336,0.04983164983164978,-0.12340425531914889,-0.4117003827227993,0.048387096774193505,0.047738693467336946,0.01635351426583176,-0.05555555555555547,-0.1766301512780386
2001-09-30,-0.13275751759436982,-0.18480138169257343,-0.08989483310470969,-0.33484779645615625,-0.19268635724331928,-0.38303030303030305,-4.374064837905237,-4.374064837905237,-4.38125,-4.606666666666667,-0.3588924387646433,-0.20314136125654447,-0.7805755395683454,-0.2108843537414966,-0.7733333333333333,-0.1519607843137255,-0.919446704637917,-0.9252243270189432,-0.18601667735728034,-0.19417475728155342,-0.2723048327137546,0.030769230769230882,-0.06906474820143893,-0.9195480999657651,0.0,0.22554485554992398
2001-12-31,0.03104635435878511,-0.1518361581920904,0.04561897106109325,0.23019125683060104,0.008077288565093488,-0.1257367387033399,-1.0798226164079823,-1.0798226164079823,-1.0813308687615526,-1.088724584103512,0.11129568106312293,0.3469119579500657,-5.901639344262295,-0.8663793103448276,-0.4558823529411765,0.03969171483622347,-2.3585858585858586,-2.4266666666666667,0.011032308904649346,0.2831325301204819,35.27075351213282,0.05970149253731338,-0.022411128284389403,0.0,-0.05882352941176472,-0.3104838709677419
2002-03-31,0.019974956770616004,-0.14238134887593668,0.031328079953872656,-0.1576901721265963,0.001413982717989093,-0.20674157303370788,-0.18518518518518523,-0.18518518518518523,-0.20454545454545459,-0.29166666666666663,-0.375186846038864,-0.2195121951219512,0.24749163879598668,-0.6451612903225806,-0.29729729729729726,-0.025574499629355096,3.1821561338289968,3.102803738317758,0.0,-0.03755868544600938,0.0,0.05633802816901423,-0.018181818181818188,0.0,-0.25,0.018143649722597077
2002-06-30,0.023675903191862524,0.044660194174757306,0.008292955646664213,0.014502307185233931,0.04957640414182607,0.3597733711048159,1.7159090909090908,1.7159090909090908,1.7428571428571429,1.7352941176470589,0.299043062200957,-0.35250000000000004,-1.0214477211796247,-2.7272727272727275,0.7307692307692308,-0.003042982122479998,0.26755555555555555,0.2369020501138952,0.049103663289166155,-0.004878048780487698,0.0,0.040000000000000036,0.025228126677402152,0.0,-0.08333333333333326,0.029749631811487376
2002-09-30,0.0039403803323625475,-0.02323420074349447,-0.002125496719342035,-0.16959064327485385,0.013751868460388561,0.98125,-0.20920502092050208,-0.20920502092050208,-0.20833333333333326,-0.20430107526881724,0.0018416206261511192,-0.11776061776061775,11.5,-1.736842105263158,-0.3111111111111111,-0.16825639069057607,-1.6676016830294529,-1.6666666666666667,0.013372956909361022,-0.2058823529411764,0.0,0.0512820512820511,0.009947643979057563,4.955319148936169,0.18181818181818188,0.17620137299771166
2002-12-31,0.037997724687144574,0.21788772597526163,0.04426745693646961,0.4561815336463224,0.028015334709525108,1.1829652996845428,0.6349206349206349,0.6349206349206349,0.644736842105263,0.6351351351351351,0.27022058823529416,0.4048140043763677,-0.55,-1.2142857142857142,0.09677419354838701,0.05596330275229344,0.29306722689075615,0.2928176795580111,0.02639296187683282,0.043209876543209846,-0.9348943661971831,0.060975609756097615,-0.009590461378952808,-0.23651304037156118,0.6923076923076923,-0.16366731517509736
2003-03-31,0.06329460762823325,0.25312500000000004,0.059950336998935816,0.12788823213326173,0.0687033849684453,-0.3945086705202312,0.3527508090614886,0.3527508090614886,0.34399999999999986,0.3471074380165289,0.02026049204052094,-0.09034267912772587,0.6444444444444444,15.0,1.4117647058823528,-0.010860121633362252,0.34524776604386664,0.3568376068376069,0.0664285714285715,-0.03550295857988173,-0.2352623039480799,0.05747126436781613,0.004972520282648496,0.1343004211511465,0.18181818181818188,0.11107880197731901
2003-06-30,0.04071535329588216,-0.0685785536159601,0.036311914323962524,0.0719390185802764,0.04777882163467995,0.015910898965791676,-0.27990430622009566,-0.27990430622009566,-0.27976190476190477,-0.2638036809815951,0.007092198581560183,0.5393835616438356,-4.148648648648649,-0.04166666666666663,0.5609756097560976,0.033816425120772875,0.013285024154589431,0.015748031496062964,0.04755525787006043,-0.030674846625766805,-0.2616690240452617,0.05434782608695654,0.0067708333333333925,-0.09735973597359737,0.1153846153846152,-0.13111750850562676
2003-09-30,0.008369236864259832,-0.045515394912985285,-0.01630873566930402,-0.18000000000000005,0.04752145510439343,0.04933437744714175,-0.0897009966777409,-0.0897009966777409,-0.09917355371900816,-0.09166666666666656,0.24507042253521116,-0.30255839822024466,-2.0472103004291844,-0.6521739130434783,0.125,-0.09175870858113855,0.020858164481525554,0.032558139534883734,0.0421994884910486,-0.13291139240506322,-0.14272030651340994,0.05154639175257736,0.03879979306777037,0.0,0.034482758620689724,0.16400602409638543
2003-12-31,0.009036440428248804,-0.07152875175315565,-0.019451739986868,-0.07046070460704612,0.05147957935925662,-0.06865671641791049,0.07299270072992692,0.07299270072992692,0.08256880733944949,0.06422018348623837,-0.1583710407239819,-0.16427432216905902,0.25409836065573765,-6.125,-0.5694444444444444,0.08325537885874645,-0.06187974314068889,-0.04054054054054068,0.047852760736196265,0.03649635036496335,0.00893854748603351,0.06862745098039214,0.042081673306772815,0.14853747714808052,-0.16666666666666663,-0.0011644455945142296
2004-03-31,0.02112333300885827,0.0679758308157099,0.009625847493094586,0.00932944606413999,0.037097336899639455,0.16987179487179493,0.33333333333333326,0.33333333333333326,0.3220338983050848,0.3362068965517242,0.189516129032258,0.3854961832061068,-0.7450980392156863,-1.975609756097561,1.2903225806451615,0.09715025906735741,-0.06285003111387677,-0.03755868544600938,0.03629976580796268,0.04929577464788748,0.10741971207087486,0.06422018348623837,0.01577060931899643,-0.05769996020692403,0.040000000000000036,0.05816062176165793
2004-06-30,0.029694947569113506,0.21357850070721351,0.03233294644337592,0.1808203350664357,0.02612693429019952,-0.011643835616438336,0.03316326530612246,0.03316326530612246,0.025641025641025772,0.02580645161290329,-0.005649717514124242,0.02754820936639124,-1.3974358974358974,1.0875,1.176056338028169,0.08618654073199528,0.040504648074369154,0.06341463414634152,0.03333333333333344,0.046979865771812124,0.10399999999999987,0.06034482758620685,-0.003528581510232942,0.04983108108108092,0.0,0.027665564940629217
2004-09-30,-0.0029625514974771505,-0.026806526806526842,-0.02875040154192099,0.3669275929549902,0.03212763632389892,0.08246708246708256,-0.014814814814814836,-0.014814814814814836,-0.006249999999999978,-0.0062893081761006275,0.1272727272727272,-0.5442359249329758,-27.258064516129032,-1.9281437125748502,-0.5016181229773462,0.10833333333333317,0.05296745373324829,0.07645259938837934,0.04373974849644613,0.07051282051282048,0.028079710144927494,0.05691056910569103,0.03517469310670451,0.049074818986323265,0.03846153846153855,-0.2880285884455033
2004-12-31,-0.06253772227122889,0.4982035928143713,-0.09814784190507686,-0.2866857551896922,-0.01694017998941244,0.025608194622279035,0.015037593984962516,0.015037593984962516,0.04402515723270439,0.03797468354430378,-0.5463709677419355,-6.220588235294118,0.8427518427518428,-5.645161290322581,4.675324675324675,0.10428244524354358,0.05454545454545445,0.07954545454545436,0.02671555788370883,0.05988023952095811,0.012334801762114544,0.05384615384615388,0.04857468643101481,0.011886503067484844,0.07407407407407396,1.1003848084323238
2005-03-31,0.015352614896988914,-0.00959232613908878,0.004859264692399279,0.045158053186151514,0.027679052234787394,-0.0449438202247191,0.2123456790123457,0.2098765432098766,0.24698795180722888,0.25,1.08,-1.3566197183098592,-0.8826666666666667,-0.8291666666666666,0.1407322654462242,0.04943753700414444,0.043678160919540465,0.06710526315789478,0.03265306122448974,0.02259887005649719,-0.02959094865100087,0.06569343065693412,0.012179208351457138,0.04888215233042814,0.0,-0.05241357336307162
2005-06-30,0.015852111989074213,-0.01735270379338172,-0.017153284671532876,-0.07153144503120501,0.05376231398029763,0.03921568627450989,0.03258655804480659,0.03265306122448974,0.0338164251207731,0.034146341463414887,-0.15064102564102566,0.15955766192733023,-0.21590909090909094,-1.6666666666666665,-0.08224674022066203,0.08462623413258119,0.03469162995594721,0.07028360049321813,0.0508893280632412,0.04972375690607733,0.0053811659192826156,0.06164383561643838,0.03738719381177491,0.034682080924855585,0.034482758620689724,0.05833893745796925
2005-09-30,0.05689729677822064,0.2238193018480492,0.061826958782027486,0.2590486039296793,0.051616111387369434,0.10440251572327042,0.17948717948717952,0.17786561264822143,0.18224299065420535,0.1839622641509433,0.4389937106918238,0.21662125340599458,0.26086956521739135,-2.1829268292682924,0.10601092896174857,0.18751625487646284,0.077700904736562,0.1036866359447004,0.057357780912082656,0.13157894736842102,0.10258697591436206,0.05806451612903207,-0.004971002485501308,0.0764664804469275,0.03333333333333344,-0.027958697378872244
2005-12-31,0.026167544975467916,-0.02147651006711404,0.00865535932855388,-0.013141683778234103,0.04511064876111215,0.2665148063781322,0.4548494983277591,0.46644295302013417,0.49011857707509887,0.49003984063745043,0.11101398601398604,0.11198208286674127,2.1206896551724137,-3.814432989690722,-0.26976284584980237,0.014892685063513156,0.18172839506172833,0.1983298538622129,0.06625166740773691,-0.041860465116279055,-0.09870550161812286,0.054878048780487854,0.01831806827643634,0.12650016217969506,0.06451612903225823,-0.008416407909789148
2006-03-31,0.012351691163449585,-0.13065843621399176,-0.01967582560457659,-0.09030378693300045,0.045787711519319485,-0.12140287769784175,-0.24022988505747123,-0.2448512585812357,-0.23872679045092837,-0.2406417112299466,-0.03855232100708106,-0.01812688821752262,-0.6942909760589319,-1.2967032967032968,0.10960757780784847,0.09710832973672856,0.019222732971165835,0.04006968641114983,0.05087572977481236,0.029126213592232997,-0.12387791741472176,0.052023121387283267,0.03311529026982818,0.008638065073423462,0.030303030303030276,-0.04433456942727654
2006-06-30,0.03489745047448278,0.0145956607495068,-0.0007957559681697202,0.009606587374199504,0.06982780998529026,-0.07420675537359267,0.23298033282904695,0.2333333333333334,-0.3832752613240419,-0.380281690140845,-0.2168576104746317,0.0707692307692307,-1.4698795180722892,-1.0,0.0,-0.013375295043273172,0.06027060270602713,0.0820770519262981,0.06785714285714284,-0.061320754716981174,-0.0829918032786886,0.049450549450549275,0.03383458646616533,0.08535540964887245,0.0,0.004915064240752054
2006-09-30,1.5428269596450455,1.0800933125972008,3.106185293336873,8.596284549161759,0.11387900355871894,0.933665008291874,0.792638036809816,0.7948402948402948,0.7966101694915255,0.7897727272727273,0.7638453500522466,19.387931034482758,264.43589743589746,inf,1.3512195121951218,-0.08393141945773508,0.20881670533642693,-0.08823529411764708,0.11334076551467853,-0.14070351758793975,-0.18547486033519545,0.04712041884816753,-0.5619138755980861,0.0562861651762232,-0.1470588235294119,-0.7832503861335164
2006-12-31,-0.022135070459984085,-0.1375700934579439,-0.05329281958451859,-0.20874451107228864,0.0828492593668313,-0.16352201257861632,0.3121149897330595,0.3114305270362765,0.30503144654088055,0.30793650793650795,-0.3909952606635071,-1.110265445149166,-1.2315011591962906,-2.2788808664259927,-0.7349585062240664,-0.008487486398259025,0.1801023672424824,-0.004244482173174857,0.07476635514018692,-0.11111111111111105,-0.23731138545953367,0.04499999999999993,0.10703363914373099,0.18575697211155373,-0.13793103448275856,0.08986539984164676
2007-03-31,-0.050370471076065515,0.4781100996965757,-0.0719309826773804,-0.15807375581811667,0.013142895460336534,-0.08304853041695148,-0.945226917057903,-0.9457202505219207,-0.944578313253012,-0.9441747572815534,-0.13326848249027234,0.32850447379633585,-0.8182766534529522,-3.2145377558221595,6.140900195694717,-0.09394205443371384,-0.17077798861480076,-0.2617220801364024,0.011490683229813614,-0.1578947368421053,-0.28956834532374087,0.04306220095693791,0.06708760852407236,-0.17366652666946658,-0.12,0.7559026516527425
2007-06-30,-0.08704366499642091,-0.3262463343108505,-0.13610164087218857,-0.32170954709759725,0.045337216228737764,0.2348117778606038,5.20952380952381,5.269230769230769,5.08695652173913,5.0434782608695645,-0.5970819304152637,-0.35567671584348937,4.017221584385764,-1.6379859783301467,-0.5486434639627296,0.1991279069767442,-0.0931677018633541,-0.15473441108545027,0.041142155357690946,0.1875,0.35443037974683533,0.041284403669724634,0.1449704142011834,-0.15425667090216022,0.0,-0.006826644600744669
2007-09-30,-0.06754743609847891,-0.23329706202393907,-0.10836976889444094,-0.235423197492163,0.02348993288590595,-0.08542106851795961,-0.22699386503067487,-0.2285276073619632,-0.22857142857142843,-0.2302158273381294,1.0250696378830084,-1.359880537580886,-0.9066361556064073,-0.7982017982017982,-0.24529447480267152,0.02929292929292937,-0.2613554434030281,-0.18579234972677594,0.022117369507519857,-0.013157894736842146,0.07102803738317776,0.03964757709251088,0.09754521963824292,-0.20192307692307687,0.0,0.002916059154342676
2007-12-31,0.019150725247004452,0.2818620493897246,0.022671549116382694,-0.28153614869482024,0.012310547479121636,1.266006600660066,4.0,4.007952286282306,4.0,3.999999999999999,0.26960110041265484,-0.1341632088520055,-0.33333333333333337,-1.061881188118812,0.02011263073209979,0.18684985279685962,0.16251830161054182,0.25,0.00865551067513004,0.15999999999999992,0.549738219895288,0.038135593220339103,-0.006768687463213574,-0.1050451807228916,0.40909090909090917,0.7840083073727937
2008-03-31,-0.003011489036942261,-0.04605845881310899,-0.013668773546719803,-0.11470420391858471,0.01790515766316303,-0.5662685697640548,-0.8861111111111111,-0.8864628820960698,-0.8870370370370371,-0.8859813084112149,1.1755146262188516,0.42971246006389774,2.926470588235294,0.8,0.03548895899053628,-0.0013229700678022427,0.02350965575146935,0.08859060402684582,0.017734553775743622,-0.005747126436781658,-0.15427927927927942,0.03673469387755102,0.021037037037036965,0.029028186790071686,0.06451612903225823,0.07764842840512198
2008-06-30,0.020730319644150175,0.19939647168059427,0.020834648652061416,0.04662655779974223,-0.0003602089211742765,-0.06447280053727333,-0.9198606271777003,-0.9195804195804196,-0.9180327868852459,-0.9180327868852459,-0.7629482071713147,-0.17430167597765367,-0.6282771535580525,-15.666666666666666,-0.5026656511805027,0.1791687365457857,-0.16981132075471694,-0.15166461159062894,-0.0011242270938729426,0.1560693641618498,0.12649800266311595,0.03543307086614167,-0.020603598374927423,-0.13041700735895345,-0.030303030303030276,0.14594361024089886
2008-09-30,-0.002189026491274282,-0.03502999806464102,-0.05192034139402557,0.2794087456374461,0.09368806678277575,1.2071069633883704,93.1304347826087,93.1304347826087,92.0,91.39999999999999,6.38655462184874,0.5953991880920162,1.5415617128463475,-3.012121212121212,2.0336906584992342,-0.16219632074146884,0.4535573122529646,0.4869186046511629,0.11620709060213841,-0.16000000000000003,-0.0035460992907803135,0.034220532319391817,0.09599999999999986,0.2501175364362953,0.1875,-0.2457579185520361
2008-12-31,-0.006215848382051248,0.07801845166466115,-0.02909423007925893,-0.11168164313222084,0.03206853000933507,-0.3803870548056595,-0.6369515011547344,-0.6369515011547344,-0.6322580645161291,-0.6298701298701299,-0.8742889647326507,-1.2417302798982188,-0.6551040634291377,-0.7146084337349398,0.1913175164058556,-0.368253436138116,-0.3694765465669613,-0.3489736070381231,0.030249558860599768,-0.43452380952380953,-0.5788849347568209,0.03308823529411753,0.03865909705325765,-0.22038360285821745,-0.1578947368421053,0.21347331583552043
2009-03-31,-0.015718578173865017,-0.15311627906976744,-0.026774616185708977,-0.2462066473988439,0.001436552274541203,-0.5813648293963254,-1.4211195928753182,-1.4300254452926209,-1.4269005847953216,-1.4269005847953216,0.1923076923076923,-4.96140350877193,-2.1695402298850572,-1.5145118733509235,-0.0826271186440678,-0.00504112496683462,-0.2156334231805931,-0.18918918918918926,0.00024467824810381344,-0.03157894736842093,0.5098591549295777,0.03202846975088969,0.01743883394065593,-0.11336227689339129,-0.09375000000000011,0.12349366567102682
2009-06-30,0.02529384890144115,0.24033391915641467,0.01522264411460128,-0.17996645099448838,0.04117522048666444,0.09404388714733547,-0.31722054380664655,-0.33136094674556216,-0.34246575342465757,-0.34246575342465757,1.3415559772296017,-0.16297608503100092,1.6363636363636362,-7.984615384615385,0.6290993071593534,0.23306666666666676,-0.12989690721649483,-0.09444444444444444,-0.022749510763209413,0.2282608695652173,0.5261194029850744,0.031034482758620863,0.015349194167306068,-0.023394994559303606,-0.06896551724137923,0.5125595892922625
2009-09-30,0.0021064571011910616,0.07261778250088557,-0.004080106082758106,-0.157802454704851,0.011379292748890046,0.5702005730659025,-1.8849557522123894,-1.8849557522123894,-1.8333333333333335,-1.8333333333333335,-0.13695299837925445,-0.09629629629629632,-1.14165890027959,-0.9566813509544787,0.01672809753331439,0.1516003460207611,-0.8270142180094786,-0.820040899795501,0.00926157697121388,0.17699115044247815,0.2713936430317849,0.030100334448160515,0.009322247417485663,-0.762116991643454,-0.2592592592592593,0.2735923389296322
2009-12-31,0.013077047457353164,0.004458388375165212,0.01423645488375258,0.3268563497571131,0.005449041372351138,0.06569343065693434,0.1100000000000001,0.1100000000000001,0.19999999999999996,0.19999999999999996,0.032863849765258246,0.5316159250585479,-2.0065789473684212,-1.9322033898305084,-0.015337423312883458,0.18741784037558684,-1.3333333333333335,-1.3068181818181819,0.003472222222222321,0.18045112781954886,5.755769230769231,0.02922077922077926,-0.007488766849725437,0.0,-0.10000000000000009,-0.2429924332556037
2010-03-31,0.011671288629970356,0.05244122965641962,-0.00420762084287063,0.019612970711297084,0.037083500602167696,0.07499999999999996,2.225225225225225,2.225225225225225,2.0,1.9791666666666665,0.19727272727272727,-0.09709480122324154,-0.7647058823529411,-3.9272727272727272,0.04559614839988679,0.06468448521271553,-7.2465753424657535,-7.777777777777778,0.03237765694513106,0.0573248407643312,0.0,0.028391167192429068,0.02515090543259557,1.0257611241217797,0.16666666666666674,0.03224995285094612
2010-06-30,-0.0031750414135836014,-0.051233989378319245,-0.008146570665584996,0.19748653500897673,-0.0005806357961968267,-0.1704364447276202,-1.0558659217877095,-1.0558659217877095,-1.0555555555555556,-1.055944055944056,0.18906605922551245,0.09314140558848427,-16.97222222222222,-2.9751552795031055,-0.08613217768147341,-0.18597742127153882,0.18859649122806998,0.19672131147540983,-0.0009576250897774807,-0.21084337349397586,-0.5737261599772274,0.027607361963190247,0.002453385672227748,0.11329479768786133,0.09523809523809534,-0.20773447015834345
2010-09-30,0.025303183176053956,0.1656239710240368,0.045668325267534504,0.007496251874062887,-0.0012587751149842896,-0.020737327188940058,-0.35,-0.35,-0.375,-0.375,-0.3301404853128991,-0.1657629744384198,-2.4817391304347827,-3.6540880503144653,0.25014819205690575,-0.1379562043795619,-0.2140221402214022,-0.21461187214611865,-0.0026359932901989236,-0.13740458015267187,-0.29282136894824706,0.02686567164179099,-0.025942241801272803,-0.19210799584631366,-0.0434782608695653,0.15696825274809756
2010-12-31,-0.005151854281634671,-0.05720338983050843,-0.01831692849227562,-0.12542517006802723,0.0026661495952300385,0.055294117647058716,-5.269230769230769,-5.269230769230769,-5.6,-5.3999999999999995,0.25357483317445184,0.3138347260909935,-1.51056338028169,-1.6374407582938388,-0.12754860123281175,0.42485182049110914,-0.136150234741784,-0.13372093023255816,0.0014416146083613413,0.433628318584071,0.7851746931067045,0.026162790697674465,0.008040201005025116,-0.10925449871465287,-0.045454545454545525,0.07800146169689715
2011-03-31,0.008805446187862387,0.0017977528089887507,0.0036188579017264466,-0.01191054934370439,0.010877973312705569,0.20884429580081765,0.945945945945946,0.9369369369369369,0.8695652173913042,0.9545454545454546,-0.019771863117870714,0.23674911660777376,-1.5310344827586206,-0.5910780669144982,-0.05978260869565222,0.16639429505274106,-0.6603260869565217,-0.6577181208053691,0.008397312859884876,0.16049382716049365,0.36604072996561743,0.025495750708215414,0.001994017946161497,-0.6623376623376623,0.04761904761904767,0.013867488443759513
2011-06-30,0.011612481495010929,0.02736653207716455,0.0013232326573819897,0.01525215252152523,0.02687837773207713,0.13003381494005528,1.5185185185185186,1.5116279069767442,1.5348837209302326,1.5116279069767442,0.42513576415826226,0.050857142857142934,-1.2424242424242424,-0.7545454545454545,-0.015606936416184936,-0.018086867914915317,2.2079999999999997,2.176470588235294,0.026171782060433024,-0.02659574468085102,1.8702807357212006,0.024861878453038555,0.015174129353233923,1.948717948717949,0.045454545454545414,0.01191489361702125
2011-09-30,0.008457342683923397,0.10684133915574967,0.1088242095873666,0.9052580566997819,-0.13259745703507053,-0.12976060935799782,-6.608455882352941,-6.65,-6.614678899082569,-6.666666666666666,-0.20195971692977677,-0.2930940728656879,0.2142857142857142,-2.5,0.023781561949500984,-0.03826696069529123,-3.6683291770573567,-3.5740740740740744,-0.13285416183630894,-0.060109289617486406,-0.702327150084317,0.02425876010781658,-0.1399166870864984,0.0,0.08695652173913038,-0.4190195842845128
2011-12-31,-0.024179261995401657,-0.08850604944765916,-0.02285254595834696,-0.3769553605494086,-0.02786726804123707,0.20006251953735532,-0.8826614224844314,-0.8843002294329728,-0.8823529411764706,-0.8823529411764706,-2.423601637107776,-0.1646153846153846,-36.338235294117645,-10.753086419753087,-0.22655577860625176,-0.045454545454545525,0.2514018691588784,0.21342925659472423,-0.02887700534759352,0.09883720930232553,0.0,0.023684210526315974,-0.0037037037037037646,0.0,0.08000000000000007,0.46293041050563555
2012-03-31,0.05295583151470673,0.2572500360698311,0.017105744603000295,-0.0004082465809348568,0.12007732670533011,-0.10210992445949463,-7.022346368715084,-7.073654390934844,-6.972222222222222,-6.944444444444445,-1.906085289889794,0.5635359116022098,-0.9679567207657095,-1.3291139240506329,0.09640341119762708,0.16292214215062883,-0.7259148618371919,-0.7351778656126482,0.11756607929515428,0.20105820105820116,0.0,0.023136246786632286,0.063482985416071,0.0,0.0,0.2577749505230422
2012-06-30,-0.02180811063626864,-0.03259123249942619,-0.03906226579128813,0.2013477639371044,-0.0021204201390601085,-0.06527415143603132,-1.0412801484230056,-1.0415111940298507,-1.041860465116279,-1.0420560747663552,0.057112638815441485,0.006478209658421719,-6.714285714285714,-1.626923076923077,-0.05512343591477853,-0.17217496962332934,0.9046321525885559,0.880597014925373,-0.0022172949002218223,-0.2599118942731278,0.0,0.022613065326633208,0.020166711481581112,0.0,-0.03703703703703709,-0.19477381286878337
2012-09-30,-0.011512787819695447,-0.1311981020166073,-0.023928370874149896,-0.18001019887812342,0.007758450286617924,0.03414028553693349,-2.359550561797753,-2.3483146067415728,-2.333333333333333,-2.333333333333333,0.11505752876438224,0.04681100058513743,0.5772727272727274,0.6073619631901841,-0.09377236936292055,0.03346543372963451,-2.319027181688126,-2.369047619047619,0.007654320987654284,0.03571428571428581,0.0,0.02211302211302213,0.019504480759093168,0.9072463768115939,0.0,0.05952962523553618
2012-12-31,-0.002446982055464897,-0.07222829055161117,-0.01853805094767791,-0.17205638474295193,0.011572598440641402,0.02340936374549818,0.6776859504132231,0.675,0.7083333333333333,0.7083333333333333,-0.004037685060565233,-0.06484069312465068,-0.13256484149855907,-0.767175572519084,-0.02409162717219593,0.013776452208493106,0.26464208242950105,0.3014492753623188,0.009801519235481448,0.005747126436781658,-0.5531384545660549,0.02163461538461542,0.014219234746638998,0.3465045592705167,-0.03846153846153855,0.12060334606771184
2013-03-31,0.01899636806176197,0.07579102281089045,0.01794379131794055,0.019529293940911296,0.022347181152746032,0.1416422287390029,1.2660098522167487,1.2736318407960199,1.2195121951219514,1.2195121951219514,0.1274774774774774,-0.03347280334728031,-1.6362126245847177,-21.721311475409838,0.5115337919870497,0.14836088540207348,-0.7126929674099485,-0.7082405345211582,0.020626061635525383,0.13714285714285723,-0.12474645030425946,0.021176470588235352,0.003313790466479727,-0.7195259593679458,0.040000000000000036,0.05519308763886421
2013-06-30,0.03194745092184825,0.08057455540355685,0.010653272762172872,0.23109037328094306,0.05211000474158367,-0.10172103776008223,1.0195652173913046,1.0196936542669586,1.021978021978022,1.010989010989011,-0.00039952057530967533,0.2195423623995052,-0.13054830287206265,-0.33069620253164556,0.22650602409638565,0.03989264365011591,1.408955223880597,1.4427480916030535,0.04945316214931039,0.02010050251256268,2.578794901506373,0.02073732718894017,0.019308943089430874,1.4225352112676055,0.0,-0.12227049910873433
2013-09-30,-0.00010849909584087492,-0.0960881124192936,-0.0062676078629989584,-0.05485737083582687,0.006895308486186913,0.10180154418072629,-0.8040904198062433,-0.8039003250270855,-0.8043478260869565,-0.8032786885245902,-0.28896882494004794,0.17241379310344818,-1.2552552552552552,-1.7588652482269502,-0.14014407334643086,0.0723838573439699,0.012391573729863659,0.021874999999999867,0.005663797009515248,0.019704433497536922,-0.563542172575684,0.040632054176072296,0.007228315054835566,-0.0016611295681062677,0.03846153846153855,-0.04359966998794196
2013-12-31,0.008807465547798987,-0.004481792717086819,0.02350842544516296,0.20367243562684667,-0.021707993912809975,-0.13366208149493897,-5.230769230769231,-5.232044198895028,-5.25,-5.25,0.18268690275435628,0.001297577854671328,-0.9058823529411765,-0.6246105919003115,-0.06118304138106123,-0.0588557050650913,-0.5544675642594858,-0.5535168195718654,-0.022527596305474185,-0.0628019323671497,-0.0908753709198813,0.0390455531453362,-0.030438010393467052,-0.5465890183028286,0.0,-0.1729263437292634
2014-03-31,0.04162707732023452,0.3595948227349466,0.15732470200118276,0.9163598106259863,-0.12522304067346846,0.7507489514679448,2.466233766233766,2.4843342036553526,2.464052287581699,2.464052287581699,-0.1782319391634981,-1.2514038876889848,6.75,-10.236514522821576,0.6019469983775014,-0.04300825293502275,-3.9945054945054945,-3.8424657534246576,-0.12744872090343395,-0.020618556701030966,1.13953488372093,0.03757828810020869,-0.1600306278713629,0.0,0.07407407407407396,-0.29051668806161746
2014-06-30,0.005352563550935496,-0.07077814569536423,0.0015059430968644705,-0.015463445877939463,0.011035564853556501,-0.24041752224503765,-1.085050580741851,-1.0846759085799924,-1.0849056603773586,-1.0849056603773586,0.4239444765760556,-5.608247422680412,4.838709677419355,-1.2511230907457322,-0.09436191762322754,0.19397546459370818,0.34403669724770625,0.28433734939759026,0.009244585314315934,0.368421052631579,0.0,0.05432595573440646,0.005469462169553463,0.0,0.06896551724137945,-0.05620264616080517
2014-09-30,0.03853528263772388,0.30723830734966584,0.023092207722463787,0.020724907063196962,0.06962909316641674,0.1286325749042576,3.788546255506608,3.774336283185841,3.7333333333333334,3.7111111111111112,-0.05645816409423232,-0.703579418344519,-4.980662983425415,-6.3130590339892665,0.55358807082945,0.08809766022380461,-0.28191126279863477,-0.3151969981238274,0.06856843758178477,0.07692307692307687,0.0,0.0515267175572518,0.029918404351767736,0.0,0.032258064516129004,0.28061346752935523
2014-12-31,0.016879584603972653,-0.04412641621943947,0.033305338302451304,-0.06819630337794769,-0.04604149538134161,-0.3658682634730539,-1.3633854645814167,-1.3614457831325302,-1.3615023474178405,-1.3632075471698113,-0.15970727507533367,3.4993710691823896,-0.5433726578764746,-1.3252525252525253,-0.11589682063587281,-0.18810770381451003,-0.1539923954372624,-0.1972602739726027,-0.04653441097232425,-0.23928571428571432,0.0,0.04900181488203281,-0.06191314553990612,0.0,-0.03125,0.025823353293413343
2015-03-31,-0.1412893708764934,-0.5397023438196239,-0.13542963094663585,-0.4891538010553058,-0.1720152091254753,-0.26943657538558385,7.273417721518987,7.3820512820512825,7.376623376623376,7.376623376623376,-3.307377049180328,-0.461839530332681,1.080547112462006,4.239130434782608,-0.6867960374542,-0.056195301704283884,0.39101123595505616,0.3720136518771331,-0.17415874646801954,-0.009389671361502372,0.0,0.04671280276816603,-0.03565842977791667,0.0,-0.16129032258064513,-0.09896023349142657
2015-06-30,-0.01602703263926908,0.047434656340755055,-0.037427656511648366,-0.10692425401683248,0.0034900808229243463,0.13571736320551486,-1.0186658506731947,-1.0183542367696543,-1.0186046511627906,-1.0186046511627906,-1.2759769094138544,-0.5532467532467533,-1.3798392987582178,-0.973325429756965,-0.0584922010398613,0.05954123962908753,0.11308562197092087,0.09950248756218905,0.0034214618973560373,0.27962085308056883,0.0,0.044628099173553704,0.01978592280246505,0.0,-0.11538461538461542,0.17289199311671233
2015-09-30,-0.05644232982886965,-0.04121996303142328,-0.01938043644132459,-0.04947526236881561,-0.1409481969613765,-0.35963581183611537,-37.63934426229508,-38.31666666666667,-37.75,-37.75,-0.09332260659694291,0.059302325581395365,-0.3942307692307693,-0.2518518518518519,-0.04647952139898759,-0.21234454168585903,1.5471698113207544,1.445701357466063,-0.1410415375077495,-0.2148148148148148,0.0,0.04272151898734178,-0.08937659033078882,0.0,-0.21739130434782616,0.00871666522827308
2015-12-31,-0.05628075312106051,-0.23231154810102184,-0.03650793650793649,-0.05790896800360523,-0.08949499254208393,0.21623222748815163,-0.4407158836689038,-0.443054935238946,-0.4444444444444444,-0.4444444444444444,-0.771960958296362,0.18002195389681663,-0.0031746031746031633,10.217821782178218,-0.5468146718146718,-0.13464912280701768,0.27977207977207974,0.23404255319148937,-0.09022013713460841,0.009433962264151052,0.0,0.04097116843702597,-0.03527768075445337,0.0,-0.05555555555555547,-0.18514715947980842
2016-03-31,0.032490196923341985,0.4482672024108487,0.07313370158607091,0.5922028222913178,-0.08838442936266477,-0.18460789089137852,-0.17279999999999995,-0.1700080192461909,-0.1714285714285716,-0.1714285714285716,-1.5330739299610894,-0.09488372093023256,-10.933121019108281,-2.772285966460724,2.1384451544195953,-0.33654333502280787,-0.2773820124666073,-0.31709145427286356,-0.09202697342324473,-0.2710280373831776,0.0,0.007288629737609353,-0.11694424330195508,0.0,-0.05882352941176472,-0.09040319193616131
2016-06-30,-0.08115270648136552,-0.44303797468354433,-0.11402426176213842,-0.5126934054378849,-0.034656854355639255,0.1439665471923537,-0.33075435203094783,-0.3294685990338164,-0.3300492610837438,-0.3300492610837438,-9.97080291970803,-1.0082219938335046,-1.8945174735492145,-1.7734063745019921,-0.5269765863590092,0.27985739750445626,0.28866296980899575,0.2195389681668496,-0.03451288772389682,0.41025641025641035,0.0,0.00723589001447178,0.050430504305043033,0.0,0.0,0.14290661433683494
2016-09-30,0.0314309722253765,0.8424657534246576,0.0024462338191826305,0.15967940813810122,0.11692225866501205,-0.011488250652741505,0.199421965317919,0.20028818443804042,0.18382352941176472,0.18382352941176472,-0.36126932465419037,-37.375,-1.749820788530466,-2.665164198325821,1.855093256814921,0.13469956227616398,-0.247191011235955,-0.25472547254725475,0.019909502262443368,0.17272727272727262,0.0,0.007183908045977017,0.08274785323965661,0.0,0.0,0.5888294111705887
2016-12-31,0.003236673492304609,-0.11017235552551541,0.01904761904761898,-0.11536416799574689,-0.030793650793650817,0.2609614368726889,-0.37951807228915657,-0.3805522208883554,-0.4161490683229815,-0.4161490683229815,0.4305732484076432,4.175257731958763,-1.1974187380497132,-1.3078112915699922,-0.19999999999999996,0.15658425390145525,-0.18164496665608143,-0.18961352657004826,-0.030612244897959107,0.1356589147286822,0.0,0.007132667617689048,-0.03388608507570279,0.0,0.0625,0.005848324963448004
2017-03-31,-0.01911596874725663,0.4635396885681733,-0.015066351814281398,0.13040865384615374,-0.029151654110710745,0.5781315458734813,-0.3825242718446602,-0.3798449612403101,-0.3829787234042553,-0.3829787234042553,0.0,-2.143426294820717,-0.5205811138014528,-4.325376884422111,0.8313442211055277,-0.0019708914493631324,-0.2351571594877765,-0.21907600596125187,-0.03157894736842115,0.027303754266211566,0.0,0.00708215297450443,-0.010074626865671732,0.0,0.2941176470588234,0.29469759211274726
2017-06-30,-0.007719329648938289,0.035941352017646366,0.0026338893766462146,-0.16161616161616166,-0.03238866396761131,-0.27900185824263335,0.30503144654088055,0.3031250000000001,0.3103448275862071,0.3103448275862071,-0.23686553873552985,-1.2938443670150988,-0.12121212121212122,-0.9331318473743861,0.03035499914251405,-0.18274343004709104,-0.12075088787417554,-0.11832061068702293,-0.03260869565217395,-0.15614617940199327,0.0,0.007032348804500765,-0.024877497173011687,0.0,0.09090909090909083,0.23567314263399397
2017-09-30,-0.02750969604040765,-0.06400300601202402,-0.0163680452647178,0.16772352568167403,-0.06014644351464438,-0.08100147275405012,0.6843373493975904,0.6810551558752997,0.6710526315789473,0.6710526315789473,-0.2543757292882147,1.4545454545454546,-0.10919540229885061,-5.27683615819209,-0.1259986684420772,-0.16245353159851295,-0.026543566070398317,-0.051948051948051965,-0.037127503663898276,-0.13385826771653542,0.0,0.006983240223463749,-0.03362968689601853,0.0,0.08333333333333348,-0.1984277474915067
2017-12-31,-0.024160638100537923,-0.09514251304696908,-0.03115798123673219,0.060548465924518124,-0.007976256724169906,0.1734775641025641,-2.396280400572246,-2.38944365192582,-2.4330708661417324,-2.4330708661417324,1.1752738654147104,-0.19323671497584538,6.006451612903226,-0.0779392338177014,-0.13292706151209288,0.12272525521526845,-0.7545939537640782,-0.7602739726027397,0.019279553526128757,0.168181818181818,0.0,0.006934812760055475,0.01639999999999997,0.0,0.03846153846153855,-0.1468138583608497
2018-03-31,-0.023998479304281672,-0.18219461697722572,0.036188860616341634,0.21198156682027647,-0.18277860882572927,0.03960396039603964,-0.8760245901639344,-0.8798767967145791,-0.8736263736263736,-0.8791208791208791,0.02877697841726623,0.11077844311377238,0.38766114180478817,0.7048710601719197,-0.23479024818800787,0.15536667325558406,-0.9371980676328502,-0.9619047619047619,-0.15530114484818325,0.13229571984435817,0.0,0.03443526170798905,-0.16253443526170797,0.0,-0.03703703703703709,-0.32526571164510176
2018-06-30,0.0001217255818481977,-0.16238698010849906,0.009072305593451624,0.14638783269961975,0.018418945200777914,0.08078817733990151,-0.7603305785123967,-0.7692307692307692,-0.782608695652174,-0.7727272727272727,-0.14335664335664333,0.7457322551662173,-0.7883211678832117,-0.12857142857142856,-0.3019517795637199,0.13156544054747643,-17.384615384615383,-26.5,0.02416028285209193,0.3402061855670102,125.12509534706332,0.0332889480692411,0.018327067669172914,-0.3486238532110092,0.0769230769230771,-0.2693262563136717
2018-09-30,0.0015578978116403963,-0.03475820379965455,0.010883525992023246,-0.057121798415330716,-0.022579195686362574,0.12336675782436957,11.517241379310345,12.296296296296296,13.399999999999999,13.399999999999999,0.34448979591836726,-0.17498713329902216,0.5047021943573669,-0.5766634522661523,-0.18050986842105265,0.037647414575143534,2.744131455399061,2.529411764705882,-0.007479861910241636,0.012820512820512997,-0.9873450257030542,0.03221649484536093,-0.023996308260267663,2.2084507042253523,0.10714285714285698,0.02378441710603396
2018-12-31,-0.0186899987847855,-0.1511966003131291,-0.015882038250635278,-0.0897009966777409,-0.023560510286174008,-0.09413037598052476,-0.71900826446281,-0.713091922005571,-0.7222222222222222,-0.7083333333333333,-0.012143290831815423,-0.1746724890829694,0.8145833333333334,0.28473804100227795,-0.28299046663321625,-0.18767302928748353,-0.5636363636363637,-0.5833333333333333,-0.013913043478260834,-0.1822784810126583,-0.762962962962963,0.03745318352059934,-0.005200945626477549,-0.6022827041264267,0.06451612903225823,-0.06763561455710698
2019-03-31,0.040048543689320315,0.16706192358366279,0.06886827710393106,0.23422069557750103,0.05084745762711873,-0.03911615407584357,-1.1470588235294117,-1.1650485436893203,-1.15,-1.1428571428571428,-0.3060848186846957,0.15495086923658352,-2.296211251435132,-2.296099290780142,0.5115465360391882,-0.18798206278026897,-0.225574712643678,-0.22666666666666668,0.04526748971193406,-0.17647058823529405,0.9017137096774193,0.03610108303249082,0.010456273764258617,-0.23178807947019875,0.0,-0.05437584386890881
2019-06-30,-0.020574857714380945,-0.2163016482275909,0.01074380165289246,-0.3404070273090972,-0.1293682795698925,0.06960845245494096,67.33333333333333,59.35294117647059,68.66666666666667,68.66666666666667,-0.312666076173605,-0.17735602094240843,-1.1319751992914084,-1.8604651162790697,-0.29120370370370374,0.3282527059863043,-2.2727272727272725,-2.206896551724138,-0.12992125984251968,0.2706766917293233,0.6774450039756164,0.03484320557491305,-0.1110065851364066,0.0,0.0,0.1880841121495327
