Quarter end,Assets,Current Assets,Liabilities,Current Liabilities,Shareholders equity,Revenue,Earnings,Earnings available for common stockholders,EPS basic,EPS diluted,Cash from operating activities,Cash from investing activities,Cash from financing activities,Cash change during period,Cash at end of period,Price,ROE,ROA,Book value of equity per share,P/B ratio,P/E ratio,Cumulative dividends per share,Equity to assets ratio,Net margin,Asset turnover,Current ratio
1996-03-31,-0.050698987914612914,-0.2666519797659699,-0.030395161188546793,-0.22041479319193014,-0.08285824478925807,-0.5315715322546215,-1.4317127373386875,-1.4317127373386875,-1.4344262295081966,0.5873015873015872,-1.7201910797900015,6.3045281714483234,-1.5803174864286889,2.6676557863501484,-0.19930345643317127,-0.00550148116800675,-0.2846938775510205,-0.2959501557632398,-0.08314263920671239,0.1061452513966481,0.5240899357601714,1.0,-0.033871808233454814,-0.2671568627450981,-0.03797468354430378,-0.05933484504913078
1996-06-30,-0.050698987914612914,-0.2666519797659699,-0.030395161188546793,-0.22041479319193014,-0.08285824478925807,-0.5315715322546215,-1.4317127373386875,-1.4317127373386875,-1.4344262295081966,0.5873015873015872,-1.7201910797900015,6.3045281714483234,-1.5803174864286889,2.6676557863501484,-0.19930345643317127,-0.00550148116800675,-0.2846938775510205,-0.2959501557632398,-0.08314263920671239,0.1061452513966481,0.5240899357601714,1.0,-0.033871808233454814,-0.2671568627450981,-0.03797468354430378,-0.05933484504913078
1996-09-30,0.014196442759319083,0.15761013992073858,0.09390789065772442,0.7942988283609131,-0.1186304209183674,0.0,0.0,0.0,0.0,0.5873015873015872,-1.7201910797900015,6.3045281714483234,-1.5803174864286889,2.6676557863501484,-0.9129257283545342,0.013191489361702002,-0.2846938775510205,-0.2959501557632398,-0.11813643926788686,0.1061452513966481,0.5240899357601714,0.4999999999999998,-0.1307982740021576,-0.2671568627450981,-0.03797468354430378,-0.3548183435688457
1996-12-31,0.06228360842224623,0.468380077852081,0.07409815141321152,0.3592224840121172,0.03791414538843507,1.0513352169157857,-2.8039826605256026,-2.8039826605256026,-2.792452830188679,0.5873015873015872,-0.3717081499967163,-0.6816202915010411,1.6831549854723264,-1.9693905070118662,10.163524976437323,-0.03653926921461559,-0.2846938775510205,-0.2959501557632398,0.037735849056603765,0.09090909090909105,0.5240899357601714,0.3333333333333335,-0.02295997517840509,-0.2671568627450981,-0.03797468354430378,0.08033093141179593
1997-03-31,-0.048897227805637655,-0.2164195844124065,-0.10177211722539836,-0.41630656843929925,0.06428280425182398,0.03063735018716196,0.2141873795399365,0.2141873795399365,0.21052631578947367,0.5873015873015872,-12.370126476429393,-1.092449464922711,-3.4859225608789814,-0.29160291185607645,0.6449406897716239,0.03007846556233651,-0.2846938775510205,-0.2959501557632398,0.0609090909090908,-0.004629629629629761,0.5240899357601714,0.25,0.11908542394410926,-0.2671568627450981,-0.03797468354430378,0.34239130434782616
1997-06-30,-0.04731706930041768,-0.24626121202657925,-0.030088549152739952,-0.1785880955411311,-0.07860244130609673,-0.521308153868123,-1.3123608476952255,-1.3123608476952255,-1.3130434782608695,0.5873015873015872,-0.8916049201125228,-10.530546623794212,-0.7490066084443594,-2.1625212724178557,-0.45579592988939355,-0.0029623360135421217,-0.2846938775510205,-0.2959501557632398,-0.07797772065124253,-0.0604651162790697,0.5240899357601714,0.19999999999999996,-0.03291713961407494,-0.2671568627450981,-0.03797468354430378,-0.08238252975095084
1997-09-30,-0.0016285436534495545,0.05358530087064595,0.05893443163021028,0.556947206225413,-0.11680229987714141,-0.04937354361554824,0.9355200633579726,0.9355200633579726,0.9444444444444444,0.5873015873015872,-1.0709015350691204,1.26889338731444,-0.8793176430748392,-0.03513315691684027,-0.8081203432990662,0.09040747028862484,-0.2846938775510205,-0.2959501557632398,-0.11710037174721188,0.1831683168316831,0.5240899357601714,0.16666666666666674,-0.11531690140845074,-0.2671568627450981,-0.03797468354430378,-0.3232836419546762
1997-12-31,0.03420287700932989,0.2735361104587337,0.04434869842295597,0.15365817248948144,0.011075698614217089,0.793568747261596,-1.9019333719780407,-1.9019333719780407,-1.9,0.5873015873015872,7.19377990430622,-0.4269144981412639,-13.228691687127323,-2.1849215148509074,4.9904153354632586,-0.24367458154924104,-0.2846938775510205,-0.2959501557632398,0.010526315789473717,-0.14225941422594157,0.5240899357601714,0.14285714285714302,-0.022553897180762728,-0.2671568627450981,-0.03797468354430378,0.10392176232342187
1998-03-31,-0.040784212506131956,-0.2229460529306566,-0.07817745853489255,-0.34690239191799144,0.047283176593521326,0.010758509588245202,0.5982760576159691,0.5982760576159691,0.5873015873015872,0.5873015873015872,-16.010510948905107,0.5325635703165543,-3.8500745754933456,-1.4115039889687777,-0.3428102564102564,0.05506948018528046,-0.17118402282453637,-0.19026548672566368,0.04687500000000022,0.043902439024390505,0.5240899357601714,0.125,0.09195792331184238,-0.1505016722408027,-0.052631578947368474,0.18979865771812077
1998-06-30,-0.06420475437318396,-0.2642117579530653,-0.018497247467159528,-0.1042076374416625,-0.15923933055387285,-0.48329424982526736,-1.3913567981833665,-1.3913567981833665,-1.3900000000000001,-1.3900000000000001,-0.8884382719651437,-0.4823499534411242,-0.8599808785789765,0.024054571565342187,-0.5341781634309257,0.02731707317073173,0.0,-0.04371584699453546,-0.15920398009950265,-0.01869158878504673,0.29785739374780484,0.11111111111111116,-0.10161591050341812,-0.03937007874015741,0.0,-0.1786251504211792
1998-09-30,-0.005667587574765931,0.00022502925380307737,0.055094604679748915,0.313102600860127,-0.15268963646535594,-0.07040820196452724,0.8603807796917498,0.8603807796917498,0.8717948717948716,0.8717948717948716,1.2208177142358991,0.4495502861815208,0.09250341407316909,-1.1648942386350356,0.1890913964084695,0.12773029439696115,-0.0017211703958691649,-0.04571428571428582,-0.15266272189349106,0.338095238095238,0.19025710419485775,0.09999999999999987,-0.14769975786924938,-0.040983606557377095,0.0,-0.23825656991118038
1998-12-31,0.016933724170566267,0.19395407436293555,0.028752031113816745,0.22854451424543187,-0.01873113797415593,0.6168413036235185,-1.573586744639376,-1.573586744639376,-1.5753424657534247,-1.5753424657534247,-1.1866928361138371,-0.02301444043321299,-2.2245394736842106,2.6832034018426647,0.585709455651978,-0.030315789473684185,-0.3655172413793104,-0.39520958083832336,-0.019553072625698387,0.14590747330960863,0.02683037744429284,0.09090909090909083,-0.035308441558441594,-0.36752136752136755,-0.05555555555555547,-0.02824858757062143
1999-03-31,-0.0028485379228778696,0.03384230790972875,-0.03826189318089168,-0.2742723376596998,0.10915930917766037,0.2823613026948828,2.1374114981591616,2.1374114981591616,2.119047619047619,2.119047619047619,-15.798570227081582,-0.09295612009237875,-4.231289958631065,-0.5414662305176063,0.16936744847192609,0.0677377333912288,1.1929347826086953,1.0693069306930694,0.10968660968660982,0.08695652173913038,0.8151018600531446,0.08333333333333348,0.11232646192679852,1.0472972972972974,0.014705882352941124,0.42466600692726364
1999-06-30,-0.04544916884198513,-0.30810403591803015,-0.01729522511017023,-0.05494021088868517,-0.12282652989316101,-0.4689054685578421,-1.3335740463252153,-1.3335740463252153,-1.33587786259542,-1.33587786259542,-0.8944332357705095,0.2140038192234246,-0.8957668262835861,-4.514477549307595,-0.509025709597034,0.04473363155754373,-0.023543990086741018,-0.06698564593301426,-0.12451861360718863,-0.05714285714285716,-0.48627546663413446,0.07692307692307687,-0.08093797276853265,-0.07920792079207917,0.01449275362318847,-0.2678648953720587
1999-09-30,0.015495618755325902,0.23431737557514665,0.08003162254750706,0.39121324972050897,-0.18250661040689364,0.03666699599861678,0.5659468528440763,0.5659468528440763,0.5454545454545456,0.5454545454545456,-1.3772543741588157,-0.6649538590604027,-0.730419524645079,-0.08202985074626867,-0.9517207229512256,-0.014791747761775054,0.1408629441624365,0.08717948717948709,-0.18181818181818188,0.12424242424242427,0.07337924483495617,0.0714285714285714,-0.19506172839506175,0.053763440860215006,0.028571428571428692,-0.11278462998102468
1999-12-31,0.056928725633347055,0.5613115267235307,0.07533053887220564,0.1922440356133619,-0.017590934921658974,0.7932118988337047,-1.6635446187875855,-1.6635446187875855,-1.6617647058823528,-1.6617647058823528,8.50089190153407,0.8103286384976527,-30.38698224852071,-3.243626430801249,44.228205128205126,-0.35559067562228375,0.12347052280311477,0.05188679245283012,-0.017921146953404965,-0.21293800539083563,-0.40840707964601775,0.06666666666666665,-0.07055214723926384,-0.013605442176870652,0.06944444444444442,0.309584280176447
2000-03-31,-0.01597613109236784,-0.1169761974192608,-0.04473060308256205,-0.2794970338926309,0.11173257250221802,0.2917408519571629,1.5525808635866452,1.5525808635866452,1.5777777777777775,1.5777777777777775,-3.425406481168563,2.4761410788381744,-2.1646061533505154,-1.7741898081048175,-0.7570723963943534,0.007970570202330052,-0.18118811881188124,-0.2376681614349775,0.11131386861313852,0.027397260273972712,-0.03926701570680613,0.06249999999999978,0.1298129812981299,-0.29655172413793107,0.09090909090909083,0.2254771868939469
2000-06-30,0.011977135436296749,-0.08116656948694267,0.060796524404789,0.3260601554997986,-0.17433317423928263,-0.46083070181754593,-1.4335299038912808,-1.4335299038912808,-1.4310344827586208,-1.4310344827586208,-0.8811134678205942,1.4705063165224312,-1.9515724684036724,-1.9768608656582298,3.0443407234539093,-0.015206812652068136,-0.06287787182587667,-0.1470588235294118,-0.17405582922824292,-0.11333333333333329,0.2861035422343323,0.05882352941176472,-0.184031158714703,-0.17156862745098056,0.023809523809523725,-0.30709645177411293
2000-09-30,-0.0008377836453514753,0.06051586744464221,0.05225879360680685,0.247456154284593,-0.2609830752610731,0.051471359755806745,0.4950578932504943,0.4950578932504943,0.5,0.5,1.0668055736424011,-0.9375704622322435,-1.3507576583451433,-1.5009582215408201,-0.3770917484131564,0.11982705373687441,-0.07999999999999996,-0.16551724137931045,-0.3001988071570577,0.35338345864661647,0.27602905569007263,0.05555555555555536,-0.2601431980906921,-0.1952662721893491,0.03488372093023262,-0.1497776175021035
2000-12-31,0.1328559393428812,0.8368132595514841,0.07307518128297597,0.29915771891256226,0.550749818876586,0.9616441835781222,-2.539289761994711,-2.539289761994711,-2.466666666666667,-2.466666666666667,-1.3012412576397203,1.4308287649145437,-2.1417249417249415,-2.487681713848508,0.9006021306160259,-0.04688361831218968,1.9130434782608696,1.8595041322314048,0.5511363636363635,0.36388888888888893,0.13851992409867186,0.052631578947368585,0.36854838709677407,1.6397058823529416,0.0898876404494382,0.4136858475894245
2001-03-31,-0.045249624311237246,-0.1612809299080643,-0.07801393196725481,-0.24681168778755347,0.11289442349672552,0.28900172960773984,0.5236429827790732,0.5236429827790732,0.5181818181818181,0.5181818181818181,-11.111273792093705,0.25271955425842396,-3.0646522390091193,-1.6796955358979635,-0.32207437734561584,0.08854166666666652,0.5435724602792489,0.5346820809248556,0.1135531135531136,-0.2973523421588594,-0.6120833333333333,0.050000000000000044,0.16558632881555702,0.38161559888579366,0.10309278350515472,0.11361136113611359
2001-06-30,-0.0793506279741697,-0.35122315066562637,-0.046277351598677186,-0.18452588269065162,-0.21426342420257227,-0.6068468675329894,-1.3268051062458892,-1.3268051062458892,-1.3233532934131738,-1.3233532934131738,-0.057817218981424,-0.033146245896431226,-0.305513437493133,-1.728359564164649,0.3460349414048458,0.18394471026049986,-0.044603867747972537,-0.043314500941619705,-0.2154605263157896,0.0608695652173914,-0.2132116004296456,0.04761904761904745,-0.14661274014155712,-0.05040322580645151,0.009345794392523477,-0.20440053884149068
2001-09-30,0.19436952917917427,0.2199334562485431,0.24061163399877028,0.5286089091020028,-0.03781506645295807,-0.045098647588107554,0.3774747391768669,0.3774747391768669,0.37037037037037024,0.37037037037037024,0.40301227303664344,22.220481927710843,-6.12172509808885,1.8603781425306463,0.7353381049033223,-0.039066008082622394,-0.0760692131896834,-0.06889763779527547,-0.09224318658280917,0.22677595628415292,-0.012969283276450527,0.045454545454545414,-0.1943127962085308,-0.019108280254777177,-0.05555555555555558,-0.20194152838920865
2001-12-31,0.011882343349669977,0.0858724919656042,-0.010813531830003775,0.008501949706776424,0.1546202796000098,0.7745842889908257,-1.5485746660305344,-1.5485746660305344,-1.5135135135135136,-1.5135135135135136,-0.8678778774079464,-0.9426706225855295,-1.059431508584208,-1.9683300646473452,-0.41032349410569735,0.09252336448598131,-0.46148409893992925,-0.4735729386892178,0.0969976905311778,0.20267260579064583,0.08506224066390033,0.04347826086956519,0.14117647058823524,-0.4415584415584415,-0.0490196078431373,0.07666195190947644
2002-03-31,0.022553118703370734,0.16683397791491528,-0.046590270120846045,-0.17449666472832226,0.3936017636218938,0.23893533664526023,3.4566505408490515,3.4566505408490515,3.3157894736842106,3.3157894736842106,8.84448655691105,-0.13641599473424382,1.657796257796258,-4.529592678718776,2.456049692034659,-0.0996578272027373,0.1410761154855642,0.17670682730923692,0.39368421052631586,-0.1796296296296297,0.7425111536010198,0.04166666666666674,0.3627577319587627,0.306201550387597,-0.1030927835051546,0.4135575407251706
2002-06-30,-0.053773267465493935,-0.26294700545335514,-0.03328748054001962,-0.10213023338152416,-0.130832844718069,-0.446953199368863,-1.1212967593213723,-1.1212967593213723,-1.1219512195121952,-1.1219512195121952,-0.5687163877425797,-0.014576981707317027,0.8236076345431789,-1.4488980511338279,-0.3190104363323315,0.0731591448931117,0.2461184588844163,0.2901023890784984,-0.12990936555891242,-0.23024830699774257,0.11667885881492324,0.040000000000000036,-0.08132387706855793,0.3026706231454006,-0.011494252873563204,-0.17908921933085498
2002-09-30,0.005136192719506605,0.07550934042681812,0.0548747548180073,0.26441351888667985,-0.1976290695468248,-0.12797236598564066,2.5268979386626444,2.5268979386626444,2.4999999999999996,2.4999999999999996,-0.104164923145591,0.0989074736536788,-0.6045982927980097,-1.1094119875011836,0.0512541861651401,-0.09473218238158476,-0.049838486386709735,-0.023809523809523725,-0.19791666666666663,0.04105571847507328,-0.3796265967900425,0.038461538461538325,-0.20174987133299027,-0.036446469248291646,0.011627906976744207,-0.14943960149439606
2002-12-31,0.10614565352318106,0.6731136766549921,0.11389395970985938,0.432591350901814,0.06627956876242513,1.0055113923137933,-2.166414825374198,-2.166414825374198,-2.1714285714285717,-2.1714285714285717,-1.268053436303055,0.3811367235614993,-5.741267086135821,26.305928169623538,1.331308016877637,0.09975550122249377,0.3958232151529868,0.3794037940379402,0.0670995670995671,0.37183098591549313,0.060190073917634423,0.03703703703703698,-0.0361057382333978,0.3333333333333335,0.034482758620689724,0.16784240649540805
2003-03-31,-0.042332083023825406,-0.17022750238408435,-0.08685134330609423,-0.2757298417636841,0.20601884173435958,0.4056234284802631,1.196812671098944,1.196812671098944,1.1951219512195124,1.1951219512195124,-10.362685873605948,0.04108803669257233,-2.7387713076307056,-2.390323909736308,-0.7939531600666039,0.07603379279679867,0.13674321503131526,0.10019646365422408,0.20486815415821513,0.008213552361396204,-0.22758964143426286,0.03571428571428559,0.25953177257525084,-0.01773049645390068,0.12222222222222223,0.14577159790289507
2003-06-30,-0.052047662332833755,-0.28958523451053186,-0.0827268229656789,-0.2688631247397407,0.07647411362490986,-0.5409833969044643,-1.3050202501223909,-1.3050202501223909,-1.3,-1.3,-0.8117849964017172,0.9798078688123355,-1.1867079862618926,-1.1275431697726108,0.49145768369274023,0.05909090909090908,-0.22681359044995408,-0.2053571428571429,0.01683501683501687,-0.12219959266802449,-0.03932946486137967,0.034482758620689724,0.13542219861922455,-0.22021660649819486,0.01980198019801982,-0.028349746344374926
2003-09-30,0.0022958098596073118,0.03611214625484993,0.05749303727277533,0.2763275094210347,-0.19752567014418299,-0.057202858575727156,0.14598380389581966,0.14598380389581966,0.11111111111111094,0.11111111111111094,2.4378007779023005,-0.748794659414019,-2.1314444796842515,0.06461126005361928,0.35080538296180697,-0.03199375731564569,0.029295328582739533,0.05168539325842714,-0.19701986754966894,-0.04640371229698359,0.2067114093959732,0.03333333333333344,-0.1992516370439663,0.02314814814814814,0.029126213592232997,-0.18826781326781317
2003-12-31,0.06718297961915454,0.3329511026860519,0.05792279580315163,0.2434104573759932,0.11261692742517226,0.6999604744543073,-2.373472116119175,-2.373472116119175,-2.3666666666666667,-2.35,-0.7181866993940323,4.267716535433071,-1.1725791883389916,-2.8953244354906404,-0.49221747471224275,0.0717452640064491,-0.0038461538461538325,0.038461538461538325,0.11134020618556706,0.33333333333333326,-0.0005561735261402356,0.032258064516129004,0.0420560747663552,0.020361990950226172,0.018867924528301883,0.072014125362593
2004-03-31,-0.004025913021818206,-0.013999155606487235,-0.05619389587073609,-0.20949497566082742,0.23220384620835288,0.4943785066427928,1.448492433196598,1.448492433196598,1.4390243902439024,1.45679012345679,3.6491562329885685,-0.6288536995515694,-12.307164771701858,-0.5473670224544931,-0.4387584252779805,0.09138773975178638,0.1579150579150579,0.2098765432098766,0.23191094619666042,-0.018248175182481896,0.09849749582637735,0.031249999999999778,0.2376681614349776,0.1685144124168514,0.03703703703703698,0.24741176470588244
2004-06-30,-0.05294896168238239,-0.24057577211220538,-0.0706742405856231,-0.20608756203960976,0.007216957261811707,-0.541802503962426,-1.228414576431614,-1.228414576431614,-1.225,-1.2261306532663316,-0.6199285756103272,-0.28544459127808197,-0.9300911368968765,-2.0012720156555774,0.7827583569188403,-0.0509993108201241,0.008002667555851994,0.03401360544217691,-0.031626506024096335,-0.22862453531598503,-0.15957446808510634,0.030303030303030276,0.06340579710144922,0.020872865275142427,0.008928571428571175,-0.0434782608695653
2004-09-30,0.039047031776778374,0.2638245917484865,0.10588409674015464,0.5154589974331745,-0.17488909569457212,-0.007051572957757157,0.35972981932703463,0.35972981932703463,0.33333333333333326,0.33333333333333326,1.644447011706716,0.8019374724790842,6.0623287671232875,0.6883611844034008,0.7413112503218056,0.008351488743645552,-0.04267284154813111,-0.024671052631578982,-0.17418351477449456,0.04096385542168668,-0.04339963833634719,0.02941176470588247,-0.20613287904599653,-0.03903345724907059,0.017699115044247815,-0.16604220074935905
2004-12-31,0.04571459534635891,0.20372606636342905,0.0662504786826652,0.23156864413992673,-0.04151011285713302,0.7777010722789524,-2.3498003839941486,-2.3498003839941486,-2.283333333333333,-2.283333333333333,-1.1765228407916006,-0.06270465764136646,-0.9332428151165422,-2.931180181744516,-0.8221422763225981,0.020525747209218625,0.016931582584657878,0.005059021922428464,-0.04331450094161948,0.23611111111111094,0.020163831127914422,0.028571428571428692,-0.08315450643776834,-0.03868471953578345,0.04347826086956519,-0.022582170725939932
2005-03-31,-0.007355522039115492,-0.01890483488922945,-0.07106797627500883,-0.2171272843712494,0.2966503032053134,0.25538999237706217,1.172495540854801,0.8321103610214264,0.9350649350649349,0.9350649350649349,-6.4660947038442504,-0.34263218270935447,23.154479418886197,-1.11311254308407,0.5228595178719866,0.05151729004940009,-0.2701325178389399,-0.10570469798657722,0.2972440944881889,0.09925093632958815,0.07659048795552792,0.0277777777777779,0.30602691632533663,-0.2676056338028169,0.0,0.2531752751905165
2005-06-30,-0.0699173673897926,-0.3081297256764357,-0.0213838099073701,0.05221017072840595,-0.23766229427877872,-0.49952024151185503,-1.5328926856644012,-1.6318980602863973,-1.6241610738255035,-1.6241610738255035,-0.1907334741925747,0.10621083525025776,-0.08496561679263814,-2.580551139374669,-0.5426673944687045,0.04093959731543628,-0.3580074487895717,-0.32457786116322707,-0.2367223065250379,-0.19761499148211248,0.47102696500286867,0.02751842751842748,-0.1801075268817205,-0.4065934065934066,0.016666666666666607,-0.34247104247104243
2005-09-30,0.11118943355279942,0.7149730688386757,0.08406587256122044,0.2780740587447319,0.23212342523279172,0.02813983500682471,-0.4462906622981512,-0.4462906622981512,-0.7526881720430108,-0.7526881720430108,0.42435940472194256,-0.30431664993546537,-1.6016520234000131,-16.78122380553227,18.725880246667995,0.05029013539651839,0.06453952139231345,0.05833333333333357,0.1809145129224652,0.3757961783439492,0.7406396255850234,0.02678144428503093,0.10874316939890716,0.07870370370370372,0.008196721311475308,0.3418966529653553
2005-12-31,0.023885874058596324,0.09346962225307598,0.04129564615272474,0.19901972582956806,-0.04297353126843051,0.7540181963412496,-2.9376232741617354,-2.742638771484925,-4.782608695652174,-4.782608695652174,-1.2156801131230606,0.6922284065141209,-2.2090677348871086,-1.7020980506719074,-0.6665053145358101,-0.08471454880294649,0.0735694822888282,0.16010498687664043,-0.04208754208754206,-0.22530864197530875,-0.39256105758458437,0.026082906380996862,-0.06554953178905865,0.07296137339055786,0.024390243902439046,-0.08806476315501588
2006-03-31,-0.02774666886696553,-0.11048499735105721,-0.06439694985993216,-0.4702812197748052,0.11660581511657786,0.13948373911498124,0.43164342973479,0.24243587929745125,0.24137931034482762,0.24137931034482762,-4.885813148788927,-0.14210013399926913,-0.234360410830999,-1.3707861768443987,0.741034169942546,0.0067069081153587895,-0.38705583756345174,-0.248868778280543,0.11599297012302268,0.05179282868525914,-0.0770933234968646,0.025419881979119374,0.14873417721519,-0.392,0.0,0.6792226487523991
2006-06-30,-0.04419915532704499,-0.1783652213291067,-0.033793941358787216,-0.15177937782064976,-0.08157616669116485,-0.47208861905226074,-1.1883848195126907,-1.2413619208745446,-1.2407407407407407,-1.2407407407407407,-0.1262595491399916,0.006744763933262288,0.43611329661683707,-0.7860523953317555,0.09106224815895514,-0.0069953364423718245,1.0734989648033126,0.6506024096385543,-0.0818897637795275,-0.1117424242424242,0.5079936051159071,0.025675077467906204,-0.0390266299357207,1.138157894736842,0.0,-0.03136162308901258
2006-09-30,0.018572679852727925,0.10293399631565547,0.11293793495058857,0.5440127044469625,-0.33112390799530134,0.03348377379592682,0.8721439644132911,0.8721439644132911,-0.6153846153846154,-0.6153846153846154,0.33215326574764426,0.29936530324400557,-0.0652221552621487,3.1876788098416933,0.34951209029115393,0.01777926870177793,0.10384423364952555,0.014598540145985384,-0.33104631217838765,0.10874200426439229,-0.44924463291810224,0.025032369443245495,-0.3435260391782131,-0.009230769230769265,0.023809523809523725,-0.28564053396268163
2006-12-31,0.014101914234501578,0.0599632274061741,0.0008863500640665656,-0.0017598038699901952,0.09665331846521275,0.5737271026510773,-3.0030960866904275,-2.792778197789538,-9.799999999999999,-9.799999999999999,-1.0556733685877648,0.05693351424694715,-0.004043956043956021,-3.623838586263436,-0.6795517546446477,0.045814106789716647,0.07417458163726809,0.017985611510791477,0.09487179487179476,0.5653846153846154,-0.039461020211742026,0.0244210526315789,0.08151382823871911,0.012422360248447228,0.007751937984496138,0.06184183357423079
2007-03-31,0.029407230118642103,0.12958635674168817,-0.051414912974941385,-0.1815846129116413,0.4846858121459623,0.31336331539059126,1.1546728971962619,0.6759910036547652,0.6704545454545454,0.6704545454545454,-19.392237222757956,-0.10603882099209205,-0.013152087562891657,-1.4398965439427867,0.9328572480306265,0.028679483138985162,0.32042105263157894,0.4434628975265018,0.48711943793911017,-0.061425061425061545,0.022044088176352616,0.02383888203863549,0.4421265141318975,0.266871165644172,0.03846153846153855,0.3801652892561984
2007-06-30,-0.06328503793619489,-0.3004214451622269,-0.053243696914505256,-0.22010895813612041,-0.10044697322597107,-0.46417298915298444,-1.0476452629998498,-1.0684391512203304,-1.0680272108843538,-1.0680272108843538,-0.4115819690395984,1.6339824228847148,0.07605843768634468,-2.46219714308263,-0.7057019882684543,0.09528186274509798,0.1071428571428572,0.06854345165238684,-0.10078740157480315,-0.2630890052356021,-0.11960784313725481,0.024488157366519436,-0.03966402239850664,0.07263922518159793,0.022222222222222143,-0.10299401197604785
2007-09-30,0.07658426184948608,0.2159432460386681,0.10794964371005955,0.563032322256489,-0.04066925177700653,-0.038850747954101816,-4.671218487394958,-4.671218487394958,-10.0,-10.0,0.9483860907531576,-0.6771562534074801,0.49843451275941364,-1.501443799757118,1.2024202420242025,-0.032167832167832144,0.3807603686635943,0.3264604810996563,-0.04378283712784592,0.07637655417406752,-0.1041202672605791,0.0336990595611284,-0.108843537414966,0.4717832957110608,0.0,-0.22202151888792898
2007-12-31,0.09362004827956882,0.44225907951575927,0.08882016053326725,0.31576125284936585,0.11741552816584622,0.7939140505300208,1.5896518836432998,1.5896518836432998,-0.033333333333333326,-0.033333333333333326,-1.4373863831246785,-0.14948662523642264,-1.5726886094674555,-2.0696948495775254,-0.5840042310630547,0.04595375722543338,-0.050062578222778376,-0.03886010362694303,0.11721611721611724,0.09405940594059414,-0.28589185829707886,0.023123578468536854,0.021810250817884347,-0.02607361963190169,0.021739130434782705,0.09610337169392302
2008-03-31,-0.01065617898328175,-0.023304787049157283,-0.05741787325961889,-0.021285266331819708,0.18795701769267703,0.3454945947968906,1.4482091888408064,1.4482091888408064,0.8160919540229885,0.8160919540229885,-2.7372699707235464,0.048844412675720816,-2.502437764360208,-1.3382471322197627,0.47485520553750526,-0.14506769825918753,0.2736056214317082,0.044923629829290324,0.18852459016393452,-0.23529411764705876,-0.14273281114012193,0.022600963319748146,0.20064034151547494,0.22362204724409462,0.06382978723404253,-0.0020261558298031446
2008-06-30,-0.06363655675832025,-0.21737138703430625,-0.06897825590613149,-0.2055278082599198,-0.04650031345534289,-0.4684092679127726,-1.0661000376081233,-1.0661000376081233,-1.1012658227848102,-1.1012658227848102,0.1251109673342261,0.2683628653642285,0.4700636121378836,-2.5438048490257326,-0.4970547387577223,0.06819650937297972,-0.06189655172413777,-0.0352536543422185,-0.04689655172413787,-0.10059171597633154,0.03248730964467006,0.02318840579710124,0.01866666666666661,-0.051480051480051525,0.01333333333333342,-0.014950166112956853
2008-09-30,0.0035124357561073793,0.02819272445820431,0.11724153162944106,0.3749435240477832,-0.3720267258317552,-0.01848713114034184,1.3268092853891669,1.3268092853891669,-3.5625,-3.5625,0.03285813630041723,-0.2185671641791045,-0.0682406256852569,-1.0392137970902784,0.03875452294800996,-0.07382753403933429,-0.17147583164859415,-0.2103386809269162,-0.37192474674384957,-0.028508771929824595,-0.05604719764011801,0.022662889518413554,-0.3743455497382199,-0.23880597014925375,0.03947368421052633,-0.2522016113921678
2008-12-31,0.09966824592350587,0.33584649114552945,0.14313536358833656,0.3635020213646887,-0.15176553815058114,0.3842615509980276,-7.062353286384977,-7.062353286384977,2.658536585365854,2.658536585365854,-1.8804526562479769,-0.32065092826037134,-2.6946985267583976,75.46928746928747,2.8529654413786782,-0.18392682130022864,0.597826086956522,0.4322799097065464,-0.1520737327188939,0.3002257336343115,-0.03645833333333326,0.02216066481994461,-0.22873082287308222,0.45276292335115875,-0.012658227848101222,-0.02029566524680526
2009-03-31,-0.0891962500948863,-0.29880974812586836,-0.2216296123142537,-0.5258404622749082,0.954658965267452,0.13246839342891414,0.19257359050684486,0.19257359050684486,0.1399999999999999,0.1399999999999999,-4.581014705882353,1.347165991902834,-3.355774660926723,-2.0224271439128616,-0.7570660449181577,0.12009607686148915,0.0680272108843536,0.08195429472025206,0.9538043478260869,0.3194444444444444,-0.09189189189189184,0.02168021680216814,1.1464737793851718,0.1398773006134968,-0.05128205128205132,0.4789002557544757
2009-06-30,-0.05640113855638551,-0.24605454819428396,-0.08670570272177269,-0.2596932996427638,0.038254297208338395,-0.5473798758041577,-1.0914871309229885,-1.0914871309229885,-1.1403508771929824,-1.1403508771929824,-0.6032384839985381,-0.010061808250682813,-0.8419588224429083,-2.1231262373904025,3.5000489668005095,0.123302358827734,-0.04380605745482902,-0.007283321194464731,0.037552155771905404,-0.42499999999999993,0.08095238095238089,0.02221485411140578,0.10025273799494516,0.0452099031216362,-0.05405405405405406,0.018417639429312516
2009-09-30,0.01669087411798187,0.054299381091650334,0.07476304679170509,0.650110829949587,-0.1441409919218486,-0.09579340823286653,1.4865064695009242,1.4865064695009242,-3.5833333333333335,-3.5833333333333335,-0.01284479635667335,0.40849910459319494,0.3181648638567698,-0.6288928061781247,0.288639825897715,0.12885777919185482,-0.13376835236541607,-0.04622157006603078,-0.14343163538873993,0.08924485125858106,0.15638766519823788,0.00648718780408708,-0.15811638591117905,0.023686920700308978,-0.06428571428571417,-0.36109696043470885
2009-12-31,0.09355898173464183,0.4641161174950317,0.05732888243333201,0.18001688044602426,0.2221374695096019,0.9484860984577583,-3.4547130538209934,-2.9449301219149566,0.8548387096774193,0.8548387096774193,-1.0358588294503743,0.01529157073640075,-0.7026787398604037,-4.6739048480735885,-0.8229105095164913,0.05129650507328076,-0.3666038920276208,-0.17461538461538462,0.22222222222222232,0.2268907563025211,-0.010476190476190417,0.02159200773445047,0.11732605729877221,-0.23641851106639844,-0.022900763358778664,0.240797342192691
2010-03-31,-0.004047678418928391,-0.013834610479431464,-0.05841627352658285,-0.15080562780942175,0.15927250521419167,0.34953967057318436,0.6290701618373873,0.3903803816046967,0.38260869565217415,0.38260869565217415,-18.889181286549707,-0.3047112976375821,1.618615570078041,-0.9869887331458945,-0.06046156780469192,0.0868632707774799,-0.38230921704658083,-0.08294501397949683,0.1574903969270165,-0.11130136986301364,0.20404234841193447,0.021135646687697074,0.16402116402116418,-0.36100131752305664,0.015625,0.16129377744457551
2010-06-30,-0.08085106854402047,-0.32538206358098176,-0.0521812073959963,-0.11880713592567016,-0.15199801689512393,-0.5524065541061347,-1.091996757954537,-1.1360427525235866,-1.1446540880503144,-1.1446540880503144,0.24378483516124283,0.21983157279852028,0.24202849389416548,-0.6466876971608833,-0.02273650020300444,-0.03428712382831778,0.0036101083032489267,0.0030487804878047697,-0.1515486725663716,-0.1657032755298652,0.003197442046362964,0.021933889403769058,-0.07727272727272727,0.0,0.007692307692307665,-0.23443696393986913
2010-09-30,0.02222140530064265,0.05696816360952983,0.07803009938006356,0.23926558768332717,-0.13023778421288223,-0.03928262563254359,2.188651794374394,2.188651794374394,-2.260869565217391,-2.260869565217391,0.11647129941126999,0.5874935153038829,-0.08156298160394837,7.491071428571429,-0.19754881595346907,0.10855683269476368,-0.06155075939248589,-0.03951367781155013,-0.13037809647979137,0.3071593533487298,0.10517928286852585,0.02146311970979453,-0.1492989768851838,-0.07216494845360832,0.01526717557251911,-0.1470907119624142
2010-12-31,0.1121046279990967,0.5266343008304231,0.11328724124993372,0.3202089244821429,0.11084737217997742,0.8376885991502048,-2.8977946768060834,-2.541977186311787,2.6896551724137936,2.655172413793104,-1.0240468932073117,-0.029285337221286567,-1.9020178419711131,-1.9505783385909568,0.23401501423763915,0.08110599078341019,-0.03151618398637146,-0.05696202531645567,0.11094452773613206,0.24204946996466425,0.20836337418889705,0.020716188221367338,-0.0008908685968820329,-0.06000000000000005,0.007518796992481258,0.15635593220338984
2011-03-31,0.01396171382860123,0.030864420885045485,-0.033557916558694,-0.14980037587921835,0.17453387667114195,0.2949872897089487,0.5761339958326654,0.35836991007874275,0.35514018691588767,0.3679245283018866,-31.89672050905531,-0.33390304536979487,-1.2716933148091458,13.304203539823009,2.712607509964338,0.013000852514919004,-0.07299912049252422,-0.1174496644295302,0.1740890688259109,-0.08819345661450928,0.046539379474940246,0.020585677007828318,0.15827017387427533,-0.09219858156028371,-0.007462686567164201,0.21253206302674976
2011-06-30,-0.0747802855634152,-0.28413868413868415,-0.05769839662495402,-0.1569847682132024,-0.09782190890374987,-0.48076481953646766,-1.0775580074913984,-1.110757463905798,-1.1310344827586207,-1.1310344827586207,-0.06731409017458256,-0.09108933986470724,4.605044201768071,-2.128180341814245,-0.8243021810374054,-0.04796970334525563,0.028937381404174678,0.006337135614702172,-0.09770114942528729,-0.1887675507020281,0.003990877993158559,0.021022727272727026,-0.025019245573517868,0.005208333333333481,0.015037593984962516,-0.15090158154528055
2011-09-30,0.014724720951902581,0.07276060450875499,0.0929890069639212,0.03553715592538498,-0.21596493380474913,-0.022719452881082347,3.93826486013986,3.93826486013986,-0.8421052631578947,-0.8421052631578947,0.17029877872709043,-0.21245562256726125,-0.25663744182090886,-1.0827021283887994,0.3880045023315646,-0.08530386740331486,-0.04426002766251724,-0.052896725440806036,-0.21656050955414008,0.013461538461538414,-0.0993753549119818,0.02058987200890372,-0.2273983418870904,-0.09067357512953378,0.022222222222222143,0.035947324712302775
2011-12-31,0.08266475844152943,0.3822263527153338,0.11231526820729854,0.3678128041898654,-0.039171614804867416,0.4861181441018141,-1.940922668436774,-1.940922668436774,-19.333333333333336,-19.333333333333336,-1.1719618572112802,0.18851835759287416,-2.744290052835212,19.77248238707004,5.806765523632993,0.06740758637352018,-0.16401350699469364,-0.23936170212765961,-0.359349593495935,0.36242884250474394,0.21626733921815888,0.020174482006543037,-0.11241696474195206,-0.19943019943019946,-0.014492753623188248,0.010535959688501961
2012-03-31,1.4777775091696803,0.41223704732459265,0.8690755122417626,-0.05571964453032552,4.373331043406937,0.6899001479938931,2.1483833039388593,1.4696061140505585,1.2909090909090906,1.2909090909090906,-14.920830519918974,64.21285929717132,15.023147099159264,0.6260075013965365,1.387126421131459,-0.02602987777274779,-0.2712060011540681,-0.17307692307692302,3.964467005076142,0.5208913649025071,0.25298081907724224,0.020309994655264507,1.1686816350028786,0.19572953736654797,-0.21323529411764708,0.4955802357207617
2012-06-30,-0.053410633426630105,-0.2848336318710837,-0.012663316248197387,-0.0040326041798998125,-0.12083379945145933,-0.5050554962295795,-1.6676027934421331,-1.851095029518187,-1.7936507936507935,-1.7936507936507935,-0.39119890380394584,-0.9758243036523521,-1.0620167443051276,-1.2136757380186989,-0.12416404055383645,-0.09481756913781081,-0.89944576405384,-0.7293868921775899,-0.121165644171779,-0.8177655677655677,0.013653289201489338,0.020953378732320616,-0.07114414653570478,-0.8660714285714286,-0.17757009345794394,-0.2818822459649921
2012-09-30,-0.00934659166293672,-0.048044497637245276,0.028396535503933507,0.15632427997442044,-0.07948280141710606,-0.10780756890959797,-0.14968338144145354,-0.14968338144145354,-0.27,-0.27,-0.0944209855395769,0.06156521739130438,0.4046827558894477,2.6026988228538617,-0.5107413527836344,0.08164313222079578,-2.078740157480315,-0.78125,-0.0796974985456661,0.23115577889447247,1.2044897959183674,0.02052334530528488,-0.07087739354101164,0.0,-0.15909090909090906,-0.17674369526221378
2012-12-31,0.032860996902817075,0.32852218706531544,0.03795660612095819,0.16849197653705406,0.022282371847251792,0.7179556522335557,-2.271857689828033,-2.134705209004908,-2.2739726027397262,-2.2739726027397262,-0.5547613025260912,-0.32568807339449546,-1.356588749914565,-1.9169123858402002,0.95717280622941,-0.013529551388559269,-2.1824817518248176,4.0,0.02212389380530988,0.07346938775510181,8.618589150157378,0.020110608345902392,-0.010150722854506355,0.8444444444444446,-0.09459459459459452,0.13688797744168157
2013-03-31,0.004496359125761629,0.06300391482311385,-0.04402665577918985,-0.1764766666198906,0.10677600425769151,0.34171108781527804,1.2056380282418662,0.6825987639289897,0.6774193548387097,0.6774193548387097,3.314182680432742,0.07519436345966968,-4.417245675403709,-0.904707272980114,0.046603757544843916,-0.0031280076997113326,1.617283950617284,1.2428571428571424,0.10698824984539246,-0.026615969581748944,-0.8266217516843118,0.019714144898965058,0.10161591050341823,1.5301204819277108,0.014925373134328401,0.2908680947012401
2013-06-30,-0.06369952423361669,-0.3651850258350212,-0.055478535090589975,-0.2613823134394252,-0.07866710319791237,-0.5054280411526202,-1.1622593898915614,-1.2731739588860789,-1.2756410256410255,-1.2756410256410255,-0.6723480511152842,-0.07200692953715215,-0.024272763603474745,-20.44162714337833,-0.8657076483202287,0.11754767076997341,0.7712264150943395,0.3917197452229302,-0.07877094972067045,0.01171875,-0.3236371710891528,0.020299661672305458,-0.015796897038081736,0.7523809523809522,0.014705882352941124,-0.14061135371179034
2013-09-30,0.004930484183756079,0.06711849957374261,0.04492678150082341,0.29396738309759907,-0.06972170109584608,-0.08552067235211502,0.5625379390085272,-1.173385469223007,-1.1860465116279069,-1.1860465116279069,0.454227751664366,0.3392719451320969,-0.6111075183053454,-0.9634261909006465,-0.23577088247746936,-0.013174946004319676,0.7283621837549934,0.1167048054919908,-0.06973923590054576,0.06949806949806958,-0.43614576493762314,0.01989578398863112,-0.0745199197477786,0.7038043478260871,0.01449275362318847,-0.1753048780487806
2013-12-31,0.05791789554555882,0.5677582226198941,0.06129130467838628,0.2929621021307218,0.05084552960845756,0.9659492076620861,-3.495523161166198,14.358649789029537,13.249999999999998,13.249999999999998,-0.5760838219744304,-0.3215357110390594,-1.08828366068624,-5.5325808106721395,1.398337950138504,-0.04311665572335299,0.09861325115562414,0.17213114754098346,0.05084745762711873,0.028880866425992746,-0.4052401746724891,0.019507663725034652,-0.006503561474140773,0.04146730462519921,0.05714285714285716,0.2125693160813309
2014-03-31,0.0009485012073295884,0.039813290800597256,-0.04081159917909738,-0.1546562470227798,0.08936900119474944,0.4281754326245475,0.7798855431511216,0.5035430087154225,0.5,0.5,2.742063492063492,0.07440821795444386,-21.888656341565508,-0.538261263300883,0.26921426921426916,-0.016925892040256185,0.06802244039270677,0.104895104895105,0.08933002481389574,-0.06315789473684219,-0.10474791972589337,0.01913439635535319,0.08821695760598525,-0.029096477794793296,0.09459459459459474,0.23008130081300804
2014-06-30,-0.07275616316321465,-0.39633013810069884,-0.06825948785067515,-0.3163500906797795,-0.08113940254911234,-0.5894298628234835,-1.1572700049562064,-1.2766989679549379,-1.2748538011695907,-1.2748538011695907,0.4837979094076654,-0.03533422015297638,0.9687293349097248,-3.9181171855847023,-0.6189646655053171,0.05328059562587262,-0.013131976362442566,-0.007911392405063333,-0.08143507972665143,-0.0337078651685393,-0.009841443411700346,0.019669199821189087,-0.008879977083930068,-0.02681388012618302,0.012345679012345512,-0.1169861202908129
2014-09-30,0.007881417075372044,0.026755289461667164,0.060470634763693853,0.33945165068760574,-0.09153598235528149,-0.08640704980293101,0.2538598024416727,0.07812642317150931,-1.9361702127659575,-1.9361702127659575,-0.40334675916708784,0.7278721020425751,-0.6032540930627865,-0.9506426951188776,-0.08017741385192767,-0.004859730505853865,-0.23087159015302727,0.02551834130781483,-0.09175449473031605,0.08139534883720922,0.011043622308116952,0.019289785181937802,-0.09884393063583818,-0.24473257698541317,0.0,-0.23343937125748493
2014-12-31,0.02636513996835066,0.2438783336100634,0.08215191424522361,0.35196772866688053,-0.09674330768835104,0.586423179693315,-0.16423427038671934,-0.03461676558176863,-2.1136363636363633,-2.1136363636363633,-1.1233925683826864,-0.21605107614035968,-1.6527059789371064,-5.278297872340426,0.3729228486646885,0.005105438401775908,-0.8685121107266436,-0.5972006220839814,-0.09692832764505122,0.10752688172043001,-0.12288367012561441,0.018924731182795806,-0.11994868505452227,-0.869098712446352,-0.024390243902438935,-0.07994629561821065
2015-03-31,-0.01618533295736635,-0.07397725683629752,-0.09590988478357998,-0.36438967538231004,0.1945928884109034,0.23799156608070282,-9.239746278840565,-5.42235494880546,-5.448979591836735,-5.428571428571429,-22.452641797254195,-0.3583699179232678,-6.627478725704067,-0.42749154565347125,0.15550872642783808,0.09010600706713778,2.0855263157894735,0.7683397683397684,0.1950113378684808,0.2071197411003236,1.5828144458281446,0.018573237653018104,0.2142857142857144,2.3770491803278686,-0.10000000000000009,0.4568851154152296
2015-06-30,-0.05012298538948545,-0.3377452873089827,-0.03364658762475381,-0.16671409322616815,-0.08309061428066522,-0.56560064054268,-1.078446887795004,-1.1680394979642519,-1.1697247706422018,-1.1705069124423964,-0.5827822489414655,0.233725023550994,-0.618069937103404,-2.793954134815844,-0.24143090951601587,-0.0364667747163695,0.18550106609808092,0.06986899563318771,-0.08349146110056926,-0.193029490616622,-0.3052073288331726,0.01906340654786587,-0.03451380552220895,0.20388349514563098,-0.04166666666666674,-0.20524494627572398
2015-09-30,-0.010520461336898435,-0.05067902850079942,0.03592786743905596,0.23545894309770476,-0.10847061095349153,-0.12498718557587496,0.9428806005160686,-2.616392380840227,-2.5945945945945947,-2.6216216216216215,-0.22679981097433433,-0.09387935538319336,-0.28014959355540725,-0.716250242107302,-0.09030945629392184,-0.08557611438183343,1.4334532374100721,0.0020408163265306367,-0.10835058661145625,-0.0033222591362125353,-0.13775156141568357,0.0187067913786092,-0.09916070873484606,1.4798387096774195,-0.02898550724637672,-0.23166819431714025
2015-12-31,0.02058762173709816,0.22258646526240522,0.033817931221120645,0.17065536139880733,-0.011831322430611135,0.5400348128807659,-2.629399335949291,0.3026009033950168,0.30508474576271194,0.28333333333333344,-0.6394942238520345,1.1535459262873111,-1.1914131470308034,-2.7023890784982934,0.16900454021820144,-0.12899517130374794,0.6740576496674058,0.5926680244399187,-0.011609907120743057,-0.023333333333333317,-0.20201207243460773,0.018363273453093854,-0.031746031746031744,0.8146341463414635,-0.0746268656716419,0.0444378168804056
2016-03-31,-0.009287718418350743,-0.03612348964519496,-0.06309538020967442,-0.28317868658154055,0.12865092807023615,0.28472220065890586,2.036913539080928,1.2605218266730054,1.2597402597402598,1.2597402597402598,5.617548150412718,-0.5013592552928577,-15.294578273276263,-1.6058540497193263,-0.08758912526810037,0.010031678986272219,-0.11523178807947021,-0.231457800511509,0.1284259984338294,0.023890784982935065,-0.39132627332324754,0.018032144257154048,0.1393442622950818,-0.03853046594982079,-0.08064516129032262,0.34466019417475713
2016-06-30,0.05003150878484974,0.4816991253752363,0.12015171916089717,0.5630280330611683,-0.0991863445109813,-0.4601921238641815,-1.1344771215251233,-1.2670287255362842,-1.264367816091954,-1.264367816091954,-0.6290937649618238,0.1214273913761772,-2.071256470369769,-194.19457313037722,18.546188055908512,0.14793518034500797,-0.008483033932135786,-0.04159733777038277,-0.09923664122137399,0.016666666666666607,0.3280861640430821,0.018097805159799973,-0.14200813262433531,-0.02329916123019571,-0.0350877192982455,-0.05202803142917811
2016-09-30,-0.07720048876124308,-0.4615400247932204,-0.0478473352481501,-0.17874109595158882,-0.15487423143737278,-0.11895657780444346,1.6256614956605886,-0.41959694232105627,-0.3913043478260869,-0.3913043478260869,-0.314487912585631,-0.09041691219799641,-2.4200143876162494,-1.9997019700805367,-0.9485563468408,0.07012750455373395,-0.30095621540010065,-0.14756944444444442,-0.15485362095531585,0.18688524590163946,0.10667498440424183,0.01739788199697423,-0.08421436383521697,-0.3187022900763359,0.0,-0.34442204301075263
2016-12-31,0.03499705503269035,0.46778323578595327,0.04841370635639697,-0.07826426829579147,-0.005001918154176388,0.7206693973797351,-2.059036255585756,-4.216874201787995,-4.107142857142857,-4.107142857142857,-0.45420458862588986,-0.012471150342146853,-0.9535269810848588,-0.9774731864441627,-0.4153661464585834,-0.024042553191489402,0.09503239740820746,0.054989816700611094,-0.005469462169553352,0.1546961325966849,0.4611048478015787,0.01747211895910783,-0.03861464968152861,0.039215686274509665,0.0181818181818183,0.5925166581240389
2017-03-31,0.006781069484592006,0.09950848044305993,-0.002745106286936916,-0.09342367256637163,0.03670604105467734,0.2754036676383633,0.4690823672705917,0.3114686980471948,0.31034482758620685,0.31034482758620685,4.118935931967436,0.16130222641354708,2.6472287890727606,-13.972619409796167,9.21668648006052,0.02746893394375416,-0.2761341222879685,-0.5096525096525097,0.036663611365719495,0.03349282296650724,-0.0277777777777779,0.01717208622579469,0.029399585921324967,-0.33153638814016173,0.0,0.21285269820834674
2017-06-30,-0.04500315614535444,-0.350429226241446,-0.013128107565683056,-0.12456098607560695,-0.1413231748205852,-0.45870365653150547,-1.3460855146275021,-1.5450348605106567,-1.543859649122807,-1.543859649122807,-0.48978686925419024,0.49496875331003065,1.408768455167447,-2.0532703266808943,-0.9501771830538954,-0.04052620411627417,-0.055404178019981876,-0.11023622047244097,-0.14146772767462423,-0.07407407407407418,0.4130952380952382,0.01706178160919536,-0.10056315366049873,-0.13104838709677413,0.03571428571428559,-0.25802742149491376
2017-09-30,0.00527170308674596,0.14591537750009698,0.04496435174981506,0.3509014418888814,-0.1325783128793241,-0.04775014117767851,-0.6100487679671458,-0.779741035165064,-0.7741935483870968,-0.7741935483870968,-0.20864426419466975,-0.5276793727268434,-0.6584842618269885,-1.0290119677150014,0.5532908704883228,-0.021450685537372838,0.18942307692307692,0.7345132743362832,-0.13285272914521118,0.1399999999999999,0.11934849761303012,0.01677556065689556,-0.13729874776386408,0.09744779582366592,0.01724137931034475,-0.15176442536957557
2017-12-31,0.032725907498926565,0.4047306017294465,0.03939515107487668,0.2366886087094089,0.004823317425878271,0.7685169585756548,-6.727661675168669,-8.253664302600473,-7.928571428571428,-7.928571428571428,-0.9733358713796234,-0.0037001850092505117,-1.3936396069075707,-1.045663852647736,-0.016265718972115928,0.02214689265536718,0.16976556184316882,0.07908163265306123,0.004750593824228044,0.17763157894736858,-0.0923231309583542,0.01649878430010432,-0.026956972524624034,0.05073995771670181,0.05084745762711873,0.13591004919184813
2018-03-31,-0.012197693568670953,-0.051187029132494066,-0.042194184519460554,-0.20872278475028294,0.1176186506161292,0.32139881315286756,0.8370251194683063,0.45979858553596453,0.48453608247422686,0.48453608247422686,124.53487095002745,-0.007578419071518239,-12.747901028634974,19.680672268907564,-0.3419480339030151,-0.029626354189697057,0.2874913614374568,0.33096926713948016,0.11820330969267134,-0.03351955307262566,-0.1014372581536761,0.01623099265334016,0.13159296750133187,0.1468812877263581,0.08064516129032273,0.19908438505320447
2018-06-30,-0.05183060973636611,-0.22533178358951855,-0.011613411193491241,-0.06940144025473316,-0.20099136225318281,-0.49208233525451495,-1.3878346817916423,-1.6324410409829355,-1.6319444444444446,-1.6319444444444446,-0.5017169803892405,0.6342672195812684,-0.6154738127467035,-1.140593254774482,0.07305743243243246,-0.057644110275689275,-0.1229200214707461,-0.11367673179396098,-0.2008456659619452,-0.1579961464354528,-0.2288526607197785,0.015971755211835914,-0.15725047080979293,-0.19298245614035092,0.02985074626865658,-0.16757816530801772
2018-09-30,-0.0001332028980671751,0.05774528873814733,0.04108762116527109,0.2803320417242603,-0.18925204050409528,-0.11630516859291107,-0.578915533093177,-1.0218514291093512,-1.043956043956044,-1.043956043956044,-0.42108913411818416,-0.6233444733259066,-0.3602806326543172,4.190751445086705,0.3534041715859897,0.0009671179883945502,0.1940024479804161,-0.05611222444889774,-0.18915343915343907,0.25400457665903886,0.2142002393298763,0.015720668542114957,-0.18938547486033508,0.10434782608695659,0.01449275362318847,-0.17379447130283876
2018-12-31,0.02030481290778119,0.21830928254822513,0.040661472222636164,0.20034865816750935,-0.09962469368123184,0.756544104577179,-2.4200529894340344,16.614431879375335,7.75,7.75,-1.0585514543083316,1.2550936575747618,-1.629737945896025,-0.20935412026726052,0.20645536493166627,-0.23236714975845407,-0.35417734495130704,-0.30785562632696406,-0.09951060358890707,-0.054744525547445355,-0.32194480946123527,0.015477354187031445,-0.11716057891109588,-0.42125984251968507,0.014285714285714235,0.015003750937734539
2019-03-31,-0.005894848897686766,-0.026359430598518196,-0.04118431571063064,-0.1901261872289186,0.23440336118070237,0.184559376649724,3.9259092748280358,3.529960256802201,3.5428571428571436,3.5428571428571436,-66.07459207459208,-0.16743779372654743,-8.186678887870455,-5.802816901408451,-0.8218847915160279,-0.1202013845185651,0.28333333333333344,0.2239263803680982,0.23369565217391308,-0.021235521235521082,0.4723837209302326,0.015241456762393746,0.24121779859484782,0.19387755102040827,-0.014084507042253502,0.20206947524020702
