Quarter end,Assets,Current Assets,Liabilities,Current Liabilities,Shareholders equity,Revenue,Earnings,Earnings available for common stockholders,EPS basic,EPS diluted,Cash from operating activities,Cash from investing activities,Cash from financing activities,Cash change during period,Cash at end of period,Price,ROE,ROA,Book value of equity per share,P/B ratio,P/E ratio,Cumulative dividends per share,Equity to assets ratio,Net margin,Asset turnover,Current ratio
1994-12-31,0.0023006884988860943,0.0006363084682052822,-0.009983419070465738,0.12243156496358854,0.03158639070956504,0.0,0.0,0.0,0.0,0.0,-0.6118309287760846,7.847024308466052,-1.156140350877193,inf,inf,0.0735405610310842,-0.026910656620021567,-0.0726141078838175,0.05119453924914663,0.09112149532710268,0.0008754012255616228,inf,0.029081990189208318,-0.048523206751054815,-0.01834862385321101,-0.10851865354235013
1995-03-31,0.0023006884988860943,0.0006363084682052822,-0.009983419070465738,0.12243156496358854,0.03158639070956504,0.0,0.0,0.0,0.0,0.0,-0.6118309287760846,7.847024308466052,-1.156140350877193,inf,inf,0.0735405610310842,-0.026910656620021567,-0.0726141078838175,0.05119453924914663,0.09112149532710268,0.0008754012255616228,inf,0.029081990189208318,-0.048523206751054815,-0.01834862385321101,-0.10851865354235013
1995-06-30,0.07556413278668983,0.06850097446375059,0.10817841493554936,-0.04626229989719488,-0.0036856980153122665,0.11578753905532069,0.21360718870346607,0.21360718870346607,0.20833333333333326,0.20833333333333326,-0.6118309287760846,7.847024308466052,-1.156140350877193,inf,inf,0.0735405610310842,-0.026910656620021567,-0.0726141078838175,-0.016233766233766267,0.09112149532710268,0.0008754012255616228,inf,-0.07354443309499492,-0.048523206751054815,-0.01834862385321101,0.12036532170119951
1995-09-30,0.061461009412117074,0.06569093684390337,0.04724615864302839,0.009203065272921584,0.10267632691727568,0.02449143468950754,-0.01258726464988369,-0.01258726464988369,0.0,0.0,0.15775034293552803,0.5367378843147472,1.5407087294727746,inf,inf,0.0735405610310842,-0.026910656620021567,-0.0726141078838175,0.09240924092409242,0.09112149532710268,0.0008754012255616228,inf,0.03895626607864755,-0.048523206751054815,-0.01834862385321101,0.05596787930405167
1995-12-31,0.03761613015259724,0.03741106147100193,0.027152238760683733,0.03387366040174489,0.06374727627019405,0.0478269607596844,0.051633636850562326,0.051633636850562326,0.034482758620689724,0.034482758620689724,0.41299932295192954,-0.3615092943678905,-1.2963668526330112,inf,inf,0.14124293785310726,-0.026910656620021567,-0.0726141078838175,0.05438066465256797,0.044967880085653,0.0008754012255616228,inf,0.02511496285815351,-0.048523206751054815,-0.01834862385321101,0.003399009102431183
1996-03-31,0.1553428142949227,0.08945455995454243,0.19213279644635461,0.1892384623398271,0.06575195365373854,0.1330334837376348,0.13211775491494349,0.13211775491494349,-0.4666666666666667,-0.4666666666666667,0.3554144705318638,4.588692545384318,-19.780532598714416,inf,inf,0.23329207920792072,-0.026910656620021567,-0.0726141078838175,0.05157593123209159,0.17008196721311486,0.0008754012255616228,inf,-0.07763975155279512,-0.048523206751054815,-0.01834862385321101,-0.08388356203709024
1996-06-30,0.19072995624925015,0.19798786680941016,0.2390445836198405,0.10592323303111262,0.05907903593851205,0.15999204377615928,0.003239157818966998,0.003239157818966998,0.0625,0.0625,-0.8518191191633525,0.03891907769129088,0.40851750440054757,inf,inf,0.031610637230305993,-0.026910656620021567,-0.0726141078838175,0.05722070844686655,-0.019264448336252293,0.0008754012255616228,inf,-0.11036288814066586,-0.048523206751054815,-0.01834862385321101,0.08322887941840063
1996-09-30,0.12307316530742396,0.13432932720766555,0.04572276363927252,3.9605006072696014e-05,0.370808749460354,0.01683339535494599,0.014349775784753271,0.014349775784753271,0.0,0.0,2.3059642147117296,-0.6865738661876964,-0.8172058874579096,inf,inf,0.04280155642023353,-0.08628318584070782,-0.0726141078838175,0.29639175257731964,-0.012499999999999845,0.0008754012255616228,inf,0.22035323801513873,-0.03547671840354771,-0.03738317757009346,0.13428604489701468
1996-12-31,0.08801666110957851,0.08675759116297388,0.10512859741681635,0.09013742392839696,0.043770248478539164,0.0663444702775624,-0.030946065428824054,-0.030946065428824054,-0.05882352941176472,-0.05882352941176472,0.010523783751277938,1.463838480314125,2.6112139771162703,inf,inf,0.12546641791044766,-0.09200968523002429,-0.09395973154362403,0.03976143141153088,-0.13200723327305608,0.0822157434402333,inf,-0.04066161268090984,-0.05747126436781602,-0.03883495145631066,-0.0031114511604182216
1997-03-31,0.004161218840443404,-0.03343639247565,0.028461048435156178,0.1331573402438877,-0.0594518029709139,0.03929300848241768,-1.9264598540145985,-1.9264598540145985,-2.0,-2.0,1.5460604617948106,-0.7283426836228154,-1.2308086717589366,inf,inf,-0.15043514297554905,-0.518,-0.5234567901234568,-0.03632887189292555,-0.18333333333333335,-0.1632543103448275,inf,-0.06321839080459768,-0.5097560975609756,-0.030303030303030276,-0.14700163733115013
1997-06-30,0.09521459980434233,0.05882070134840167,0.09228719376766725,-0.08175794816991722,0.1035475276022777,0.07294394928791337,-2.2040575142800867,-2.2040575142800867,-2.125,-2.125,-0.6531179880329094,1.8950768986840019,-4.314878104351789,inf,inf,-0.16146341463414626,-0.044260027662517354,-0.025906735751295318,0.06150793650793651,-0.13010204081632648,0.6278171281390859,inf,0.0076687116564417845,-0.00497512437810943,-0.02083333333333337,0.15308019914822135
1997-09-30,0.05413039726837332,0.09239869108917476,0.04979449661056612,0.10823455475446475,0.06597006328108801,0.08733540125282135,0.772861115655161,0.772861115655161,0.7222222222222223,0.7222222222222223,1.6653190485816318,-0.09877185536098143,-0.5486459550484569,inf,inf,0.08144269924374625,0.37337192474674397,0.3457446808510638,0.04299065420560755,0.017595307917888547,0.050435126582278444,inf,0.011035007610350034,0.33499999999999996,0.010638297872340496,-0.01425375851844135
1997-12-31,0.0715829785292661,0.01810045029442331,0.0774952792076955,0.023507605710715307,0.055486255952891916,0.020685100289713487,-0.4543944636678201,-0.4543944636678201,-0.4516129032258064,-0.4516129032258064,-0.14986348467994737,-0.00683651611138969,0.20855065291049613,inf,inf,-0.16944593867670787,-0.01475237091675441,-0.02766798418972327,0.06451612903225823,-0.20172910662824206,-0.40670306910186405,inf,-0.015054572826496027,-0.02621722846441954,-0.010526315789473717,-0.005277323341601137
1998-03-31,0.02772748104794176,-0.0015595783422743814,0.033800639890236406,0.157146814688651,0.02122727272727265,0.0560126152089393,-1.4386098427194318,-1.4386098427194318,-1.5294117647058822,-1.5294117647058822,0.3790591174021649,0.3950866565707556,0.41206489210899355,inf,inf,0.03886010362694292,0.07593582887700534,0.07317073170731714,0.008417508417508435,-0.025270758122743597,0.018089495398286193,inf,-0.006113870844478342,0.0769230769230771,0.0,-0.13719560719401558
1998-06-30,0.013946002190713847,0.040075347432353636,0.00784372810494971,-0.07602479184954647,0.031309077875621094,0.031824454445279704,-3.173703489492963,-3.173703489492963,-2.7777777777777777,-2.7777777777777777,-0.5537897574123989,-0.7026786986984792,-0.8567126221389372,inf,inf,0.021197007481296826,-0.06361829025844923,-0.06060606060606066,0.03005008347245397,0.011111111111111072,-0.10411471321695764,inf,0.01691657054978868,-0.06785714285714284,0.010638297872340496,0.12568406813011124
1998-09-30,0.03344516770950623,0.03722594257407574,0.04715356564019446,0.012854469555203751,-0.004672472617084367,-0.01043233950390865,-0.07050997782705104,-0.07050997782705104,-0.0625,-0.0625,-0.44309669936693563,1.0386118896592418,5.812237272302663,inf,inf,-0.21367521367521358,-0.3004246284501062,-0.3104838709677419,0.008103727714748654,-0.2344322344322345,-0.18510786360473197,inf,-0.03667296786389407,-0.29885057471264376,-0.010526315789473717,0.024034522313868933
1998-12-31,-0.005324904027892541,-0.02009662958826297,-0.026573312009985584,0.061831739219002424,0.05683496089515527,-0.04102200750393348,1.1076335877862595,1.1076335877862595,1.1333333333333333,1.0666666666666669,1.5951926414439432,-1.185585846343096,-1.9179750885613074,inf,inf,-0.1824534161490684,0.32625189681335365,0.3450292397660819,0.048231511254019255,-0.19138755980861244,0.15286080273270697,inf,0.062401883830455196,0.3497267759562841,-0.010638297872340274,-0.077132341174588
1999-03-31,-0.007247766051463822,-0.02306174813363071,-0.016236745534293884,-0.04780473005831154,0.016973125884016893,0.008432306223920216,-0.6341452372328866,-0.6341452372328866,-0.65625,-0.6774193548387096,0.335439863577089,-3.4115410858758164,-0.6215953791764179,inf,inf,-0.1329534662867995,0.3112128146453088,0.3304347826086955,0.021472392638036908,-0.17159763313609466,-0.36185185185185187,inf,0.024381233838197236,0.34817813765182204,-0.010752688172043001,0.026010057222125793
1999-06-30,-0.00556146936776114,-0.00047777173597440825,-0.011281218254262426,-0.07734765211361316,0.009347163681533877,-0.010525904101374106,0.12424204925133031,0.12424204925133031,0.18181818181818188,0.30000000000000004,-0.49560579884323597,-0.4634195634599838,-0.5479965787222844,inf,inf,0.12924424972617743,-0.0602094240837695,-0.04575163398692805,0.009009009009008917,0.1071428571428572,-0.1688914683691236,inf,0.01478543094121898,-0.03003003003003002,-0.021739130434782594,0.0832629147653654
1999-09-30,-0.00517280373422313,0.020234457733962596,-0.018691103660852693,-0.05022902934216278,0.02934277485710446,0.020543198425267306,1.0816730875068794,1.0816730875068794,1.076923076923077,1.076923076923077,0.5427649540828989,-1.5489265536723162,4.584570596797671,inf,inf,0.15227934044616886,0.13741875580315677,0.17465753424657526,0.03720238095238093,0.14193548387096766,0.20251396648044673,inf,0.034825870646766344,0.17647058823529393,0.0,0.0742108273961204
1999-12-31,-0.017992738153972287,-0.00934710074212508,-0.027254545362948912,-0.07484480850358499,0.004551446468899156,-0.046102522922158884,-0.4839255499153976,-0.4839255499153976,-0.4814814814814815,-0.4814814814814815,0.04984072846616683,1.3510360916700974,0.29698170254913214,inf,inf,-0.1607744107744108,-0.223673469387755,-0.20408163265306112,0.01434720229555242,-0.192090395480226,-0.2851335656213704,inf,0.023008241758241788,-0.20526315789473681,0.0,0.07077846630519002
2000-03-31,0.05410422434147688,0.0681400112878614,0.0934715770102561,0.26912829641274016,-0.038685959122887636,0.09929784481125181,-0.9461065573770492,-0.9461065573770492,-0.9285714285714286,-1.0,-0.5022679906828491,-5.471456922717722,-2.213122990353698,inf,inf,-0.20060180541624884,-0.1650893796004207,-0.16849816849816845,0.012729844413012614,-0.2097902097902098,0.011372867587327251,inf,-0.08794897616649888,-0.17880794701986757,0.011111111111111072,-0.15833257979925863
2000-06-30,0.002808551103844037,0.03624110178820428,0.0032980114048992704,-0.03678573380207295,0.0014962741292721127,0.007091534972594182,17.661596958174904,17.661596958174904,14.0,-inf,-0.24839901477832516,-0.8355851445728085,-0.9935558684668268,inf,inf,-0.1882057716436637,0.02015113350125941,0.008810572687224516,-0.0027932960893854997,-0.20353982300884943,-0.03775100401606413,inf,-0.0014722119985278725,0.0,0.01098901098901095,0.07579501504082509
2000-09-30,-0.011368431432804194,-0.012771331783147044,-0.025174626003735656,0.1812564415321627,0.02571352495910939,0.0026870547044239856,0.05980032599836993,0.05980032599836993,0.06666666666666665,0.06666666666666665,2.149844338849746,-0.21032155617308457,-74.26735218508998,inf,inf,-0.07727975270479137,-0.21604938271604934,-0.222707423580786,0.019607843137255054,-0.06666666666666676,-0.11018363939899833,inf,0.03759675635827486,-0.22983870967741937,0.010869565217391353,-0.16427822439706397
2000-12-31,-0.05121182194020257,-0.19780485180358442,-0.07809573004144454,0.003690110743345132,0.017413089072112253,-0.0368863951699232,-0.35826203979621263,-0.35826203979621263,-0.375,-0.375,1.8341873228080212,0.5138749245928012,2.294937019753693,inf,inf,0.1993299832495814,-0.10236220472440938,-0.101123595505618,0.0013736263736263687,0.16666666666666674,0.4924953095684803,inf,0.07211367673179403,-0.11518324607329844,0.021505376344086002,-0.20075282308657472
2001-03-31,-0.03261030342074156,-0.004855815949969311,-0.04934847545708276,0.122861164611072,0.006105290441727362,0.050297490948679746,-0.8010784901138406,-0.8010784901138406,-0.8,-0.9,-0.6385478039021346,-2.776316663345952,-0.2957863463565792,inf,inf,0.14804469273743015,0.015789473684210575,0.05624999999999991,-0.004115226337448541,0.15306122448979576,0.2602137020741673,inf,0.04009277667329347,0.02366863905325456,0.021052631578947434,-0.11370262390670549
2001-06-30,-0.037562431881722924,-0.19521035210951188,-0.06688240646261634,-0.214368407969033,0.026517110832466217,0.002022485994465306,9.128765060240964,9.128765060240964,9.0,19.0,1.5158431930127456,-1.5073655873775518,0.2931561120183874,inf,inf,0.18126520681265212,0.10880829015544036,0.16568047337278102,0.02066115702479343,0.18584070796460206,0.15311720698254372,inf,0.06658171392163093,0.12716763005780352,0.04123711340206193,0.024375843454790713
2001-09-30,-0.03457093077148299,-0.028409788778263723,-0.010304465827781883,-0.12974966776057062,-0.08278041817639958,-0.008884344740482386,0.08192699427551853,0.08192699427551853,0.04999999999999982,0.04999999999999982,-0.6327846683284724,-0.22483419307295505,-0.69751751072861,inf,inf,0.2687950566426365,0.1401869158878506,0.17766497461928932,-0.08771929824561409,0.23880597014925353,0.1336505190311419,inf,-0.04988052568697732,0.1282051282051282,0.03960396039603964,0.11642651296829998
2001-12-31,-0.016720238431184864,-0.03725071061361773,-0.04042943372067864,-0.008367874840278011,0.03410402647262534,-0.04745110223262183,-0.1860784717927575,-0.1860784717927575,-0.19047619047619035,-0.19047619047619035,0.1306510566960728,0.16997813480368862,0.11465903819390744,inf,inf,0.15422077922077926,0.1489071038251366,0.1767241379310347,0.025147928994082802,0.2650602409638556,0.043494849294162474,inf,0.05155611442942476,0.1454545454545455,0.03809523809523818,-0.029131941883619783
2002-03-31,0.1874332652846702,0.20780445491369504,0.26157528167887056,0.15934126373021984,0.03995386122813471,0.059943990439132344,-5.243478260869566,-5.243478260869566,-5.235294117647058,-5.235294117647058,0.7686492793077466,19.988461850979117,-7.434799195394326,inf,inf,0.23558368495077353,-1.2520808561236623,-1.249084249084249,0.023088023088023046,0.20952380952380945,0.08884826325411344,inf,-0.12406576980568018,0.0,-0.02752293577981657,0.04178061379519904
2002-06-30,-0.010239613478178033,-0.06009362759147796,-0.0349621201824426,-0.16543096086856335,0.04941699828657531,0.10027719211360786,-1.279404742957186,-1.279404742957186,-1.2777777777777777,-1.2777777777777777,-0.7882744214171843,-0.9514720969396644,-1.0154736688925898,inf,inf,0.007398975526465401,-0.06603773584905648,-0.08823529411764708,0.04513399153737674,-0.015748031496062964,0.0,inf,0.06040955631399325,0.0,0.0,0.12622137961207525
2002-09-30,-0.0024719398637814693,-0.04020651800548192,-0.022734411810899968,0.09857294441196207,0.042491007620083066,-0.014453708802013687,0.36713187126174884,0.36713187126174884,0.3500000000000001,0.3500000000000001,3.314422952096586,0.5892301555644197,15.21281783350749,inf,inf,-0.16271186440677965,-0.49494949494949503,-0.4838709677419354,0.03778677462888003,-0.19999999999999996,0.0,inf,0.045059542967492705,0.0,-0.009433962264150941,-0.12631919715118167
2002-12-31,-0.00677471606359803,-0.03862966574273918,-0.02737196631303862,-0.06108690938479433,0.03607144154947495,-0.034838477961569914,-0.13041666666666663,-0.13041666666666663,-0.11111111111111116,-0.14814814814814814,-0.14270024673527115,0.020782089252547653,-0.21266676692375452,inf,inf,-0.01754385964912275,-0.9400000000000001,-0.9375,0.02990897269180759,-0.05500000000000005,0.0,inf,0.043116723129042134,0.0,-0.00952380952380949,0.023936564398992166
2003-03-31,0.00977200825044,0.027840138573919315,-0.009201153781219773,0.09640577762848501,0.04682296534925201,0.017377262317412434,0.08798514614278874,0.08798514614278874,0.08333333333333348,0.04347826086956519,-0.025288243862204518,0.6807966560118024,-0.4170759659462999,inf,inf,0.18406593406593386,-203.16666666666669,-202.0,0.031565656565656575,0.1534391534391535,0.0,inf,0.03661056982580457,0.5119047619047619,0.009615384615384581,-0.06253166389230658
2003-06-30,0.014278547242952966,0.05039877005861437,-0.002568634381995949,-0.11037549785539214,0.04541715736941998,0.04098405071979472,0.019983484723369083,0.019983484723369083,0.0,0.04166666666666674,-0.7170789672680133,-0.2151613563884256,-1.520104854187146,inf,inf,0.08352668213457082,0.022258862324814555,0.062189054726368154,0.041615667074663465,0.050458715596330306,-0.3327736736064473,inf,0.0307604671033892,0.06299212598425186,0.0,0.18073033274145
2003-09-30,0.014865005914689311,0.013049796107930778,0.003641151647105545,-0.013613934642351722,0.03465781259013778,-0.0013100360910605069,0.03157383419689119,0.03157383419689119,0.0,0.040000000000000036,2.3238513427516865,-0.3038210624417521,-4.020070200702007,inf,inf,-0.007494646680942241,-0.040322580645161366,-0.009367681498829161,0.027027027027026973,-0.048034934497816484,-0.05737292400603933,1.0,0.01934235976789167,-0.004938271604938205,0.0,0.02700405387733751
2003-12-31,0.07806508566384118,0.09759731599566557,0.0722048234332262,0.08487308315467335,0.03282471595485004,-0.018640379453232936,0.09302568932140431,0.09302568932140431,0.1153846153846152,0.0769230769230771,-0.11847370335624441,0.03935742971887546,-0.2063118369293122,inf,inf,0.0722761596548005,0.01764705882352935,0.026004728132387855,0.041189931350114284,0.041284403669724634,0.08328884143085946,0.5,-0.04201680672268915,0.04714640198511155,-0.01904761904761909,0.01171452218755964
2004-03-31,0.02347808251196093,0.034177243227678566,0.015837268373088964,0.21925206293653554,0.03754127515872763,0.15540344657411764,0.03681010961658138,0.03681010961658138,0.0,0.0,1.0656125795452076,1.9686244204018548,0.4075019712386889,inf,inf,0.11167002012072458,0.007431874483897483,0.013824884792626557,0.025274725274725407,0.07048458149779746,0.0576638738294728,0.3333333333333335,0.013865308432371215,0.0023696682464453556,0.009708737864077666,-0.1517840286954879
2004-06-30,0.002556083930279396,0.024514273475507053,-0.024029353600662384,-0.056906243684759716,0.048913067042828384,0.04199651018692152,0.021052631578947434,0.021052631578947434,0.034482758620689724,0.03571428571428559,-0.7064359090287782,-0.5650196976796654,-0.9238115563143574,inf,inf,0.012217194570135703,0.005737704918032938,0.015909090909090873,0.04287245444801724,-0.012345679012345734,-0.02562907735321529,0.3125,0.04632989115266528,0.0,0.009615384615384581,0.08635655464055181
2004-09-30,0.11818090252399904,0.16785827345434567,0.17185966884709725,0.0691954817182765,0.03723489274454894,0.10250782604220099,0.029887863989871644,0.029887863989871644,0.0,0.034482758620689724,1.595093123209169,7.695459623364188,-51.94117647058823,inf,inf,0.012516763522574692,0.004889975550122383,-0.01118568232662176,0.03186022610483019,-0.029166666666666563,-0.023912003825920625,0.19047619047619047,-0.07255268071485732,-0.02364066193853409,0.01904761904761898,0.09226251451205347
2004-12-31,0.03088208461231101,0.06861050305844807,0.028238399775557976,0.004867195104992339,0.03719876136972,0.019602089422340985,0.008605171883917961,0.008605171883917961,0.03333333333333344,0.0,-0.783493202677524,-0.706716893866745,-0.6684812493126581,inf,inf,0.1183222958057395,-0.016220600162206056,-0.020361990950226394,0.031872509960159334,0.08154506437768227,0.07937285644292014,0.15999999999999992,0.006327293643945797,-0.04842615012106544,0.028037383177570208,0.06346129798674505
2005-03-31,0.026972637967368707,0.11577302466270067,0.018937463464217652,0.35657185653115375,0.042782180132663994,0.07281453379991487,0.05149523353501939,0.05149523353501939,0.032258064516129004,0.03333333333333344,5.773442978262255,-0.2723446862435269,-2.081564106817051,inf,inf,-0.008290564547966728,-0.012366034624896938,-0.01385681293302532,0.032818532818532864,-0.039682539682539764,-0.025419881979119485,0.13793103448275867,0.015147184909974465,-0.027989821882951738,0.0181818181818183,-0.17749426774060795
2005-06-30,0.03710823901777727,0.03185367726382671,0.020721470690253208,-0.0062648520198747,0.04197761652328991,0.05274750064398703,0.2273141248551085,0.2273141248551085,0.21875,0.22580645161290325,-0.2800432920803727,1.5581475349917224,-1.8653529118582985,-0.6491158617049353,0.0814644607843138,-0.0728503184713376,0.04006677796327218,0.02810304449648715,0.03551401869158877,-0.09917355371900816,-0.09594783418723796,0.18181818181818188,0.00478603603603589,0.018324607329842868,0.008928571428571175,0.03831308077197981
2005-09-30,0.013958037956843139,0.021652058057529677,-0.0030848800777506513,0.36108695652173917,0.044458118062259855,0.03438809859919645,-0.0008432556413802139,-0.0008432556413802139,0.0,0.0,-0.19483914822415982,-0.4996217915314921,-1.095875238137433,-1.8537044001504324,-0.06430777075837846,0.16960068699012454,0.025682182985553803,0.04100227790432798,0.03790613718411562,0.12844036697247696,0.08809891808346215,0.15384615384615374,0.02998038666293068,0.02313624678663251,0.017699115044247815,-0.24934600027536824
2005-12-31,0.0013945554662548876,-0.02412079930664912,-0.016549282091801953,-0.05290466556638096,0.031189585414162613,-0.016823295904684343,0.040611707514685014,0.040611707514685014,0.025641025641025772,0.026315789473684292,0.4419586323343183,-0.07173810803547431,4.6788354898336415,-4.952863436123348,0.27167035029822273,0.1149045521292218,0.032863849765258246,0.052516411378555894,0.026956521739130546,0.07317073170731714,0.04971590909090917,0.1333333333333333,0.02992383025027201,0.03768844221105527,0.008695652173912993,0.03035583272193687
2006-03-31,0.025260125761980445,-0.04410115287593552,0.019067543998291914,0.11409251352054017,0.0366181059230537,0.02803929915277048,0.08538523925385233,0.08538523925385233,0.07499999999999996,0.07692307692307687,0.5229237975139613,1.006767393467837,0.2764667588900642,-1.7820127047810097,-0.16706347316794434,0.17550214027000344,0.04166666666666674,0.062370062370062485,0.03302286198137172,0.1439393939393938,0.10284167794316623,0.11764705882352922,0.011093502377178988,0.05811138014527839,0.008620689655172376,-0.14196706720071195
2006-06-30,0.02328957344209459,0.04893395214125573,0.008482635426261043,-0.08933174113956788,0.04767731711359979,0.07053574148804453,0.155273933705951,0.155273933705951,0.16279069767441867,0.1428571428571428,-0.6820641727044211,-0.4160445069609753,-1.6340483855544576,-0.7339318797206784,-0.053365728169215365,0.053221288515406195,0.03127272727272734,0.0547945205479452,0.04508196721311486,0.019867549668874274,-0.020449897750511203,0.14035087719298267,0.023772204806687736,0.041189931350114284,0.008547008547008517,0.15176348547717833
2006-09-30,0.05227918990221325,0.03197401825126356,0.05932418322167754,0.3691312508224387,0.04476694443408702,0.022910964043071802,0.0231553347821587,0.0231553347821587,0.020000000000000018,0.02083333333333326,0.9822807180727373,1.3517594923027039,2.30394128292781,-0.2828066416711301,-0.040431185458059016,-0.03962765957446812,0.03314527503526077,0.04823747680890533,0.04235294117647048,-0.08116883116883111,-0.09728601252609592,0.10769230769230753,-0.007144679765246353,0.0483516483516484,0.008474576271186418,-0.24623975502116546
2006-12-31,0.03359163913402319,0.028047814865483023,0.03020346619700187,-0.36667639029637955,0.040577193896251806,-0.004223854153098228,-0.17862290439224215,-0.17862290439224215,-0.17647058823529416,-0.18367346938775508,-0.13891560894352817,-0.23845916471337492,-0.38090745868963205,0.41598207617625094,-0.059662040970452135,0.09332594849072273,-0.029351535836177445,-0.02123893805309729,0.033107599699021995,0.049469964664311084,0.02590194264569834,0.09722222222222232,0.006682086867129344,-0.016771488469601747,-0.008403361344537785,0.6232524793882186
2007-03-31,0.2104429512167223,0.07691689596513096,0.3294163603054794,0.13940207190153275,0.04317172286449478,0.08439599851157031,0.34636579133700707,0.34636579133700707,0.30952380952380976,0.375,0.5871205928832217,4.088509156119598,10.545246755800235,1.0843881856540083,-0.13224910484221797,0.03900709219858167,0.026019690576652765,-0.010849909584086825,0.037144938091769886,0.006734006734006703,0.03336339044183956,0.08860759493670889,-0.1381159050293591,0.02771855010660995,-0.03389830508474578,-0.054839896945160116
2007-06-30,0.11378127871455979,0.1640039381327354,0.14447036660275492,0.026981745786950118,0.060909095755929954,0.07171893317530609,0.1826039237206749,0.1826039237206749,0.18181818181818166,0.14545454545454528,-0.11994746826207503,-0.35338170062656094,-0.3726469016696008,-4.944838056680162,0.6012109058655664,0.09361287176986832,0.03564084989718985,-0.018281535648994485,0.023876404494381998,0.05351170568561869,0.019197207678882888,0.10465116279069764,-0.04739336492891,0.03734439834024905,-0.06140350877192968,0.13341121495327113
2007-09-30,0.02299782748168333,0.029697366713621776,0.00811415882935762,0.08129637340359452,0.10268793428079426,0.10073664160926854,-0.021481051817478725,-0.021481051817478725,-0.04615384615384621,-0.04761904761904767,0.17765076516429823,-0.775224165308486,-1.1166131095585017,-0.9620269403463759,0.01425784542761499,0.051716451181453404,0.002647253474520106,-0.022346368715083775,0.09807956104252402,0.028571428571428692,-0.024400684931506822,0.09473684210526323,0.07773631840796025,0.0020000000000000018,-0.01869158878504673,-0.04768776197347635
2007-12-31,0.003991704332161561,-0.0935828877005348,-0.01641563880033703,0.005862387502551414,0.042458584308751046,0.0007564904798353922,0.12244857634017658,0.12244857634017658,0.11290322580645151,0.1166666666666667,0.6480648661183857,0.33188393970833374,1.3953034976430194,3.0861486486486482,0.057440695272243714,0.0716405256464605,0.06930693069306937,0.05523809523809531,0.03935040599625217,-0.024691358024691357,0.017551557700746123,0.08653846153846145,0.03837276399307554,0.06986027944111783,-0.01904761904761909,-0.09885273107727832
2008-03-31,0.0435249055408351,0.06991033185421935,0.051238088214809574,0.05935328930439998,0.029807028128251645,0.07792509262979341,0.1303911558638171,0.1303911558638171,0.1304347826086958,0.13432835820895517,-0.3584117715049575,0.3808915302005198,-1.3476560127312704,-1.6134766432410088,-0.033324351028473864,-0.097507911392405,0.04135802469135785,0.054151624548736566,0.025841346153846034,-0.13291139240506322,-0.19706770159551534,0.10619469026548689,-0.013059183106418404,0.03731343283582089,0.01941747572815533,0.009928737288814382
2008-06-30,0.027955693280737215,0.0678503993962869,0.005989263131229494,-0.007346102122668063,0.06783595691328892,0.027704843654086986,0.07272670643016221,0.07272670643016221,0.0641025641025641,0.06578947368421062,0.00744111726417529,-0.33173396885359163,-1.0450066391781396,-15.756064690026955,0.5086879762126,0.21301775147928992,0.016004742145820927,0.051369863013698724,0.07205623901581726,0.1824817518248174,0.11761546723952732,0.09600000000000009,0.038851351351351315,0.02517985611510798,0.028571428571428692,0.075794814873543
2008-09-30,0.06236664235018474,0.1398927646173087,0.10573925548165208,0.011188232462187031,-0.01181610788683618,0.04051756020635788,0.05716940319091801,0.05716940319091801,0.06024096385542177,0.061728395061728225,0.10110481344124889,1.569119725323191,-90.77096273291926,-1.6220659420951686,-0.209743479198103,-0.05745257452574526,0.05950991831972008,0.055374592833876024,0.006557377049180468,-0.12037037037037035,-0.11725132148005757,0.0875912408759123,-0.0699186991869919,0.05438596491228065,0.0,0.12727540717812658
2008-12-31,0.006862780066803076,-0.05685014759506857,0.0016890678664736036,-0.12082353751266484,0.016764361550190454,-0.07161600313955796,-0.13619697614699056,-0.13619697614699056,-0.125,-0.11627906976744184,0.011106952966679184,-0.4530734300586997,-1.0363502702702703,-0.3280722360886801,-0.17833761982698149,-0.2863714778608396,-0.0016519823788547772,-0.012345679012345623,0.012486427795873833,-0.2912280701754386,-0.3462166575939032,0.10738255033557031,0.009906759906759932,0.006655574043261225,-0.01851851851851849,0.07276412133891208
2009-03-31,0.005507791448536192,-0.02086009715437509,-0.010939267409055708,-0.03227033595073414,0.03651789129373895,-0.08033405856685572,-0.10209369982353778,-0.10209369982353778,-0.07792207792207795,-0.0921052631578948,0.18249811447247133,-0.42303538401306817,17.75731620271235,-1.5481262973888343,0.11896801119252576,-0.09024979854955684,-0.054054054054053946,-0.05156250000000007,0.03217158176943702,-0.09900990099009899,-0.11573688592839304,0.09696969696969715,0.030871321407963004,-0.008264462809917328,-0.047169811320754707,0.011761838015722947
2009-06-30,-0.0015963043383883102,-0.03248185857347796,-0.025239569386890537,-0.01180224760671511,0.04094085910335887,-0.01291939915772411,-0.029478939820470562,-0.029478939820470562,-0.05633802816901401,-0.04347826086956508,-0.041753036987167036,-0.19159988300672715,0.022578231033651752,1.5002989834562488,0.26583029583792483,0.17567168585769122,-0.07288629737609331,-0.07084019769357497,0.03896103896103886,0.13736263736263732,0.20150659133709992,0.09944751381215466,0.04254128183599204,-0.023333333333333317,-0.04950495049504955,-0.02090109625346337
2009-09-30,-0.0014274285750711657,-0.01941412137640741,-0.023101788195515227,-0.02742912232424488,0.03508823399979466,-0.017350909924565228,-0.005035026269702314,-0.005035026269702314,0.0,-0.015151515151515138,-0.15252158585964415,-0.09010391038814436,0.15171737970899435,-2.451610331632653,-0.30484497421817447,0.10070316423907588,-0.10314465408805029,-0.07624113475177297,0.03149999999999986,0.05797101449275366,0.15673981191222564,0.09045226130653261,0.03651006711409388,-0.027303754266211566,-0.05208333333333326,0.008243617348508092
2009-12-31,0.0122998173380231,-0.024377425080340576,0.003278826114147204,-0.016752719941102057,0.026643448644001255,-0.020949508763689062,-0.1407040704070407,-0.1407040704070407,-0.14925373134328368,-0.1384615384615384,-0.18577422897077323,1.0438987148492176,-1.0923552472858866,-0.5626338623757483,-0.19179731714953163,0.08373260323979004,-0.10168302945301555,-0.07293666026871393,0.018904507998061204,0.05022831050228316,0.16598915989159901,0.08294930875576045,0.014245014245014342,-0.03684210526315801,-0.03296703296703296,-0.007810116541582701
2010-03-31,0.012553055114258527,0.07038813767948016,-0.0004341934163248906,0.1638775445284837,0.03273318750995746,0.04061958991919168,-0.14483847565399222,-0.14483847565399222,-0.1578947368421052,-0.1607142857142858,0.6818827312106461,-0.5190266450849779,-14.185189504373177,-2.6878453038674035,0.40054828808963316,0.13642105263157878,-0.10694769711163143,-0.08281573498964812,0.02331113225499526,0.11739130434782608,0.22545031958163841,0.09361702127659566,0.0199182839632277,-0.07468123861566489,-0.011363636363636354,-0.08031486378451513
2010-06-30,0.07093012082922967,0.4581259181679518,0.09386651103471055,0.08076645719583797,0.0364351973552306,0.07372791023842917,0.6168221967164029,0.6168221967164029,0.6250000000000002,0.6170212765957448,-1.6914269935001487,-0.026145905803549807,-2.780281789798608,-0.18992709418241338,0.23167592178889818,0.15024082993701393,0.0174825174825175,0.02708803611738153,0.033937703393770224,0.12451361867704303,0.2579421526789949,0.08560311284046707,-0.032298447671507136,0.03149606299212615,0.0,0.34918087596121694
2010-09-30,0.006912602711331983,0.01808205812482644,-0.011328889887956883,-0.009261582814424019,0.03586687551888401,0.008556451490325356,0.02725350699856488,0.02725350699856488,0.025641025641025772,0.026315789473684292,-1.872838008048908,-0.03379242743931821,-1.298225392977087,-1.4167508494811276,-0.07839005009500777,0.04751167659848621,0.02405498281786933,0.03296703296703307,0.031025179856115193,0.01038062283737018,0.004900113079532531,0.08960573476702516,0.028719275549806023,0.03244274809160297,0.0,0.02760568964662724
2010-12-31,-0.00031517423689886304,-0.008837363904879991,-0.018049924667853712,-0.05841177463881653,0.026552202818678206,-0.025619240757189465,-0.16125591527078798,-0.16125591527078798,-0.17500000000000004,-0.16666666666666663,-0.07624486348077819,0.26058771944907755,-0.16693876191110812,3.04076685764654,-0.3436984555405608,0.015528905289052819,0.008389261744966348,0.017021276595744705,0.025294374182293966,-0.013698630136986356,-0.036009002250562694,0.08223684210526305,0.026911468812877315,0.01663585951940849,0.0,0.052618886852512814
2011-03-31,0.018424729665265316,0.07070823846617591,0.11623025804420073,0.17715395089969954,-0.12330859059364885,0.06594719584248465,0.12072146298651276,0.12072146298651276,0.13636363636363624,0.1384615384615384,0.7800765845573527,-0.04371726320384117,0.8910552522646829,-2.2108305611604955,0.6340996715693274,-0.03361090083270246,0.10815307820299513,0.07531380753138084,-0.05997447894512975,-0.05555555555555547,-0.06614785992217898,0.08814589665653494,-0.13911339701200098,0.06727272727272737,0.0,-0.09040091638029779
2011-06-30,0.03007912873102092,0.03948708110061627,0.11519091383658675,-0.060382318605924135,-0.12695906695671522,0.05587820264010368,0.1961611609211935,0.1961611609211935,0.28,0.2567567567567568,-0.4097422890044735,1.3732152281512544,-1.62803756106846,-0.8506057739945052,0.05797126778286543,0.06407645307848986,0.09009009009009006,0.02529182879377423,-0.09366515837104072,0.12867647058823506,-0.03416666666666668,0.08100558659217882,-0.15248933143669985,0.013628620102214661,0.02298850574712641,0.10628652024984886
2011-09-30,0.001856678575109294,0.000277277971595824,-0.013997156643719033,-0.06692470263962125,0.03922164129291583,0.019567980760972326,0.03813213975549479,0.03813213975549479,0.0625,0.08602150537634401,-0.17549521780517652,-0.4805113626118681,-1.477328214712667,-8.185408501658124,-0.39372263979515987,-0.04873380447585396,0.09710743801652888,0.030360531309298056,0.03494757863205189,0.05211726384364823,-0.10094909404659191,0.08268733850129206,0.03726082578046319,0.015126050420168236,0.011235955056179803,0.07203351243056177
2011-12-31,0.012731586002401318,0.03212443326104353,-0.0029146881931404467,0.8358438451544596,0.04771894291655365,-0.02807891276347152,-0.0694217428795737,-0.0694217428795737,-0.06862745098039225,-0.07920792079207917,0.5371480092801302,0.12031423546834508,0.19506860912201485,-1.3813459763363263,0.24764992779488293,0.10416344219161133,0.11487758945386073,0.044198895027624197,0.04196816208393628,0.06501547987616108,0.027831094049904026,0.07637231503579933,0.03462783171521022,0.0331125827814569,0.011111111111111072,-0.4378185524974515
2012-03-31,0.031392964037032955,0.05949772627304184,0.017332098589542655,0.023613407088314498,0.061315594794862704,0.07575118028066719,0.22432750155590897,0.22432750155590897,0.2210526315789474,0.21505376344086002,0.18280531334272787,0.5744131528126324,-0.5858791581805838,-1.1239960391682253,-0.024612360777462317,0.1665264928511354,0.08783783783783794,0.07054673721340388,0.05370370370370381,0.1191860465116279,0.07609710550887017,0.07095343680709543,0.029089771660931962,0.05769230769230771,0.01098901098901095,0.035055908129344227
2012-06-30,0.009927667728266698,0.045195988717679825,-0.009240330087412207,-0.033940147239554075,0.049028200413881784,0.012977491018403065,0.02567636260943229,0.02567636260943229,0.01724137931034475,0.017699115044247815,-0.10723594690211968,-0.5538726943562564,3.9449750534568784,-10.078970718722271,0.229093433043011,0.038091804854602174,0.0015527950310558758,0.036243822075782584,0.04701230228470976,-0.012987012987013102,-0.06290672451193058,0.08281573498964812,0.03860182370820686,0.031818181818181746,0.0,0.08197080291970793
2012-09-30,0.006620009729396914,0.007519926114754938,-0.009880316712916115,-0.035683479820987185,0.03840921097779493,-0.021989157339475818,-0.10768959668715172,-0.10768959668715172,-0.11016949152542366,-0.10434782608695647,-0.21200625918725402,0.37442841809654026,-0.5693879904292427,-1.6868647380766224,-0.12802623189725837,-0.050005787706910554,-0.037209302325581506,-0.004769475357710551,0.024339068401175057,-0.09473684210526312,-0.09953703703703709,0.07648183556405352,0.03160667251975413,0.0,0.0,0.044795250624030336
2012-12-31,0.02404945999040864,0.03513686736572241,0.056798137041434105,0.2635355519596687,-0.036109456034641885,-0.017812151820495892,0.023389286595902226,0.023389286595902226,0.01904761904761898,0.01941747572815533,0.2130478139023091,0.662619411846511,-2.106276150627615,-3.6663346613545817,0.39148056072032933,0.050932131107591205,0.005367686527106841,0.012779552715654896,-0.008193363375665674,0.026162790697674465,0.04575835475578405,0.07104795737122571,-0.05872340425531919,0.020558002936857722,-0.010869565217391353,-0.1807967973138762
2013-03-31,0.01429195309457687,0.05390591645385712,0.10264649185492192,-0.21287045960054984,-0.16365863400056369,0.04571883269797006,0.03890731471989395,0.03890731471989395,0.0747663551401867,0.06666666666666665,0.029062639519803923,-0.5113434564406125,-2.4972163388804844,0.055552590853300554,0.2969702429210581,0.13495652173913042,0.02295782167645477,-0.02050473186119872,-0.13300289136720378,0.14447592067988668,0.10373647984267453,0.06633499170812596,-0.17540687160940316,-0.010071942446043258,-0.01098901098901095,0.3389296129896746
2013-06-30,-0.00539974814109434,-0.022682278679901358,-0.026753620589026528,0.0052882975093824225,0.051302454223631555,0.01343549844289793,-0.01689091141268384,-0.01689091141268384,0.008695652173912993,0.01785714285714257,0.17553198815508564,0.10800953296377735,1.060485419234889,-1.7790697674418605,-0.17838538652096403,0.010726325467361297,0.013048016701461496,-0.027375201288244777,0.04716531681753233,0.16584158415841577,0.012917594654788367,0.0746500777604977,0.05701754385964919,-0.023255813953488413,0.0,-0.02778595396479666
2013-09-30,0.006900818341384118,0.010282204935318617,-0.01250058533947429,0.6448628662393177,0.0545934792806686,0.001624357074157201,0.12157853718442246,0.12157853718442246,0.11206896551724155,0.11403508771929838,0.23313551924733011,0.12483660130718954,-0.2590060710677822,-3.6144711226476316,0.5676425834084762,0.027289266221952824,0.07367336424523452,0.0331125827814569,0.05141037306642393,-0.019108280254777066,0.02990325417766071,0.069464544138929,0.04737206085753809,0.03125,0.0,-0.38583106267029976
2013-12-31,0.02289365814921629,-0.029725939348401065,0.016385882014612996,-0.050392414328895296,0.037873346290714816,-0.030518654882719543,-0.12868754079720368,-0.12868754079720368,-0.131782945736434,-0.13385826771653542,-0.17970498111594102,1.6177381015265966,-1.3451178674008286,-2.217205688897714,-0.44074956185682834,0.0726092089728454,0.009596928982725572,-0.011217948717948678,0.03461704889658157,0.021645021645021467,0.016225448334756587,0.06495263870094736,0.014526246285903044,-0.00721500721500723,0.0,0.02178842551513349
2014-03-31,0.006612213281800283,-0.0023431711819893453,-0.00853042123093617,-0.01649406212285487,0.04074611016936691,0.020102249192578858,0.06764218997329596,0.06764218997329596,0.06249999999999978,0.06363636363636349,0.10615748140940995,-0.5278228442744025,-3.5567615248906956,-1.1495921696574225,0.11789473684210527,-0.024674371674922035,-0.037547528517110185,-0.0016207455429496642,0.03638644918444167,-0.05720338983050843,-0.03487394957983203,0.06099110546378639,0.033843150016270585,0.005813953488372103,-0.011111111111111072,0.014376688537244275
2014-06-30,0.013596708205355412,0.01575598944168588,-0.00287274535028903,-0.2338674832334542,0.04896370790954707,0.03609080081714433,0.005602272598662195,0.005602272598662195,0.008403361344537785,0.008547008547008517,0.031277814427376205,0.09151516705556562,-0.07722193054826376,0.05657033805888778,0.11142738028492971,-0.001692843035831726,-0.032098765432098775,0.0,0.04560129136400315,-0.038202247191011174,-0.012625163256421379,0.06586826347305408,0.03493862134088754,0.004335260115607031,0.0,0.32588224103490915
2014-09-30,0.00556701845545815,0.004851769470935574,-0.009885038223331866,-0.03239370310431078,0.03710947008816157,0.03362396247831323,0.10646918471165523,0.10646918471165523,0.10000000000000009,0.10169491525423746,-0.26412891172349373,-0.125696924137067,-0.27021798852349754,-2.4965810863114437,-0.15004139072847678,0.036081017428167605,-0.030612244897959218,-0.0032467532467532756,0.03473562331146263,-0.009345794392523366,0.02733686067019403,0.06179775280898858,0.0313260340632604,-0.0057553956834534015,0.0,0.03845326063562671
2014-12-31,0.0144301881833242,0.032526018433838066,0.0006483272899662218,0.23627224099184718,0.0412884583884332,-0.019101384270358013,-0.05200789323785504,-0.05200789323785504,-0.06060606060606066,-0.06153846153846154,0.19193354766602733,0.14109912943789626,-0.1650554639818238,-1.6789655172413793,0.11985634282931579,0.007183124204400704,-0.01210526315789473,0.019543973941368087,0.0354345393509885,-0.025943396226415172,0.0008583690987125081,0.058201058201058364,0.026540843409023962,0.013024602026049381,0.0,-0.16476683937823833
2015-03-31,-0.002733063760970156,-0.039871845824341445,-0.0212185777795989,-0.07425646374130768,0.031885745582588054,-0.022598399183072826,-0.05875599523600039,-0.05875599523600039,-0.05645161290322587,-0.05737704918032793,0.1770429366889319,0.020367957553019567,1.566855191548394,-3.9029964448958863,-0.3107028319834756,0.0056874605037466885,-0.03995737879595107,-0.009584664536741228,0.026296829971181435,-0.029055690072639306,-0.019296740994854122,0.05500000000000016,0.03476012640045956,-0.008571428571428563,0.0,0.03713813068651772
2015-06-30,0.013587596110224753,-0.008728642832722566,0.02895455392221513,0.3003134501929503,-0.013709886567397245,0.036864217656137344,0.005836553697434077,0.005836553697434077,0.0,0.008695652173912993,0.10026899037634074,0.3525357497250021,-0.7253263490479753,-1.9396431070678797,0.42354703887706013,-0.06813285457809692,-0.02441731409544945,-0.009677419354838679,-0.0021060021060020917,-0.09226932668329169,-0.06427634455618725,0.056872037914691864,-0.02692948362021108,-0.008645533141210415,0.0,-0.23765850546295564
2015-09-30,0.018028905110791138,0.008816191807041518,0.07987613564154206,-0.07623653460389679,-0.09658741767542156,0.01841803053989377,0.11105570351901184,0.11105570351901184,0.13675213675213693,0.1293103448275863,-0.33889328381223105,0.028641138365817165,-1.7119343120932344,-1.6578849376280023,-0.1957400842011966,-0.0602061458433677,0.009670079635949902,-0.011400651465798162,-0.06401688357368973,-0.05769230769230771,-0.05607476635514019,0.053811659192825045,-0.11269614835948638,-0.0043604651162789665,0.0,0.09205983889528202
2015-12-31,0.002747594151660815,0.013242928051796277,-0.009751538622926326,-0.057396782606579766,0.030435741927609117,-0.05758532310855258,-0.24654711630658754,-0.24654711630658754,-0.22556390977443608,-0.22137404580152675,-0.047695344718019395,-0.508329324863021,-4.355461068296572,-0.20779680203763973,-0.19280573061955442,0.15477654776547767,-0.039999999999999925,-0.05930807248764414,0.024802705749718212,0.23323615160349864,0.1524752475247526,0.051063829787234116,0.027652733118971096,-0.045255474452554845,-0.022471910112359605,0.07491138997988323
2016-03-31,-0.0074290464422992475,-0.03503022419092516,-0.027523158298227712,-0.1020972347166269,0.03534753754802655,-0.0010266988005378508,0.04742499729232108,0.04742499729232108,0.03883495145631066,0.02941176470588247,0.6428089704180657,-0.04527308916302131,1.1791772923827475,-1.7977136733053496,0.190541203575314,0.2412568791052725,-0.01701877934272289,-0.03677758318739055,0.030069673634030014,0.21276595744680837,0.2946735395189004,0.04858299595141702,0.04317897371714641,-0.02905198776758411,0.0,0.07468140094465725
