Quarter end,Assets,Current Assets,Liabilities,Current Liabilities,Shareholders equity,Revenue,Earnings,Earnings available for common stockholders,EPS basic,EPS diluted,Cash from operating activities,Cash from investing activities,Cash from financing activities,Cash change during period,Cash at end of period,Price,ROE,ROA,Book value of equity per share,P/B ratio,P/E ratio,Cumulative dividends per share,Equity to assets ratio,Net margin,Asset turnover,Current ratio
1996-09-30,-0.02498877749513695,-0.057650015708451186,-0.05118949958982777,0.07664032346995042,0.03172724044039299,0.0,0.0,0.0,0.0,1.714285714285714,-0.45622119815668205,-1.209090909090909,-0.9195519348268839,-1.1539002108222065,-0.69482421875,0.01152604887044717,-0.19041450777202074,-0.08004158004158002,0.021671826625387025,0.12582781456953618,0.03452768729641709,0.0,0.05822784810126569,-0.1333333333333333,-0.020979020979021046,-0.12474358974358979
1996-12-31,-0.02498877749513695,-0.057650015708451186,-0.05118949958982777,0.07664032346995042,0.03172724044039299,0.0,0.0,0.0,0.0,1.714285714285714,-0.45622119815668205,-1.209090909090909,-0.9195519348268839,-1.1539002108222065,-0.69482421875,0.01152604887044717,-0.19041450777202074,-0.08004158004158002,0.021671826625387025,0.12582781456953618,0.03452768729641709,0.0,0.05822784810126569,-0.1333333333333333,-0.020979020979021046,-0.12474358974358979
1997-03-31,0.0009975445058318932,0.00033338889814960027,-0.03435356504697673,-0.07630590645271429,0.07137119908204248,0.08889394111628968,2.2346938775510203,2.2346938775510203,2.2727272727272725,1.714285714285714,-0.45622119815668205,-1.209090909090909,-0.9195519348268839,-1.1539002108222065,0.35040000000000004,0.15086599817684587,-0.19041450777202074,-0.08004158004158002,0.07272727272727253,0.12582781456953618,0.03452768729641709,0.0,0.07027511961722488,-0.1333333333333333,-0.020979020979021046,0.08300375958205186
1997-06-30,-0.00011498658489839109,0.0344942509581736,-0.014206410792096946,0.034744039918684244,0.02516868373139114,-0.0008351602463723129,0.3722397476340693,0.3722397476340693,0.38888888888888884,1.714285714285714,0.6751412429378532,3.5217391304347823,5.829113924050633,-2.7442922374429224,-0.45260663507109,0.06950495049504957,-0.19041450777202074,-0.08004158004158002,0.024482109227872195,-0.0019607843137254832,0.03452768729641709,0.0,0.025146689019279078,-0.1333333333333333,-0.020979020979021046,-0.000270501780803567
1997-09-30,0.011729980450032595,0.001691365979381354,0.014411141386618143,-0.020539382032505826,0.007104053489343842,-0.05004701703061332,-0.26091954022988506,-0.26091954022988506,-0.28,1.714285714285714,-0.2192242833052277,-3.269230769230769,-0.6663577386468953,-0.6518324607329843,-0.28787878787878785,0.08665062025550818,-0.19041450777202074,-0.08004158004158002,0.016544117647058876,0.058939096267190516,0.03452768729641709,0.0,-0.004633415099482119,-0.1333333333333333,-0.020979020979021046,0.022728297632469197
1997-12-31,-0.01318531428787939,-0.012060786363270903,-0.04208201516146359,0.0238876732312181,0.03703319502074698,0.012868455785305821,0.2892690513219285,0.2892690513219285,0.33333333333333326,1.714285714285714,1.4989200863930887,-2.538135593220339,2.738888888888889,-2.3082706766917296,0.5288753799392096,-0.09677968989606411,-0.19041450777202074,-0.08004158004158002,0.03345388788426762,-0.11131725417439697,0.03452768729641709,4.0,0.05093099671412915,-0.1333333333333333,-0.020979020979021046,-0.035142642973676086
1998-03-31,0.15423305816855448,0.1841783999348905,0.0906031904287139,0.051113089937667056,0.2563769130739222,0.08828320121620159,-0.6755126658624849,-0.6755126658624849,-0.7083333333333333,1.714285714285714,-0.8020743301642178,-3.8898071625344355,-1.5921248142644875,-1.132183908045977,0.021868787276341894,-0.015468779475570682,-0.19041450777202074,-0.08004158004158002,0.11811023622047245,-0.045929018789144016,0.03452768729641709,0.0,0.08858780614903594,-0.1333333333333333,-0.020979020979021046,0.12663376291015438
1998-06-30,0.010411815581132355,0.025567010309278437,-0.007941949491486633,-0.11131819722128089,0.03598726114649686,0.01686290161644388,1.8066914498141262,1.8066914498141262,1.714285714285714,1.714285714285714,3.11353711790393,-0.6434699714013346,-1.230865746549561,-17.695652173913043,0.7470817120622568,-0.09944433799578456,-0.11680000000000001,-0.08004158004158002,0.0336463223787169,-0.19474835886214448,0.03452768729641709,0.0,0.025370990904739044,-0.05950653120464455,-0.02857142857142847,0.15401776660041389
1998-09-30,-0.017251028806584356,-0.06962873609435738,-0.05171917295398265,0.03222116301239275,0.028742699047033415,-0.09027573349033458,-0.13245033112582782,-0.13245033112582782,-0.13157894736842102,-0.13157894736842102,0.2845010615711252,0.018716577540107027,4.668478260869565,-1.5572916666666665,-0.23830734966592426,-0.21404255319148946,-0.0720108695652174,-0.025988700564971712,0.03330809992429984,-0.23913043478260876,-0.14483627204030225,0.0,0.04668534080298792,0.0,-0.022058823529411797,-0.09866432337434106
1998-12-31,0.06378345784060846,-0.017143268745948292,0.11484968114181604,0.14942741041743623,0.0009711639025848928,0.051666486894617725,0.11908396946564892,0.11908396946564892,0.09090909090909083,0.06060606060606055,0.33305785123966936,2.8871391076115485,-0.9348034515819751,-1.2990654205607477,0.0935672514619883,0.06415809420682206,-0.1005368472425574,-0.08236658932714613,0.01391941391941387,0.028571428571428692,0.08836524300441817,0.7999999999999998,-0.059099018733273945,-0.05092592592592593,-0.03007518796992481,-0.14491284171118823
1999-03-31,-0.004093843489214266,-0.013045071454745316,-0.0034865983874482476,0.04627992929455238,-0.004925740726919869,-0.041435897435897484,-0.17326057298772168,-0.17326057298772168,-0.13888888888888884,-0.11428571428571421,-0.5697458152510849,-0.8622552329507089,8.75,-3.703125,-0.23128342245989308,0.06054439074026963,0.12316874660879007,0.12515802781289498,0.0,0.04513888888888884,0.17523680649526407,0.0,-0.000711068973690554,0.15934959349593503,-0.03100775193798455,-0.05673370730150051
1999-06-30,0.013786561264822028,0.00460384643944467,0.03952547561775632,0.019198279834126808,-0.02152553813845348,-0.017868606890648397,-0.054455445544554504,-0.054455445544554504,-0.032258064516129115,-0.032258064516129115,0.10374639769452454,0.004901960784313708,-0.19155354449472095,-1.1445086705202312,0.04347826086956519,0.020868313744303313,-0.06714975845410631,-0.0786516853932584,-0.010115606936416222,0.023255813953488413,-0.10592976396085219,0.11111111111111116,-0.03486717267552175,-0.0406732117812062,-0.040000000000000036,-0.014311270125223596
1999-09-30,-0.02030504351080753,-0.046492719343632194,-0.09371548777281091,-0.0394816154309825,0.0866932393070674,-0.06754548425754436,1.924956369982548,1.924956369982548,1.9333333333333336,1.9333333333333336,-1.0848563968668408,-16.034146341463412,4.830223880597015,-5.32,-0.18000000000000005,-0.06602443609022557,0.3775245986535476,0.37926829268292694,0.1058394160583942,-0.05844155844155852,-0.007726980038634812,0.09999999999999987,0.10936347997050877,0.42397660818713456,-0.033333333333333326,-0.007308578996419235
1999-12-31,-0.12429162687042339,-0.19883720930232562,-0.10033076074972436,-0.15280828365233767,-0.15341750723002046,-0.3277252015422363,-0.912291169451074,-0.912291169451074,-0.7840909090909091,-0.7840909090909091,0.0,0.0,0.0,-1.1944444444444444,0.030487804878048808,-0.30641509433962266,-0.14097744360902253,-0.134394341290893,-0.06864686468646874,-0.37241379310344824,-0.5139519792342635,0.18181818181818188,-0.033451484271156406,-0.061601642710472304,-0.0775862068965516,-0.05430378495898813
2000-03-31,0.008107322038827913,0.01538461538461533,0.08642930856553144,-0.17462962962962958,-0.09306782202966168,0.08689607229753205,1.8095238095238093,1.8095238095238093,1.4736842105263155,1.4736842105263155,-5.584615384615384,-0.9899415963659961,-0.90272,0.19047619047619047,0.04930966469428011,-0.2767500906782735,-0.018818380743982455,-0.03268641470888656,-0.07299787384833445,-0.22527472527472536,-0.16021361815754342,0.04807692307692313,-0.10038964015585605,0.03282275711159732,-0.06542056074766356,0.23021056481529856
2000-06-30,0.021926502939161097,0.024394892319420602,0.05455948705770597,-0.02692393986986763,-0.02857142857142858,0.02062679884873675,0.05811138014527839,0.05811138014527839,0.1276595744680853,0.1276595744680853,-0.8322147651006712,-13.516129032258064,-1.7269736842105263,-5.68,-0.2199248120300752,0.1228686058174524,0.000892060660124816,-0.01795142555438234,-0.005351681957186605,0.2127659574468086,0.17806041335453093,0.04587155963302725,-0.04917197452229305,0.05084745762711873,-0.06000000000000005,0.05275005308982794
2000-09-30,0.009951653315453335,0.000651162790697768,0.012554185666835638,-0.16509107678118518,0.005579723850955176,-0.04120319598934674,-0.03661327231121281,-0.03661327231121281,-0.018867924528301883,-0.018867924528301883,2.18,-0.44329896907216493,-0.6470588235294117,-1.1794871794871795,0.050602409638554224,-0.11389012952210809,-0.42691622103386806,-0.4559139784946237,0.016910069177555886,-0.11111111111111105,-0.09176788124156543,0.043859649122807154,-0.004555198285101758,-0.41633064516129026,-0.07446808510638292,0.19849114455157957
2000-12-31,-0.029945141339669412,-0.04917727991075582,-0.03424886022461915,0.1419497376415355,-0.022665287313081928,-0.044607843137254855,-0.8717339667458432,-0.8717339667458432,-0.8461538461538461,-0.8461538461538461,4.333333333333333,-0.4120370370370371,-12.474358974358974,-9.285714285714286,-0.3990825688073395,-0.1557459677419355,-0.029548989113530322,-0.06916996047430823,-0.019652305366591016,-0.16447368421052633,0.4561664190193164,0.04201680672268915,0.0075370121130553525,-0.06908462867012088,0.011494252873563315,-0.16736796041337054
2001-03-31,0.012967365463583347,0.016914352757137374,0.02918825561312599,0.07206771463119699,-0.014145496535796775,-0.0721737643235848,0.18518518518518512,0.18518518518518512,0.0,0.0,-0.6816037735849056,0.9370078740157479,-0.9430167597765363,-0.8448275862068966,-0.10305343511450382,-0.03940298507462692,-0.25240384615384615,-0.26539278131634825,-0.01542020046260606,-0.023622047244094557,0.026530612244897833,0.040322580645161255,-0.026716537536735308,-0.23747680890538048,-0.045454545454545525,-0.051425106124924236
2001-06-30,-0.006009529905412148,0.0053840976829151455,-0.0015662583207473046,-0.029551094067223116,-0.013762811127379204,0.022488479262672723,-0.03125,-0.03125,0.0,0.0,-0.12962962962962965,-0.2804878048780488,0.392156862745098,-0.5185185185185186,-0.05531914893617018,0.16407706650093234,-0.3772775991425509,-0.38150289017341044,-0.014095536413469056,0.185483870967742,0.5387673956262424,0.03875968992248069,-0.007685973099094245,-0.362530413625304,-0.023809523809523836,0.03597152964241568
2001-09-30,-0.0072979644403105,-0.04255522616429186,-0.0070592190038657465,0.7447698744769875,-0.0077197149643705165,-0.03064719668289162,0.29032258064516125,0.29032258064516125,0.25,0.25,0.8680851063829786,0.615819209039548,-1.0422535211267605,-13.0,0.7027027027027026,-0.13614522156967435,-0.5611015490533563,-0.5654205607476636,-0.007942811755361379,-0.12244897959183665,0.3753229974160206,0.03731343283582067,-0.0005532503457813531,-0.5534351145038168,-0.024390243902438935,-0.45122804130497385
2001-12-31,-0.04746116977188364,-0.07500998801438274,-0.04164080573266382,-0.5567545963229417,-0.05774985038898861,-0.08294588060256647,-6.725,-6.725,-6.699999999999999,-6.699999999999999,-0.3530751708428246,-0.506993006993007,-62.333333333333336,-1.2628205128205128,-0.10846560846560849,-0.08776266996291715,-1.992156862745098,-1.978494623655914,-0.06084867894315449,-0.0852713178294574,1.0389854391733206,0.03597122302158273,-0.010794353722668237,0.0,-0.03749999999999998,1.0868131044306168
2002-03-31,-0.028601694915254217,-0.07407407407407407,-0.03579629084486313,0.0180342651036971,-0.015666349105536104,0.0,-0.75764192139738,-0.75764192139738,-0.7543859649122806,-0.7543859649122806,1.8838028169014085,-0.099290780141844,2.9347826086956523,-0.2195121951219512,-0.09495548961424327,0.07317073170731714,0.7351778656126484,0.7362637362637363,-0.016197783461210702,0.14406779661016955,0.0,0.03472222222222232,0.013430330162283122,0.0,0.0,-0.09049432389711165
2002-06-30,-0.009386197226982418,-0.024489795918367308,-0.0026256335104108963,0.027457927369353374,-0.021292612108828934,-0.003853173798418208,-0.32432432432432434,-0.32432432432432434,-0.3571428571428572,-0.3571428571428572,0.0866910866910866,-0.15748031496062997,-0.46685082872928174,-13.40625,1.3016393442622949,0.06186868686868685,0.357630979498861,0.35443037974683533,-0.02166377816291165,0.08148148148148149,0.0,0.033557046979865834,-0.012147984538928847,0.0,0.0,-0.050558912983370785
2002-09-30,0.0020837428739926,-0.0021518230723251985,0.013774947961307626,0.053448275862068906,-0.018899022085485107,-0.04458469055374592,0.0,0.0,0.0,0.0,-0.6247191011235955,-0.03738317757009346,-0.5310880829015544,-0.8740554156171285,0.07122507122507127,-0.3590963139120096,0.3120805369127517,0.30373831775700944,-0.019486271036315173,-0.34931506849315075,0.0,0.032467532467532534,-0.020961430967020744,0.0,-0.012987012987012991,-0.052752007322045324
2002-12-31,-0.1787507846829881,-0.026716185455852415,-0.006944863820279035,-0.06710310965630117,-0.4973681263299362,-0.03217558065203496,4.293333333333333,4.293333333333333,4.555555555555555,4.555555555555555,-1.0029940119760479,-0.4077669902912622,-0.4696132596685083,-4.16,-0.21010638297872342,-0.40538033395176243,0.057544757033247906,-0.032258064516129115,-0.49683830171635046,-0.3894736842105263,0.0,0.00943396226415083,-0.387953182986012,0.0,0.026315789473684292,0.0432605735868945
2003-03-31,0.006401681635773038,0.02548005908419504,0.02432498175626363,0.03157894736842115,-0.05926916221033873,0.05790400704535448,-0.3173803526448362,-0.3173803526448362,-0.31999999999999995,-0.31999999999999995,-453.0,-0.032786885245901676,-2.322916666666667,-4.291139240506329,0.8754208754208754,-0.28549141965678626,0.48004836759371217,0.3037037037037038,-0.06463195691202883,0.4137931034482758,0.0,0.009345794392523477,-0.06529850746268662,0.0,0.0512820512820511,-0.0058937442115011285
2003-06-30,-0.0016614449824361444,-0.026167326851518458,0.015732605081928197,-0.028911564625850317,-0.07105637138796783,0.019562955254942782,-0.040590405904059046,-0.040590405904059046,-0.05882352941176472,-0.05882352941176472,-1.6216814159292037,1.7457627118644066,-1.0708661417322836,-1.8692307692307693,-0.4057450628366248,0.12227074235807844,0.5204248366013071,0.2869318181818181,-0.07293666026871404,0.20731707317073167,0.0,0.0092592592592593,-0.06936127744510978,0.0,0.04878048780487809,0.0028372999068349003
2003-09-30,-0.0023774428225000754,-0.005300135584863752,0.024022444327546966,0.06596614127262113,-0.11754207037225906,-0.014901000204123327,0.10769230769230775,0.10769230769230775,0.125,0.125,-2.2455516014234878,0.537037037037037,-3.4444444444444446,-1.2721238938053097,0.1858006042296072,0.4046692607003892,0.6238581407845247,0.2781456953642385,-0.11180124223602483,0.505050505050505,0.0,0.00917431192660545,-0.11528150134048254,0.0,0.058139534883721034,-0.06688906718466281
2003-12-31,-0.10161574758114489,-0.07893432465923167,-0.023858447488584456,0.0807776560788609,-0.49523259173649237,0.003729796933278129,7.079861111111111,7.079861111111111,6.972222222222223,6.972222222222223,-0.14571428571428569,-0.06425702811244982,-3.5,-0.9105691056910569,0.014012738853503182,0.4335180055401662,2.118795499669093,1.6528497409326421,-0.49650349650349646,0.6174496644295302,0.0,0.00909090909090926,-0.43818181818181823,0.0,0.0439560439560438,-0.14775761415576782
2004-03-31,0.029922011777813173,0.05314139647517835,0.055432113203134126,0.1368127691917913,-0.21980538065254718,0.1928158546655656,-0.7834121186076494,-0.7834121186076494,-0.7804878048780488,-0.7804878048780488,-1.0066889632107023,-0.5321888412017167,-0.7818181818181819,-12.181818181818182,-0.15452261306532666,0.09082125603864721,0.0,0.09635416666666674,-0.22222222222222232,1.1701244813278007,0.0,0.009009009009008917,-0.24271844660194175,0.0,0.06315789473684208,-0.07359813084112155
2004-06-30,0.06042342760006192,0.13323965252938175,0.057562326869806,0.09939826164475152,0.09831254585473226,0.11889927310488058,-1.5277777777777777,-1.5277777777777777,-1.5238095238095237,-1.492063492063492,-110.0,0.9082568807339451,2.5833333333333335,-0.7317073170731707,-0.04903417533432397,0.22143489813994677,0.0,-0.15083135391923996,-0.06547619047619035,0.5697896749521989,0.0,0.008928571428571397,0.035612535612535634,0.0,0.08910891089108919,0.030780694715121015
2004-09-30,0.11187214611872154,0.2620899560365235,-0.005395777673005364,0.037299817555240145,1.6072144288577155,0.1300850734725445,-0.6766917293233083,-0.6766917293233083,-0.696969696969697,-0.7096774193548387,-1.6009174311926606,-0.28846153846153844,-53.674418604651166,-61.18181818181818,3.1031250000000004,0.3430021754894852,0.0,-0.15174825174825168,1.6050955414012735,0.43727161997563946,0.0,0.008849557522123908,1.34525447042641,0.0,0.08181818181818179,0.21670466551743317
2004-12-31,0.011708681025820233,0.036262951053947834,-0.004634994206257237,-0.0369357045143639,0.0912118882910582,0.06501505611825897,3.0697674418604652,3.0697674418604652,2.6999999999999997,3.2222222222222223,-2.1908396946564883,-0.45270270270270274,-1.0852097130242826,-1.0594159113796575,-0.04493526275704496,0.0178185745140389,-1.0762864721485412,-1.0758450123660346,0.08557457212713948,-0.6093220338983051,0.0,0.00877192982456143,0.07859237536656893,-0.3846153846153847,0.0672268907563025,0.07600548446069455
2005-03-31,0.04767456924472091,0.09713842440958453,0.0055561435072495335,0.04525162337662336,0.23456210378023012,0.1304459581030717,0.7428571428571429,0.7428571428571429,0.7297297297297298,0.6052631578947367,-1.3012820512820513,-0.03703703703703709,-0.6321243523316062,0.6610169491525424,-0.07814992025518341,0.16923076923076907,3.8929068150208623,5.271739130434783,0.22747747747747749,0.07592190889370931,2.384703985256854,0.008695652173912993,0.17835780315388794,5.000000000000001,0.0551181102362206,0.049653824916111144
2005-06-30,0.03264498577964625,0.06206300573493606,0.001105088670209975,-0.027761599689380745,0.14663370102700646,0.027967257844474736,0.5032786885245901,0.5032786885245901,0.5,0.4918032786885247,-14.72340425531915,2.9615384615384617,0.6338028169014085,-2.1224489795918364,0.09515570934256057,0.02268602540834852,0.14752700397953378,0.4263431542461005,0.143119266055046,-0.16532258064516137,-0.8896072959912884,0.008620689655172376,0.11029072450392241,0.37962962962962954,0.02985074626865658,0.09238426675299438
2005-09-30,0.05899493074681672,0.09985945706043342,0.009934819175777987,0.02216453674121399,0.21379996682700275,-0.04700287547002879,-0.037077426390403456,-0.037077426390403456,-0.05208333333333326,-0.04395604395604402,1.1054263565891471,-0.2200647249190939,-1.5862068965517242,4.386363636363637,0.4680094786729858,0.1752440106477373,0.19618528610354224,0.3547995139732685,0.202247191011236,0.026570048309178862,-0.17940813810110967,0.008547008547008517,0.1463009143807148,0.3523489932885906,0.0,0.0760140766808668
2005-12-31,0.02958802909803615,-0.001950366534400394,0.005413001613490787,0.0957218206680992,0.09305821262640057,0.03794824184751078,0.3454133635334089,0.3454133635334089,0.3516483516483515,0.35632183908045967,-0.801178203240059,0.9253112033195021,0.5294117647058822,-1.0759493670886076,-0.02421307506053272,0.19177047942619874,0.1203147649616898,0.2511210762331839,0.07476635514018692,-0.009411764705882342,-0.1435011269722014,0.01412429378531077,0.06163886874546787,0.26054590570719594,-0.007246376811594013,-0.08916583468172268
2006-03-31,0.07047151852394196,0.10175202156334229,0.047833514520888354,0.17026207880192556,0.12514064258032254,0.16334973166368516,-0.13720538720538722,-0.13720538720538722,-0.1544715447154471,-0.15254237288135586,0.3037037037037038,0.13146551724137923,0.3173076923076923,-0.6,-0.00992555831265507,0.5432372505543237,-0.022181146025878062,0.06379928315412187,0.11552795031055907,0.4370546318289785,0.19736842105263164,0.013927576601671321,0.05122950819672134,0.06692913385826782,0.0,-0.05851003515137776
2006-06-30,0.06542183919838584,0.08201834862385327,0.008892841262783557,-0.008988421694088977,0.1925555555555556,0.16367131186929362,0.3697560975609757,0.3697560975609757,0.3557692307692306,0.3700000000000001,-1.1590909090909092,-0.08571428571428574,-0.43795620437956206,11.75,-0.1278195488721805,0.4525862068965516,-0.029111531190926465,0.061994609164420345,0.18819599109131402,0.3024793388429752,0.30915750915750917,0.013736263736263687,0.11923326835607528,0.0359778597785978,0.021897810218977964,0.09181420370147331
2006-09-30,0.13096231623547538,0.20541518286134197,0.12090495078595564,0.35480399692544196,0.15009782912512803,0.06408985794516031,0.15313390313390318,0.15313390313390318,0.14893617021276606,0.15328467153284664,-27.696428571428573,0.1958333333333333,-0.922077922077922,-3.019607843137255,0.2959770114942528,-0.11572700296735905,0.017523364485981352,0.08121827411167515,0.14901593252108714,-0.2550761421319797,-0.20761052042529382,0.013550135501354976,0.016835994194484893,0.05164737310774714,0.028571428571428692,-0.11027356964259438
2006-12-31,-0.06845660441618895,-0.06780773739742085,-0.21817387505460895,-0.26755928741631685,0.20917044718081668,0.08421297733623101,0.032118591723286016,0.032118591723286016,0.030864197530864113,0.03797468354430378,-0.1344481605351171,0.3031358885017421,68.66666666666667,0.03991370010787487,0.2374969204237496,0.2663790348354107,-0.06869498660543427,0.04518779342723023,0.19412724306688434,0.10051107325383302,0.0911016949152541,0.017379679144384985,0.29831572937482154,-0.019475021168501194,0.06944444444444442,0.2727197586477661
2007-03-31,0.0919505209920175,0.12475476633633487,0.05727536879749673,0.2012393493415956,0.13352539193353885,-0.01739566182260721,0.1837223219628965,0.1837223219628965,0.16766467065868262,0.1707317073170731,-0.42272024729520863,-0.22860962566844922,-1.0311004784688995,-0.8371369294605809,0.03125622138164452,0.23091482649842265,-0.00164372303266902,0.10948905109489049,0.13114754098360648,0.03095975232198156,0.12944983818770228,0.01708278580814726,0.038038698328935805,0.0932642487046631,0.012987012987013102,-0.0636771009221977
2007-06-30,0.05638950892857153,0.05308824187128236,0.006447862163733387,-0.015217952024761394,0.1122406761628938,0.07190732915634568,0.04398382204246709,0.04398382204246709,0.04102564102564088,0.04166666666666674,0.499330655957162,0.5528596187175043,7.307692307692308,-0.2611464968152867,0.022393822393822482,0.12188621219887241,-0.04198394731426214,0.04706477732793535,0.11171497584541079,-0.007507507507507505,-0.03667621776504304,0.01679586563307489,0.05274306291040043,0.04739336492891,0.0,0.06939483266863178
2007-09-30,0.03452101106679706,-0.002675613692346923,-0.031717691540198545,-0.07844421162912518,0.10155170581358264,-0.09263916264527972,-0.06101694915254241,-0.06101694915254241,-0.064039408866995,-0.06000000000000005,1.625,0.5345982142857142,1.0833333333333335,10.551724137931034,0.25302114803625386,-0.10334429824561409,-0.07883995703544577,0.015466408893185069,0.10103204780010855,-0.19364599092284418,-0.1826293872694824,0.016518424396442244,0.06478873239436611,0.03544494720965319,-0.019230769230769273,0.08220910623946032
2007-12-31,0.04564950980392157,-0.04241366094621646,0.015293671023374422,0.00042631803325288153,0.07265184041680728,-0.04599250936329591,-0.2320783909231563,-0.2320783909231563,-0.231578947368421,-0.22872340425531912,-0.22074829931972784,0.2138181818181819,3.5555555555555554,-1.3007462686567164,-0.060729355033152466,0.009579129725873825,-0.11450559701492546,-0.07520228462636847,0.08682782437099168,-0.0825515947467168,-0.03056768558951961,0.022499999999999964,0.025888133030990357,-0.002184996358339353,-0.07189542483660138,-0.04282161157891584
2008-03-31,0.04414493602890901,0.03068439542846968,0.0630308210031516,0.18011363636363642,0.02824375983809313,0.05480527638190957,-0.04633982538616521,-0.04633982538616521,-0.03424657534246578,-0.034482758620689724,-0.7119161938018332,-0.33073696824445775,0.06926829268292689,2.8535980148883375,-0.24915770896839406,-0.2615322499242959,-0.1395838820121148,-0.11477097272259396,0.026327734906945066,-0.3210633946830266,-0.2424924924924925,0.022004889975550057,-0.015288266715785759,-0.06934306569343074,-0.04929577464788726,-0.1266357773464405
2008-06-30,0.02113927602656429,-0.021443672606463293,-0.025325360534646513,-0.04814636494944635,0.061584219043870014,0.08768795593270795,0.18943661971830994,0.18943661971830994,0.1914893617021276,0.18571428571428572,-0.5409090909090909,0.2882721575649061,-0.5967153284671534,0.016097875080489432,-0.3371794871794872,-0.016675779114270095,-0.11172329354147525,-0.08720930232558133,0.07032286598850068,-0.04216867469879504,0.05946481665014858,0.021531100478468845,0.03965581743359525,-0.052549019607843084,-0.03703703703703709,0.02806753414345642
2008-09-30,-0.012549235137858439,-0.05590828924162261,0.003918131669845781,0.008851795649974736,-0.025709694697375496,-0.04708458800985493,-0.14683244523386618,-0.14683244523386618,-0.13095238095238093,-0.12650602409638556,7.194719471947195,-0.24808895066018066,3.020361990950226,-0.761723700887199,-0.12121212121212122,-0.406032805115374,-0.10509993108201254,-0.09745222929936315,0.014876033057851235,-0.44339622641509435,-0.3741814780168381,0.021077283372365585,-0.013314141777617805,-0.08609271523178808,-0.015384615384615441,-0.0641910739191075
2008-12-31,-0.032838589981447175,-0.0989164954231272,0.1344425614954039,-0.1302331411381299,-0.17059246416035856,-0.20087618500430915,-0.2303955586398334,-0.2303955586398334,-0.21232876712328774,-0.206896551724138,0.6508256141763995,0.38724584103512005,-0.6482836240855374,-6.247340425531915,0.7237710931768158,-0.47648022466651063,-0.03581055063534844,-0.06704304869442468,-0.18037459283387625,-0.48587570621468923,-0.4394618834080718,0.020642201834862428,-0.14241429613420864,-0.034420289855072395,-0.03125,0.03599239912068253
2009-03-31,-0.03287454440821025,-0.0951072872395563,-0.08967452808836174,-0.21371955613200755,-0.005251618824249182,-0.25262874090051224,-0.9467989179440938,-0.9467989179440938,-0.9478260869565217,-0.9478260869565217,-0.5879482800683093,-0.2724850099933378,-0.6224000000000001,-0.8170299036999493,0.07682485635241543,0.08985248100134102,-0.21126198083067094,-0.22995461422087748,-0.01142573273720815,0.3296703296703296,0.14933333333333332,0.020224719101123556,0.028492451626621396,-0.15947467166979368,-0.08064516129032262,0.1508721452976085
2009-06-30,0.07143034239952395,0.1558508505641789,0.08095474888115373,-0.04912023460410553,0.0638134290107637,-0.14622414622414626,-3.2711864406779663,-3.2711864406779663,-3.3333333333333335,-3.3333333333333335,-1.5186500888099466,-0.05128205128205132,-23.70762711864407,8.54847645429363,0.6812252964426877,0.3396226415094339,-0.4,-0.4223968565815325,0.06331658291457298,0.3553719008264462,0.7540603248259861,0.01982378854625555,-0.00702915029977258,-0.3169642857142857,-0.1578947368421052,0.21553124999999995
2009-09-30,0.013560420234183468,0.014420218037661137,0.024243260649553733,0.12201233616037,0.0015417971573115086,-0.01746478873239432,-1.1044776119402986,-1.1044776119402986,-1.0714285714285714,-1.0714285714285714,-1.7773972602739727,-0.13320463320463316,-1.005038253405486,-1.0707861908906295,-0.028682261666862607,-0.039191671769748804,-0.5611814345991561,-0.5782312925170068,0.0014177693761814325,-0.09756097560975607,0.6468253968253967,0.01943844492440605,-0.011867582760774487,-0.4885620915032679,-0.17708333333333326,-0.09589428490629093
2009-12-31,-0.00776255707762552,-0.024180548092423426,0.013429148888389753,0.07301151004981965,-0.03199114831384997,0.16929472477064222,26.0,26.0,39.0,38.0,0.014684287812041008,0.6826280623608019,12.148148148148149,3.8155737704918034,-0.14220016942998914,0.21000637348629692,-0.7,-0.7016129032258065,-0.03303445021236451,0.20945945945945943,1.8240963855421684,0.019067796610169552,-0.024441635061104194,-0.6677316293929713,-0.08860759493670889,-0.09056786191600086
2010-03-31,0.01311550851357568,0.04640568682418911,0.021317142350647078,0.10790906179955173,0.003627869993042543,0.10261125413755057,-0.5185185185185186,-0.5185185185185186,-0.525,-0.5384615384615385,-2.0419681620839363,-0.6651224354731966,-0.3605633802816901,0.2365957446808511,-0.20499435665914223,0.25388464577297865,0.3782051282051282,0.3648648648648647,0.0,0.2960893854748603,3.2315130830489194,0.01871101871101888,-0.009287257019438333,0.35576923076923084,0.0,-0.05549996873241192
2010-06-30,-0.0011810129457188179,-0.006554083145959955,-0.016142330223475776,-0.05404624277456649,0.014805644961624065,0.16966866800088942,1.0,1.0,0.894736842105263,1.2777777777777777,0.6861111111111111,-0.09090909090909094,-0.23348017621145378,0.2718513420509292,-0.32795031055900625,0.0739340474690191,1.1395348837209305,1.118811881188119,0.014641288433382194,0.07758620689655182,-0.21898104583949451,0.01836734693877551,0.015914541094397272,0.9219858156028369,0.09722222222222232,0.050187042738438103
2010-09-30,0.020896812042384916,0.04049889242030247,0.03956247519075551,0.08524289642529781,-0.0005855372304088835,0.006463878326996131,-0.9725274725274725,-0.9725274725274725,-0.9722222222222222,-1.0,-2.0667215815485998,-0.22173913043478266,0.6724137931034482,-1.3495670995670996,0.17058357538949043,-0.09290044983375711,0.0,-0.009345794392523255,-0.00048100048100041537,-0.10799999999999998,-0.596815834767642,0.018036072144288484,-0.021030042918455005,-0.09963099630996297,0.10126582278481,-0.04123191375342805
2010-12-31,0.0008686549212642003,-0.02110427176378027,0.0030547305897326016,0.11345720720720731,-0.003612928424958528,-0.02002266717038159,14.1,14.1,15.0,inf,-0.29729729729729726,1.3575418994413408,-0.39518900343642616,-1.1702786377708978,-0.02481389578163773,0.12764122466580408,-0.2456521739130434,-0.25,-0.004812319538017418,0.13004484304932729,0.13916755602988262,0.017716535433070835,-0.004384042086803985,-0.28278688524590156,0.04597701149425282,-0.1208285385500576
2011-03-31,0.1555323126223962,0.31771547444565273,0.26444463243380434,0.15726927939317314,0.034153273226185776,0.18292212798766383,2.728476821192053,2.728476821192053,2.6249999999999996,2.375,-1.5527472527472528,-0.5059241706161137,-28.045454545454547,-35.90909090909091,0.8882720333102012,0.18049713193116634,0.5216138328530258,0.47169811320754707,0.030947775628626717,0.1865079365079365,0.5424395727937044,0.01740812379110257,-0.10501981505944524,0.4228571428571426,0.03296703296703285,0.13863126402393422
2011-06-30,0.16494944631680308,-0.03444440457823539,0.09353047434267747,0.09110771247542049,0.274911158493248,0.1011895062734236,0.13676731793960917,0.13676731793960917,0.06896551724137945,0.09259259259259256,-0.5685884691848906,8.654676258992806,-1.0508403361344538,-2.16796875,-0.5494303564865859,0.06235827664399096,0.16287878787878785,0.15384615384615374,0.18667917448405258,0.030100334448160515,-0.2821914480077744,0.017110266159695797,0.09421894218942195,0.17269076305220898,-0.02127659574468077,-0.11508523007192828
2011-09-30,0.012894693337741847,-0.0005945524135112512,0.005108595900887192,-0.020324389267120546,0.021555728992455503,0.0007398638650488731,-0.026562500000000044,-0.026562500000000044,-0.032258064516129115,-0.06779661016949146,-9.271889400921658,-0.8243914555389965,0.8636363636363635,-1.1420289855072463,0.1731919521479064,-0.22015551151090107,0.3436482084690553,0.3407407407407408,0.021343873517786438,-0.3441558441558442,-0.32898967676425794,0.016822429906542258,0.008543165467626013,0.3630136986301371,-0.010869565217391353,0.020153657721857288
2011-12-31,-0.013073282193569402,-0.04461795872838814,0.05770459871564659,-0.11926417986714355,-0.09946520173172768,-0.0748188673665533,-0.4911717495987159,-0.4911717495987159,-0.5,-0.4545454545454546,0.05459610027855155,0.5516265912305516,1.893569844789357,-1.7990580847723705,-0.11796060254924678,-0.19804496578690123,0.036363636363636376,0.011049723756906049,-0.10216718266253877,-0.21287128712871284,-0.4378310214375788,0.016544117647058876,-0.08738296923762823,0.03768844221105527,-0.02197802197802201,0.08477042858182338
2012-03-31,0.005258892986488961,0.002023740027242704,-0.003021321900267604,0.015316778834996603,0.016038459984648368,0.08078951574236859,0.7728706624605679,0.7728706624605679,0.7666666666666668,0.6666666666666667,-1.0961436872688854,-0.3710118505013673,-0.6697318007662836,1.5599214145383105,-0.3423541776142932,0.13091175036567515,-0.038596491228070295,-0.03551912568306015,0.012068965517241459,0.25786163522012573,0.05114401076716013,0.016274864376130127,0.010503175378602903,-0.021791767554479535,-0.022471910112359605,-0.013113764421786911
2012-06-30,0.00021386151644264828,-0.018332232881500765,-0.017403601939505853,-0.05885714285714283,0.02405566600397613,0.003622920517559969,0.003558718861210064,0.003558718861210064,0.0,0.0,-5.285714285714286,0.3884057971014492,-0.4849187935034803,-0.6930161166538757,-0.15980823012385137,-0.22634188402672994,-0.025547445255474366,-0.03682719546742197,0.023424190800681366,-0.235,-0.21041399914639347,0.016014234875444844,0.02393038433647554,-0.03712871287128716,0.0,0.043058623619371295
2012-09-30,-0.00019736842105266827,-0.016894164193867467,-0.020737259509472805,-0.0580449301760777,0.025936711318190753,-0.10085457492264627,-0.374113475177305,-0.374113475177305,-0.37735849056603776,-0.36,1.3846153846153846,-0.17223382045929014,0.6216216216216217,-2.7675,0.3361864003804089,-0.09863471719141814,-0.12109862671660421,-0.12941176470588234,0.024552642530170532,-0.11764705882352933,-0.0545945945945947,0.015761821366024442,0.026203966005665658,-0.107969151670951,-0.02298850574712641,0.04369216734002346
2012-12-31,0.027801539777587703,0.01038312942691566,0.09802333603287439,0.12350135361608872,-0.061575142867955956,-0.0978287587054486,-0.7025495750708215,-0.7025495750708215,-0.696969696969697,-0.65625,-0.02311827956989243,0.6973518284993694,-0.3472222222222222,-0.6661951909476662,0.08398576512455525,-0.08346213292117477,-0.11931818181818188,-0.1250000000000001,-0.06295694557270515,-0.11111111111111116,0.046312178387650116,0.01551724137931032,-0.08695652173913049,-0.09221902017291073,-0.03529411764705881,-0.10067742640402089
2013-03-31,-0.011764140977624127,-0.025571576515573957,-0.022700576392493232,-0.06701090074584048,0.003024681400225937,0.07111070747434378,-0.04761904761904767,-0.04761904761904767,-0.10000000000000009,-0.18181818181818188,-1.3159053384700055,-0.3595839524517088,-0.021276595744680882,-8.059322033898304,-0.5469468154957321,0.0647554806070827,-0.2887096774193548,-0.2934362934362934,-0.0013003901170351995,0.14166666666666683,0.2065573770491802,0.015280135823429575,0.014865205341395793,-0.2666666666666667,-0.03658536585365846,0.0443973896139962
2013-06-30,-0.008859303888699932,-0.04684434270765203,-0.01255031305903398,0.45935309310047967,0.001648506292469154,-0.03722231643208407,-0.56,-0.56,-0.5555555555555556,-0.5555555555555556,-3.010452961672474,0.5893271461716938,0.8391304347826087,-0.6164465786314526,-0.46304347826086956,-0.0890085524231865,-0.46031746031746024,-0.46448087431693996,0.0017361111111111605,-0.08759124087591252,0.27717391304347827,0.015050167224080147,0.010675273088381454,-0.4372294372294372,-0.05063291139240511,-0.3468607704324127
2013-09-30,0.07838747630564091,0.15511621922977947,0.1422424774251989,-0.015169391538850552,-0.00983461785484907,-0.2837516512549537,-8.681818181818182,-8.681818181818182,-8.75,-8.75,0.46793760831889086,0.25182481751824826,-11.962174940898345,-8.223787167449139,6.229419703103914,0.01425591098748269,-1.1512605042016806,-1.1428571428571428,-0.010398613518197486,0.008000000000000007,0.847163120567376,0.014827018121911006,-0.08179808400884303,0.0,-0.10666666666666658,0.1729174087832679
2013-12-31,0.04533814192414343,0.09552626693892696,-0.032563441712926244,0.036282731473558094,0.1733084688044757,0.12541497602360763,-6.1301775147929,-6.1301775147929,-6.225806451612904,-6.225806451612904,-0.1676505312868949,-3.2373177842565597,-1.0724606426568903,0.06390814558058922,0.9167444465185739,0.12067192320877607,-17.555555555555557,-18.071428571428573,0.173817863397548,0.13492063492063489,0.0,0.014610389610389518,0.12225789192081327,1.930769230769231,-0.059701492537313494,0.05718252418760028
2014-03-31,0.002754221932304235,-0.018672902263792923,0.008811926840514461,0.035260115606936315,-0.009639969594361086,0.07866273352999009,-1.1153402537485582,-1.1153402537485582,-1.117283950617284,-1.117283950617284,-1.4035460992907802,-1.2838154808444098,-0.30654761904761907,-1.385053960496844,-0.18416439423451503,0.03334353013153879,-0.22315436241610742,-0.2175732217573222,-0.015292801193584449,-0.11888111888111885,-0.5496256479170667,0.014399999999999968,-0.012157330154946355,-0.15485564304461952,-0.07936507936507942,-0.05211967004555351
2014-06-30,-0.050104806649801215,-0.13188520910315293,-0.09090447412523484,-0.27973199329983245,0.003279489236995392,0.1333941051352172,-0.8,-0.8,-0.8421052631578947,-0.8421052631578947,-1.3409490333919156,-0.27089072543618,17.13733905579399,1.5520888418826018,-0.5761012295571206,0.21758436944937842,-0.10151187904967607,-0.08556149732620322,0.0018939393939394478,0.23809523809523814,0.5115089514066495,0.014195583596214423,0.055984555984555984,-0.0652173913043479,-0.017241379310344862,0.20526475299822478
2014-09-30,-0.010303002632820468,-0.039303047179568784,-0.019188872130048606,-0.07021040974529347,-0.0015648363876621385,-0.04414655942806078,-0.825,-0.825,-0.6666666666666666,-0.6666666666666666,-1.0360824742268042,-0.24685138539042817,-0.9280643634642688,-0.811645254869457,-0.25598422979442415,0.01969365426695835,0.24278846153846168,0.29239766081871355,-0.0015122873345935206,0.019230769230769162,0.08516638465877024,0.013996889580093264,0.008912248628884845,0.20598006644518274,0.07017543859649122,0.03326388389970547
2014-12-31,0.012209373846721716,0.02778467908902682,0.09958707105225684,0.14328251548356352,-0.09501253831150736,-0.02066192969334335,-32.57142857142857,-32.57142857142857,-21.0,-21.0,-135.42857142857142,0.1387959866220736,-0.319078947368421,-1.0583058305830584,0.020060560181680565,-0.18621840724845007,-1.0174081237911026,-1.0180995475113122,-0.09428246876183255,-0.18867924528301894,-0.3620062370062369,0.013803680981595123,-0.10600226500566257,0.0,0.049180327868852514,-0.10102906410791268
2015-03-31,-0.003919423935830779,-0.0066475967930381685,-0.006345177664974666,-0.023856651734555645,-0.0014624384236453514,0.07446300715990462,-0.5475113122171946,-0.5475113122171946,-0.55,-0.55,-0.8724760892667375,-0.6696035242290749,0.01449275362318847,-6.943396226415095,-0.11688311688311692,-0.08848520363316736,-12.111111111111112,-11.499999999999998,-0.006688963210702337,0.007751937984496138,0.0,0.013615733736762392,0.00253356979984809,-0.8264462809917356,0.046875,0.017634774537860665
2015-06-30,-0.013344924353343113,-0.033298182998053205,-0.020903380509291858,-0.0522945570971185,-0.003969783396284621,-0.09151488227454463,-2.6399999999999997,-2.6399999999999997,-2.666666666666667,-2.666666666666667,5.625,0.8355555555555556,0.2047619047619047,-1.4095238095238094,0.05420168067226894,0.07393121182899387,-0.44000000000000006,-0.45238095238095233,-0.004208754208754217,0.08461538461538454,4.443584521384928,0.013432835820895495,0.009603234773818636,-0.4444444444444444,-0.02985074626865669,0.020027361860606385
2015-09-30,-0.04764039386023222,-0.11953010279001464,-0.030081192599494155,-0.1699324324324324,-0.06910962349572414,-0.1856234718826406,7.817073170731707,7.817073170731707,8.000000000000002,8.000000000000002,-0.7811320754716982,-0.12348668280871666,0.3675889328063242,-5.1395348837209305,-0.21283379832602634,-0.3313379227776114,-10.035714285714286,-9.695652173913043,-0.06889264581572274,-0.33333333333333337,0.2859173900029932,0.013254786450662692,-0.02252816020025028,0.0,-0.03076923076923077,0.060727990760403916
2015-12-31,-0.06644917303728226,-0.11007338225483654,-0.024234938932345296,-0.06864740198073527,-0.1342228873093071,-0.11264561066410472,0.5691562932226832,0.5691562932226832,0.5703703703703704,0.5703703703703704,0.2931034482758621,0.2458563535911602,-0.27456647398843925,-0.1067415730337079,-0.24151898734177213,-0.34512085944494175,2.0909090909090913,2.03,-0.13209260099863818,-0.2978723404255318,0.0,0.005813953488372103,-0.07272727272727286,0.0,-0.04761904761904767,-0.04446629904112964
2016-03-31,-0.005667889493541023,-0.035821375026772295,0.01670792079207928,0.20713765477057544,-0.0420587670443634,0.02517255379618355,-0.5539885412075805,-0.5539885412075805,-0.5566037735849056,-0.5566037735849056,-3.7333333333333334,0.5232815964523281,-6.47011952191235,-1.148846960167715,0.04739652870493982,-0.1298701298701299,0.379156010230179,0.3399339933993397,-0.04184100418410042,0.015151515151515138,0.0,0.005780346820809301,-0.03645401822700911,0.0,-0.06666666666666654,-0.20128652821172577
2016-06-30,0.024811596230176036,0.08424501582717836,0.04069606595473907,-0.26909617473150715,-0.000400962309542896,0.06996699669966988,-0.8142292490118577,-0.8142292490118577,-0.8085106382978724,-0.8085106382978724,-1.4536585365853658,0.08879184861717615,0.5462490895848506,22.295774647887324,1.0541746335245379,0.1374705420267086,0.07510431154381081,0.030788177339901468,-0.0005458515283843779,0.17910447761194037,0.0,0.005747126436781658,-0.024648896531957565,0.0,-0.0535714285714286,0.48345529016521693
2016-09-30,-0.11409315816413579,-0.09746978078262647,-0.03511710131057766,-0.006934125804853863,-0.2620336943441637,-0.04935225169648361,27.23404255319149,27.23404255319149,26.500000000000004,26.500000000000004,-3.7992831541218637,-0.6082887700534759,-1.1248233631653322,-1.809552599758162,-0.4154514427551971,0.06837016574585641,1.006899525657611,0.8626045400238951,-0.26215182960131067,0.06329113924050622,0.0,0.005714285714285783,-0.16691154863355873,0.0,0.037735849056603765,-0.0911770180554693
2016-12-31,-0.0042948211775128975,0.002497020600420008,0.026338990522371653,0.17822111388196182,-0.0792227204783259,0.0332251784555484,-1.0186510926902788,-1.0186510926902788,-1.02020202020202,-1.02020202020202,-1.8706786171574903,-0.07167235494880542,-1.0150943396226415,-1.3076923076923077,0.21868365180467086,0.04589528118939867,-0.19187795444778688,-0.2508017960230917,-0.07772020725388595,0.4285714285714286,0.0,0.0,-0.07548500881834208,0.0,0.036363636363636154,-0.1491380781703363
2017-03-31,-0.003017408123791143,-0.00220775544862728,-0.016160206163427504,0.12261887963877527,0.028778040141676398,0.08767742745886187,0.7676767676767677,0.7676767676767677,0.5999999999999999,0.5999999999999999,-2.6205882352941177,-0.18382352941176472,155.5,-2.6941747572815533,-0.304006968641115,0.21446229913473425,-0.10635469290082422,-0.163527397260274,0.028089887640449396,0.3166666666666669,0.0,0.0,0.03204883632201461,0.0,0.07017543859649122,-0.11120917917034423
2017-06-30,0.006188887164364498,0.021275388630432213,0.0018826739427011407,-0.11890397184514834,0.013843064122794457,0.016514609077260545,-0.4228571428571428,-0.4228571428571428,-0.4375,-0.4375,-1.2241379310344827,0.3423423423423424,-1.0015974440894568,-0.9255014326647565,-0.03254067584480602,-0.11857506361323145,0.04195180005950605,-0.02456499488229269,0.013270882123341154,-0.14556962025316456,0.0,0.0,0.007393715341959428,0.0,0.049180327868852514,0.15911347837862233
2017-09-30,-0.021441104448257864,0.002222098772290515,-0.012064598709115137,-0.03908701854493579,-0.04648036788114607,-0.012610770279481986,-13.0,-13.0,-13.444444444444446,-13.444444444444446,0.2834008097165992,0.010067114093959662,312.0,4.711538461538462,-0.19210866752910738,0.1697459584295613,-0.8263849229011994,-0.8289611752360966,-0.046224961479198745,0.15555555555555545,0.0,0.0,-0.025321100917431227,0.0,0.03125,0.04299232836169642
2017-12-31,0.021733561900258103,0.06185909871958306,-0.07903296945638993,0.05789786223277904,0.2905475589850126,0.04694511563686565,-1.0140264026402641,-1.0140264026402641,-1.0178571428571428,-1.0,1.4037854889589907,0.24584717607973428,-0.2971246006389776,-1.5622895622895623,0.13370696557245787,0.17472852912142156,0.02631578947368407,0.09202453987730075,0.11793214862681745,0.23076923076923062,0.0,0.0,0.26280120481927693,0.0,0.030303030303030276,0.0037337116827838024
2018-03-31,0.03174297064835896,0.0710445268048232,0.013708880840492155,0.06637664889138373,0.06134299183626535,0.07594241125398393,33.11764705882353,33.11764705882353,22.0,inf,-1.6181102362204725,0.10666666666666669,-3.5863636363636364,-2.8982035928143715,-0.22387005649717517,0.11260504201680677,-0.4807692307692307,-0.4438202247191011,0.06141618497109813,-0.00520833333333337,0.0,0.0,0.028920691711389557,0.0,0.02941176470588225,0.00438939106498526
2018-06-30,0.00809345794392513,0.036309581830587856,-0.010423125756636287,-0.024476904855902037,0.04273874654677434,0.031154239019407504,0.2551724137931035,0.2551724137931035,0.26086956521739113,0.23809523809523814,-2.7430997876857752,-0.31807228915662655,-1.7258347978910369,-1.3943217665615142,0.113739763421292,-0.003398791540785484,-1.2037037037037037,-1.2222222222222223,0.04288631722260039,-0.05759162303664911,0.0,0.0,0.034192987539843456,-0.1428571428571429,0.028571428571428692,0.0622939891115144
2018-09-30,-0.0007972855209240626,-0.0018341720359309477,-0.01360625410276306,-0.014434102252799175,0.02867532467532463,0.010599306587419477,-0.30631868131868134,-0.30631868131868134,-0.31034482758620685,-0.28846153846153855,-0.006090133982947665,0.38869257950530045,-0.728813559322034,1.488,0.2540849673202614,0.032209170140204524,13.803030303030303,14.590909090909088,0.02872062663185382,-0.011111111111111072,0.0,0.0,0.029700196133370715,14.566666666666666,0.0277777777777779,0.01279503538681448
2018-12-31,0.02093152718500657,0.05856577459479828,0.06183072176175197,0.1454968519025459,-0.04772245227754768,0.017349539306018347,-0.1861386138613862,-0.1861386138613862,-0.15000000000000002,-0.18918918918918926,2.3848039215686274,-0.08396946564885499,0.044642857142857206,6.347266881028939,1.4885993485342022,-0.06975036710719529,0.1924257932446265,0.1982507288629738,-0.048223350253807085,-0.0955056179775281,-0.8874599941809718,0.0,-0.0674829931972789,0.1777301927194861,0.013513513513513598,-0.07586919104991385
2019-03-31,-0.001962993929259471,-0.0306226910579962,-0.018745370634151937,-0.09188672481777993,0.025719891817362228,-0.031891319009538455,-0.635036496350365,-0.635036496350365,-0.6470588235294118,-0.6,-1.4706734250543085,-0.34444444444444444,-0.02564102564102566,-1.7221006564551422,-0.4319371727748691,-0.003551696921862635,-0.20257510729613737,-0.1970802919708028,0.023333333333333206,0.04347826086956519,-0.18924508790072392,0.0,0.027721038809454424,-0.19818181818181813,0.0,0.0674588393056692
