Quarter end,Assets,Current Assets,Liabilities,Current Liabilities,Shareholders equity,Revenue,Earnings,Earnings available for common stockholders,EPS basic,EPS diluted,Cash from operating activities,Cash from investing activities,Cash from financing activities,Cash change during period,Cash at end of period,Price,ROE,ROA,Book value of equity per share,P/B ratio,P/E ratio,Cumulative dividends per share,Equity to assets ratio,Net margin,Asset turnover,Current ratio
1993-09-30,0.02907430380883369,0.031171473257183724,-0.009664915532145213,-0.06991685563114136,0.07538403449300235,0.07627665148522822,0.16270910662531146,0.16270910662531146,0.17142857142857149,0.17142857142857149,-0.5062849428815221,3.0441895221553503,9.948,-2.8556260341974626,0.1675644986664555,0.08141962421711901,-0.04330175913396472,0.004901960784313486,0.08247422680412386,-0.101123595505618,-0.05250596658711215,inf,0.04500548847420416,-0.0032905561039815456,0.0,0.10865213943124741
1993-12-31,0.02907430380883369,0.031171473257183724,-0.009664915532145213,-0.06991685563114136,0.07538403449300235,0.07627665148522822,0.16270910662531146,0.16270910662531146,0.17142857142857149,0.17142857142857149,-0.5062849428815221,3.0441895221553503,9.948,-2.8556260341974626,0.1675644986664555,0.08141962421711901,-0.04330175913396472,0.004901960784313486,0.08247422680412386,-0.101123595505618,-0.05250596658711215,inf,0.04500548847420416,-0.0032905561039815456,0.0,0.10865213943124741
1994-03-31,0.013137812470046306,-0.1394254388359054,-0.03511003912841082,-0.060927940663076385,0.06625290602736866,0.07627665148522822,0.16270910662531146,0.16270910662531146,0.17142857142857149,0.17142857142857149,-0.5062849428815221,3.0441895221553503,9.948,-2.8556260341974626,-0.266312521910233,-0.027027027027026973,-0.04330175913396472,0.004901960784313486,0.06666666666666665,-0.101123595505618,-0.05250596658711215,1.0,0.052310924369747935,-0.0032905561039815456,0.0,-0.08356043057637275
1994-06-30,0.0016714193358231544,0.05841922841673641,-0.04972110488643677,0.5651704909041046,0.05286994799081857,-0.040954369277435565,-0.12504190901007273,-0.12504190901007273,-0.12195121951219512,-0.12195121951219512,0.9491577888410245,-0.4219751902678732,0.7858360735598586,-0.5651333878278962,-0.1578470774554268,-0.18055555555555558,-0.04330175913396472,0.004901960784313486,0.05357142857142838,-0.23124999999999996,-0.05250596658711215,0.5,0.05130764623677364,-0.0032905561039815456,0.0,-0.3237928855517973
1994-09-30,0.05226942204602181,0.02071837985694036,0.03221970011829023,-0.15186452821225682,0.07029720161116915,0.024390005808306414,0.06097662562684314,0.06097662562684314,0.05555555555555558,0.05555555555555558,0.08460489922316472,0.5662744284899695,-1.0087291574317183,-0.8003857045210429,-0.03741426564723427,0.002421307506053294,-0.04330175913396472,0.004901960784313486,0.07627118644067798,-0.04878048780487809,-0.05250596658711215,0.3333333333333335,0.017090770983668735,-0.0032905561039815456,0.0,0.20349604221635897
1994-12-31,0.022833913986599397,-0.082086735528352,-0.022541719835970087,-0.11109223713266514,0.06218206625376688,0.027201776286950308,-0.005951352794309361,-0.005951352794309361,0.0,0.0,0.19091951779003358,-0.02879364554029451,-44.134765625,0.5307570013452367,-0.059498231737460494,0.012077294685990614,-0.04330175913396472,0.004901960784313486,0.06299212598425208,-0.05982905982905984,-0.05250596658711215,0.25,0.03846153846153855,-0.0032905561039815456,0.0,0.03265734904540052
1995-03-31,0.032063881372808245,0.10094779909126417,0.011247504673785658,0.05215859849912974,0.04867527397225646,-0.02914859568151773,-0.004170352584354831,-0.004170352584354831,0.0,0.0,-0.6452363144575475,-0.516169705230874,-1.4657912610369028,-1.1852680354717584,0.01172046760571921,-0.03341288782816243,-0.07567185289957556,0.004901960784313486,0.051851851851851816,-0.09090909090909083,-0.05250596658711215,0.19999999999999996,0.016001438331535445,-0.016837240013205634,-0.040000000000000036,0.046353222168163066
1995-06-30,0.02021672574180955,0.1058137821849563,-0.01802471394963212,-0.020660710779501268,0.04964410408749842,0.07253668162120586,0.09500317258883251,0.09500317258883251,0.10526315789473673,0.09210526315789469,1.1354473517010337,-0.913039395219984,-5.466608340624089,9.474342388960759,0.12134200561500275,0.15802469135802477,-0.019892884468247995,0.004901960784313486,0.04929577464788748,0.09999999999999987,0.18136020151133492,0.16666666666666674,0.02884445230932564,0.01242444593687031,0.0,0.12913725324428293
1995-09-30,0.19923547890755233,0.1468672657368506,0.38312987894847006,0.06796617730350718,0.06684878690645535,-0.12494932801147529,0.06581291920786914,0.06581291920786914,0.04761904761904767,0.024096385542168752,0.22099753861134408,3.7605291576673867,-0.22915034386698008,0.5327706875257308,0.165863285635369,0.18976545842217485,-0.01756440281030447,-0.02996515679442513,0.08053691275167796,0.13333333333333353,0.1478322672352521,0.1428571428571428,-0.1104231166150671,0.054726368159204064,-0.08333333333333326,0.07389937106918243
1995-12-31,-0.010529335794262074,0.03819485347050433,-0.04637987962769852,-0.050063124498406664,0.02293110591080616,0.15332885345714087,0.005151416299679301,0.005151416299679301,0.011363636363636465,0.04705882352941182,0.2953490690384679,-2.0156524698009415,1.071430588102431,0.6515538126829792,0.23496077554748007,0.043010752688172005,-0.006754072308303494,-0.01652298850574707,0.01863354037267073,-0.03475935828877019,0.013622291021671895,0.125,0.03383604021655051,0.026100628930817438,-0.045454545454545525,0.09290246113086531
1996-03-31,0.01819683158295682,0.11133664169895985,-0.029680301225397443,-0.20729333412383155,0.059854319434656356,0.0797914836704876,0.01705183161823376,0.01705183161823376,0.022471910112359605,0.022471910112359605,-0.6909994185449944,-0.49885532413870126,-0.5813161051139462,-0.765909349639773,0.0445375447108185,0.0068728522336769515,-0.006000000000000005,-0.00876552227903582,0.060975609756097615,-0.011080332409972304,-0.032376298106292056,0.11111111111111116,0.040957546287637925,0.002451731535396906,-0.023809523809523836,0.40193295269688356
1996-06-30,-0.001809448931708757,0.014862408217787282,-0.07093690286703602,-0.13394454243457343,0.05325663314674678,0.6163266974614725,0.07783332446949953,0.07783332446949953,0.07692307692307687,0.06593406593406592,2.3309903976533746,0.028523676880222837,1.7299628882088678,2.177990829512297,0.13550485511668287,0.09385665529010234,-0.008853118712273678,-0.0029476787030212614,0.04022988505747138,0.0308123249299721,0.04671717171717171,0.19999999999999996,0.05515630614444844,-0.1262610822378477,0.14634146341463405,0.1718238077903167
1996-09-30,0.05174029955213366,0.19642774803928553,0.045081522876750046,0.31121362157805343,0.0564191490212258,0.6590280271723461,0.04237288135593231,0.04237288135593231,0.030612244897959107,0.030927835051546504,-0.2845013790582528,3.170404073231502,-0.931313275855901,1.5984391395592863,0.3100833233331419,0.043681747269890936,-0.011774259033698664,0.020694752402069527,0.027624309392265234,0.005434782608695565,0.003015681544028981,0.08333333333333348,0.004427038991997145,-0.27676696990902727,0.4255319148936172,-0.08752718235476853
1996-12-31,0.14850977205900007,-0.28788468029098535,0.21049615027486301,0.8264279559387708,0.10542192545860996,-0.3291914577054589,0.13879125690820238,0.13879125690820238,-0.24752475247524752,-0.24,0.6865406497457214,-15.263423123879782,-32.600347222222226,-2.866232553443881,-0.44171815790469326,0.15695067264573992,0.0008216926869351049,0.014482259232440287,0.10215053763440851,0.12432432432432439,0.11124473842453408,0.0769230769230771,-0.03746397694524495,-0.06095791001451378,0.07462686567164178,-0.6101157545323006
1997-03-31,0.023450593636243022,0.15219808514197442,-0.02799042859203571,0.05700213656592856,0.06260705676882972,0.18597669751999257,0.05385071028484134,0.05385071028484134,0.05263157894736836,0.05263157894736836,-0.5617087191490826,-1.006119115132244,-1.2528925710644003,-1.094637238195703,0.07487792611721233,0.17829457364341073,0.00738916256157629,0.0221270521056387,0.05853658536585371,0.06971153846153855,0.10497835497835495,0.1428571428571428,0.038217682282494,-0.07058217413704271,0.09722222222222232,0.09010533209627236
1997-06-30,0.0326280378600623,0.04263965315516627,-0.005754576730454097,-0.21937705048529332,0.059353564210494314,0.10725919567100228,0.0964096597016102,0.0964096597016102,0.09999999999999987,0.09999999999999987,0.5779247298316159,-7.511904761904762,0.009993265408094532,0.5284142333158672,0.1064720795338403,0.1535087719298247,0.011817440912795352,0.019553072625698276,0.05990783410138234,0.08988764044943798,0.07590597453476966,0.0625,0.025954198473282508,-0.007206208425720617,0.03797468354430378,0.33563632722539305
1997-09-30,0.0740684576367232,0.19920302408538215,0.08959980894364983,0.4767955539531141,0.0639187478698342,0.07900985027308027,0.12633557578155918,0.12633557578155918,0.125,0.125,0.18610947967787217,0.17998171846435107,-1.343378288270848,2.406438945334414,0.32779014041422494,0.3222433460076046,0.02980265807490934,0.03493150684931523,0.0652173913043479,0.24742268041237114,0.2225762403277196,0.11764705882352944,-0.009424603174603252,0.12060301507537674,-0.08536585365853655,-0.18798260739185846
1997-12-31,0.023374256913931246,0.026063278155910696,-0.04615952405318702,-0.14139087546239215,0.06991129967787013,0.01425964061407381,0.04216073781291163,0.04216073781291163,-0.4747474747474747,-0.4747474747474747,0.09377019462371905,2.4772639243938337,-2.91042345276873,-0.9080320954446061,0.022704018828163752,0.09777138749101355,0.014078998826750011,0.03904698874917267,0.06938775510204076,0.02975206611570247,-0.005584512285926935,0.05263157894736836,0.04540143548656328,-0.009466865969108063,0.053333333333333455,0.19503300558556047
1998-03-31,0.05655541762903038,0.10827173944397961,0.03550573795974632,0.11027498377210865,0.06911503479090175,0.06529422089535242,-0.02946787725548783,-0.02946787725548783,-0.03846153846153855,-0.03846153846153855,-0.13990301244571302,-0.7018245410800215,-1.2414912453275624,8.220951054516513,0.20470501973307886,0.03994760969220712,-0.011183956806787299,0.00700636942675148,0.06488549618320616,-0.027287319422151013,-0.03856233620366911,0.09999999999999987,0.01197509180903733,-0.009557344064386353,0.012658227848101333,-0.001815512978986411
1998-06-30,0.06834484221723547,0.1472676072129684,0.09455146509328372,0.14545478062913908,0.05319981555574205,-0.001625374244275224,0.0342941051085901,0.0342941051085901,0.040000000000000036,0.040000000000000036,1.154960613062368,3.502558930105719,4.539579090291921,0.7459029658319758,0.29666606780792026,0.1064231738035264,-0.022230889235569595,-0.01454775458570523,0.053763440860215006,0.03960396039603964,0.049844236760124616,0.09090909090909083,-0.014200063111391659,0.002031488065007636,-0.012499999999999956,0.0015866259045702602
1998-09-30,-0.02667379683332216,0.0994361413991931,-0.10609279243420999,0.07815495938227635,0.021025149509736885,-0.1100363368203201,-0.14319189698732182,-0.14319189698732182,-0.15384615384615385,-0.15384615384615385,-0.1319280001324744,1.0028540849090262,-3.930243388318341,-1.9347385463398958,-0.2138601571027049,-0.23562891291974963,-0.07379337854008772,-0.05327342747111685,0.027210884353741527,-0.2746031746031745,-0.2655786350148368,0.04166666666666674,0.04897567221510868,-0.015712113532691308,-0.03797468354430378,0.019743451047059768
1998-12-31,-0.02353300197784569,-0.0658108919998508,-0.14003878987594243,-0.24649083669010652,0.03772853605826465,-0.05163334925975549,-0.3898425877259405,-0.3898425877259405,-0.38636363636363635,-0.38636363636363635,-0.7350396779977872,-1.8458960571991947,0.3770942944851987,-1.6288764750603246,0.1710784957278484,-0.1049888309754281,-0.16106804478897496,-0.13830508474576275,0.0331125827814569,-0.12910284463894972,-0.08030303030303032,0.08000000000000007,0.06270979554470557,-0.1014418125643668,-0.03947368421052633,0.23979843140226587
1999-03-31,0.01784910803015638,0.06762311098424223,-0.017910748776344465,0.016854775936839816,0.03343139752672042,-0.023971293636016133,0.49610173450913986,0.49610173450913986,0.5185185185185184,0.5185185185185184,1.6885113122986373,-1.5078672484463838,-0.602060340271999,-1.2086684117022506,-0.03048359107452736,-0.09400998336106481,-0.08829568788501019,-0.06294256490952,0.03525641025641013,-0.12311557788944716,0.036792970895112465,0.07407407407407396,0.015362526920315922,-0.008022922636103047,-0.0547945205479452,0.04990526251451621
1999-06-30,0.033623442996385755,0.1665081783928095,-0.0038731754707443944,0.17136936380312928,0.04915077743021823,0.022928469456080514,0.20333557787081213,0.20333557787081213,0.19512195121951215,0.19512195121951215,0.22151555522825706,-0.41210332957273854,-0.8437891137772079,-6.604836272040302,0.1762275866438574,0.10376492194674003,-0.05236486486486491,-0.01847187237615444,0.049535603715170407,0.0659025787965617,0.16472457627118642,0.06896551724137945,0.014988687782805377,0.02657423454650476,-0.04347826086956508,-0.004133313928103677
1999-09-30,0.02564568751006968,0.013629076819177133,0.0008474231892647843,0.13541999733935173,0.035395647119844,0.012698160645758794,0.07407527553180282,0.07407527553180282,0.061224489795918435,0.061224489795918435,0.08012210962462807,-0.7993078449703948,9.570060582372484,-0.3108866038685554,0.10324599771605869,0.014975041597337757,0.010695187165775444,0.03592814371257491,0.04424778761061954,-0.032258064516129115,0.03365165984538443,0.06451612903225823,0.009473390916689972,0.061339335959482266,-0.030303030303030276,-0.10726916669102393
1999-12-31,0.022499788643472796,-0.005480220931711632,0.014959457157683431,-0.2410429813562458,0.025365507035394197,-0.014469346936784366,0.03836425276160704,0.03836425276160704,0.05769230769230771,0.05769230769230771,-0.31933041739818757,-8.074861065707747,-0.26377872686597514,0.8400506078155163,0.17219900298323831,-0.1467213114754098,0.12169312169312163,0.1329479768786126,0.031073446327683607,-0.18333333333333335,-0.1869775626924769,0.06060606060606055,0.0027601435274633435,0.16277836691410386,-0.015625,0.3103820842746292
2000-03-31,-0.023418554756471366,0.045438119947541766,-0.06984472661776442,-0.010297244227774338,-0.005953259261706312,0.08283848978285802,0.042553191489361764,0.042553191489361764,0.05454545454545445,0.05454545454545445,0.44313243132431324,-0.04529387302467425,1.0038548468106478,-0.17313022335953732,0.12146926483650722,0.022094140249759864,0.05555555555555558,0.06778425655976683,0.016438356164383494,-0.006802721088435382,-0.12337662337662347,0.05714285714285716,0.017891549683457297,0.05517555859553114,0.0,0.056317617370012174
2000-06-30,0.05164101271368016,0.019455728944159256,0.07015392555264865,0.14525358283414014,0.045124181597099966,-0.07122799685237846,-0.020952194958639647,-0.020952194958639647,0.0,0.0,0.032181580565011414,-2.437487144118964,-0.7036600725623015,-0.7109019365789677,0.03131296624034552,0.009398496240601517,0.006951340615690249,0.012969283276450527,0.043126684636118684,-0.010273972602739656,-0.0703703703703703,0.05405405405405417,-0.006084369929691857,0.03111495246326723,-0.015873015873015928,-0.10984696170494579
2000-09-30,0.04982922017819691,0.05164929150086772,0.05562945195878832,0.16978891379252659,0.04773855054542242,0.04245583998509406,0.0032271852960035208,0.0032271852960035208,-0.017241379310344862,-0.017241379310344862,-0.12841121214699303,3.0928756607521635,0.1121119851137613,-11.814103134359339,-0.328340336493834,0.1741154562383611,-0.012820512820512886,-0.010107816711590334,0.04909560723514206,0.12802768166089962,0.1261620185922976,0.0512820512820511,-0.0020405387022173205,0.006705783738474302,-0.016129032258064502,-0.1010017803523503
2000-12-31,0.012352431438118039,-0.05317413454374642,-0.05837318352755472,-0.17395860355953008,0.038037183024879795,-0.04885928673804907,0.06136781633681987,0.06136781633681987,0.07017543859649122,0.07017543859649122,-0.32201423977951305,-1.5112329048843187,-0.45003232307867813,-1.9261168573340206,0.4527315500566349,0.05075337034099925,-0.009990009990009985,-0.001361470388019148,0.034482758620689724,0.0,0.0277122641509433,0.04878048780487809,0.025354416575790628,0.02206494587843455,-0.016393442622950838,0.14622251123196972
2001-03-31,-0.033377912152277256,0.05842603917047451,-0.23667148217358502,-0.22453733469173776,0.03359330433889962,0.023647606519711983,-0.11896430602482189,-0.11896430602482189,-0.11475409836065564,-0.11475409836065564,-0.05081386879859073,-1.3271691600928448,3.350492653414002,-1.2815479362823474,-0.08774204263918173,0.037735849056603765,-0.05852674066599395,-0.038173142467620935,-0.0452380952380953,0.0030674846625766694,0.011474469305794655,0.04651162790697683,0.06926349375166185,-0.00570264765784112,-0.033333333333333326,0.36491399984527706
2001-06-30,0.5003008254752157,0.09413638726942897,1.5833596010748243,0.2625847433305484,0.2368021895199488,0.05552351609679729,-0.09098295920537047,-0.09098295920537047,-0.14814814814814814,-0.14814814814814814,0.7921626010457004,5.527640477068732,-2.7203785819863633,0.19404774424229676,-0.11484491556710885,0.011636363636363667,-0.11789924973204713,-0.14812189936215447,0.24937655860349128,0.061162079510703515,0.0289279636982418,0.04444444444444429,-0.17555638443366905,-0.053256861941827216,-0.10344827586206884,-0.1334215000944644
2001-09-30,0.055736248671620636,0.06286937000681125,0.1440331605264118,0.15531180308077763,0.010866206403031597,-0.009171858310376368,-0.29935757666892227,-0.29935757666892227,-0.30434782608695654,-0.32608695652173914,-0.3917764435283926,-0.21645793031740856,-1.0569451565668464,1.6962357541702628,-0.3498245369455145,-0.06829618979151686,-0.1688942891859052,-0.2029950083194676,0.011976047904191711,-0.25360230547550444,-0.017089305402425703,0.06382978723404253,-0.04252752224400547,-0.10947641713543921,-0.09615384615384626,-0.08001220894741434
2001-12-31,-0.028097164699592225,0.14924601455957598,-0.12687902632887982,-0.15685357199852223,0.028713923139267683,0.02371982652268745,0.4131443083856967,0.4131443083856967,0.40625,0.4516129032258065,0.8502647971252937,-1.0597244559194379,1.5582414016872161,-1.7165148822745446,0.38551821954138754,-0.11651234567901247,-0.1264619883040936,-0.14822546972860118,0.029585798816567976,-0.1274131274131275,0.0033651149747617737,0.040000000000000036,0.058434399117971436,-0.08454810495626819,-0.08510638297872342,0.36305038153466995
2002-03-31,0.06650302162554778,0.004762072195610978,0.14149836344284772,0.06548123718183074,0.029895528402535954,0.012554047430714865,0.01246213687256903,0.01246213687256903,0.022222222222222143,0.022222222222222143,-0.15245636930699635,-1.1345999033971985,-4.591191578413342,0.3745002302246172,0.3824524817081214,0.1458515283842794,-0.08786610878661083,-0.12622549019607843,0.026819923371647514,0.11061946902654873,0.24986025712688642,0.03846153846153855,-0.034375000000000044,-0.04511677282377924,-0.06976744186046502,-0.05699085503668411
2002-06-30,-0.007054497750431876,0.13666626886670974,-0.06475253352115917,0.16857530819734357,0.024161617177840267,0.06403202719627843,0.04745158171939057,0.04745158171939057,0.04347826086956519,0.04347826086956519,-0.24329402921971155,69.06459330143541,-1.6795398158203763,-1.551539313693623,-0.15258215531653674,0.06631097560975618,-0.00917431192660556,-0.007012622720897643,0.033582089552238736,0.03984063745019917,0.1171735241502685,0.05555555555555536,0.03143781784558475,-0.009449694274597076,0.0,-0.027304572271386496
2002-09-30,-0.004035812133922123,-0.08317870809478423,0.01093045055927755,-0.05246224584142001,-0.011429978724740164,-0.08669469259064633,-0.45486514440289605,-0.45486514440289605,-0.4374999999999999,-0.45833333333333326,0.20161134563915795,-0.9833458531088879,0.8250350813367289,-1.1794236505340132,0.06179063557752906,-0.1343817012151537,-0.05092592592592593,-0.039548022598870025,-0.0036101083032491488,-0.16091954022988508,-0.144515612489992,0.03508771929824572,-0.007321081727177714,-0.035914702581369196,0.0,-0.032411531681798444
2002-12-31,0.015038601917126249,0.04437775313327652,0.0026598113361586684,-0.143297312859463,0.021292746615495073,-0.004694997756067298,0.6019148253013806,0.6019148253013806,0.5925925925925926,0.6538461538461537,-0.5314580941446614,8.762429523321373,-1.1920946590536943,1.3632189301514948,0.07190364306080732,-0.09496284062758042,-0.035121951219512115,-0.03676470588235292,0.021739130434782705,-0.091324200913242,-0.06738418343472163,0.033898305084745894,0.006020469596628608,-0.015133876600698648,-0.025000000000000022,0.2190640365139378
2003-03-31,0.01334156117648333,-0.02324508664658609,0.03529543479930375,0.04026258542491834,0.0024521541942827962,0.01269136561009887,-0.0014303935860058292,-0.0014303935860058292,0.0,0.0,1.068622886547415,4.879400414774368,-7.341412793714328,-4.208484023316172,-0.21522614599952616,0.019160583941605802,-0.0333670374115268,-0.02900763358778624,0.0177304964539009,-0.005025125628140725,0.031610637230305993,0.049180327868852514,-0.010622381807301018,-0.019503546099290725,-0.02564102564102566,-0.061061833140506505
2003-06-30,0.05612895559620701,0.27834027361902236,0.16891498772464963,0.10949887919193313,-0.0016472522408788048,0.11542645583762146,0.19876280758738352,0.19876280758738352,0.2093023255813955,0.2093023255813955,-0.14649285422379632,-2.011113393223911,-2.27389774639985,-3.6014976108068444,0.7134670730258483,0.10026857654431498,0.010460251046025215,-0.0062893081761006275,0.008710801393728262,0.08080808080808088,0.12062256809338523,0.03125,-0.05474066233177077,0.006630500301386455,0.0,0.15219400328587063
2003-09-30,-0.0009116955300977336,-0.01987404532017878,0.017134977611218405,0.08582084576163451,-0.011735745218560245,0.05563329517024984,0.15748013517216175,0.15748013517216175,0.15384615384615374,0.13461538461538458,0.06488234436911466,-2.041271257170362,-2.272557106744537,-1.6112188184439509,-0.254504161905739,0.161106590724166,0.19668737060041397,0.1756329113924051,-0.0017271157167529916,0.14953271028037385,0.1328125,0.045454545454545414,-0.010878259478483532,0.14730538922155678,0.026315789473684292,-0.09734868176754552
2003-12-31,0.06407532389991366,0.11554832935701542,0.03578536149747369,0.33021783896865253,0.06694054998157828,0.11664715944899617,0.13293748643796977,0.13293748643796977,0.16666666666666674,0.1694915254237288,-0.3202069635142092,-1.5250912853744079,-1.255773709522745,-1.8314272211720226,0.283840200437508,0.11702873160476535,0.10899653979238777,0.08748317631224745,0.06401384083044981,0.12195121951219501,-0.07011494252873574,0.04347826086956519,0.002749474365195015,0.044363256784968774,0.025641025641025772,-0.16137631436046795
2004-03-31,0.05838675050914044,0.05830089949182793,0.08408793937847925,0.12239822973442949,0.04397484554635733,0.08493504463704271,0.0028729628081904934,0.0028729628081904934,-0.014285714285714346,-0.014492753623188248,0.10307805864703456,7.078245137946631,0.14898655315310227,3.0016049163938865,0.8847022714773178,0.19322459222082822,0.08502340093603733,0.06559405940594054,0.04065040650406493,0.11956521739130443,0.054388133498145974,0.0277777777777779,-0.013709677419354804,0.017491254372813625,0.04999999999999982,-0.05711875049054238
2004-06-30,0.02854678949567413,0.05550599080444685,0.03546340240468315,0.17395590263591565,0.021749468271575978,-0.013591862261202015,0.006395008999311225,0.006395008999311225,0.01449275362318847,0.014705882352941124,1.1878128476084537,-1.1619420205235669,-2.9498380686000294,-1.0577905822507279,-0.027127605331074167,-0.07202944269190337,0.03666427030913,0.029036004645760727,0.02499999999999991,-0.10679611650485443,-0.16568972254787018,0.04054054054054057,-0.006541291905151292,0.009332023575638448,0.023809523809523725,-0.10088860216843898
2004-09-30,0.019016330992078112,0.09317770153326088,-0.015605114792549779,0.07573338689917986,0.041081335192830304,0.03696538870337163,0.07927151860882375,0.07927151860882375,0.0714285714285714,0.07246376811594213,0.8756692988449133,-0.8742352309278478,-0.9051987190376425,-7.315019374240935,0.17608820455923513,-0.02436260623229458,0.009708737864077666,0.010158013544018019,0.03201219512195119,-0.047101449275362306,-0.08711943793911026,0.038961038961039085,0.0215637860082305,0.0,0.023255813953488413,0.016224973961347144
2004-12-31,0.027115865259867533,0.049809950615843146,-0.008510269395539671,-0.10405649674579176,0.04553707382180261,0.10213771943061212,0.27870695488621644,0.27870695488621644,0.28,0.2432432432432432,-0.4919834565480262,1.6053703794609984,-1.0799707990443324,-0.5695191083677524,0.0644531651713911,0.23054587688734052,0.055631868131868156,0.06145251396648055,0.050221565731167095,0.1901140684410647,0.16469984607491028,0.04999999999999982,0.01804705124073469,0.041362530413625365,0.0,0.17173051519154536
2005-03-31,0.02936927185192051,0.031225813502466337,0.17525782073336416,0.5711545475585478,-0.05207486629413571,0.06608270403702954,-0.07798274087562351,-0.07798274087562351,-0.08333333333333326,-0.07608695652173925,-0.2692139346619923,0.5501563854241247,-1.9568464730290458,-0.5113178245098977,0.029589947217740553,0.08683341198678618,0.04879635653871173,0.03578947368421059,-0.053445850914205284,0.03514376996805124,0.004405286343612369,0.03571428571428581,-0.07913896802785703,0.013084112149532645,0.022727272727272707,-0.34366131477665895
2005-06-30,-0.01964398919242638,-0.021259742525971737,-0.11601179086433466,-0.316154592471823,0.04746836130810217,0.05570211029308947,0.18347840234279666,0.18347840234279666,0.18181818181818188,0.17647058823529416,1.4781443051982501,-0.49587349434200767,552.0026019080659,-3.6625926449941772,-0.07652170268428227,0.022145028224055396,0.08622828784119108,0.0914634146341462,0.043090638930163294,0.08024691358024683,-0.03201754385964917,0.034482758620689724,0.06840838776211777,0.03966789667896675,0.06666666666666665,0.43126221643072915
2005-09-30,0.0428400423377302,0.07827967668794633,-0.0010854869596514938,-0.039238109416041,0.0722141386141153,0.0481439696359669,0.27731763106544016,0.27731763106544016,0.28846153846153855,0.29000000000000004,-0.4485603338543094,0.9465715112354132,-1.0641157945584463,-1.8163312854848006,0.06764323547323126,0.14443500424808842,0.12964020559680178,0.13966480446927365,0.0641025641025641,0.0971428571428572,0.04349796103307657,0.7777777777777779,0.028153153153153143,0.08873114463176579,0.04166666666666674,0.12231004800529721
2005-12-31,-0.0002362286085775267,0.019911535068696917,-0.19528115461748696,-0.09964115380145722,0.1070881207180936,0.015725252136204793,-0.04940582071480892,-0.04940582071480892,-0.059701492537313494,-0.06201550387596899,0.3164153810191679,-2.8295184304399523,-0.7281133044690687,1.374377231326954,0.1504346703323023,0.09168522642910171,0.02780586450960576,0.059640522875817226,0.08567603748326635,0.02604166666666674,-0.05644811115935744,0.02499999999999991,0.10733844468784226,0.02689486552567244,0.020000000000000018,0.13278268404653493
2006-03-31,0.03071753765761942,0.08356061453243036,0.0030211755934381745,0.1393092424769855,0.03971054711546618,0.062057535981148604,-0.3819649085288188,-0.3819649085288188,-0.39682539682539686,-0.38842975206611574,-0.06648994359024762,-1.5764616676144825,-8.662618083670715,-0.7383265077162511,0.03421729765414461,0.11696701802108134,-0.08263649778652238,-0.03469545104086358,0.034525277435265345,0.027918781725888353,0.04279797514956285,0.024390243902439046,0.00876077433940936,-0.06388888888888888,0.03921568627450989,-0.048941260721667934
2006-06-30,-0.020754916469366336,-0.062085885533738394,0.01113020841364687,0.140914214438157,-0.03617398518145376,0.04981391011898606,0.8899936900812149,0.8899936900812149,0.894736842105263,0.9054054054054053,0.45333251812148023,-1.4270681636679663,8.410226605612305,-3.7178443634956966,-0.08992045460302356,-0.0943683409436834,0.05415549597855218,0.0854632587859423,-0.008343265792610244,-0.12345679012345678,-0.07105030891438657,0.023809523809523725,-0.015688471774758406,0.052140737600678166,0.037735849056603765,-0.17792723414450484
2006-09-30,0.05851042196974321,0.037637096019830674,0.06336050127810422,-0.03491356613056107,0.06000288598915682,-0.015217779127365216,0.027610698573559356,0.027610698573559356,0.04861111111111116,0.06382978723404253,-0.43848278892358317,-2.7159828401715984,-1.0275568986448633,-1.592866822242847,0.05857823576495469,0.059159663865546275,-0.0015259409969481386,0.021339220014716886,0.05649038461538458,0.06760563380281703,-0.03420427553444194,0.023255813953488413,0.0014230823964707096,0.011281224818694646,0.0,0.07519203946957553
2006-12-31,0.01722309773229269,0.1000019921116404,-0.10279755896202569,-0.027982864198146773,0.06471602135494514,0.10066534127744609,0.11824643866806062,0.11824643866806062,0.11920529801324498,0.11333333333333329,1.2945436685494043,-1.3743429487179486,-9.227655528389025,0.9651693766598812,0.10874600589238992,0.15550618851158338,0.05247070809984722,0.06340057636887608,0.06370875995449388,0.09234828496042202,0.10575504181013295,0.02840909090909083,0.04661077163564031,0.035059760956175134,0.036363636363636154,0.13165792174098234
2007-03-31,-0.004818762937891075,-0.02404377442458905,0.013815920524437697,-0.001734256702068171,-0.012133189702834057,0.05686380938707036,0.03295688847235234,0.03295688847235234,0.035502958579881616,0.03592814371257491,-0.43427824064752185,5.788646774262597,1.7368145897994673,-1.0684144621978346,-0.006710102647271676,0.08953584180170293,0.15634075508228462,0.16327913279132789,0.004278074866310266,0.024154589371980784,-0.0048932384341636714,0.027624309392265234,-0.007331975560081583,0.12394149345650507,0.03508771929824572,-0.022344265941247943
2007-06-30,-0.016862900869406117,-0.03328651164150709,-0.04026841296267403,0.46343004705194346,-0.002689382889812908,0.08668288926617929,0.062372693743677265,0.062372693743677265,0.07999999999999985,0.07514450867052025,1.150651241238224,-2.8170277973968316,0.5798585627449364,13.996540307280235,-0.10130811265068473,0.0844466851525083,0.03306822938467979,0.04659289458357607,0.011714589989350266,0.08018867924528306,-0.08582923558337063,0.026881720430107503,0.014361920393927141,0.00136986301369868,0.033898305084745894,-0.3394291514271214
2007-09-30,0.05166815251734547,0.05800820777943616,0.08242687765017709,0.050729326004698816,0.04566453396371295,-0.0065092867409719535,-0.06716143853925582,-0.06716143853925582,-0.05820105820105814,-0.048387096774193616,-0.7915940451607613,-0.3060037412758514,-1.019717449408171,-0.8891328183527567,0.002275418157372755,0.0020920502092049986,0.008508914100486376,0.02058987200890372,0.05052631578947375,-0.008733624454148492,-0.0645476772616137,0.02617801047120416,-0.005663430420711935,-0.02291381668946646,0.049180327868852514,0.006940948949585302
2007-12-31,-0.027204284313478988,-0.09879862027156938,0.020348532887396464,-0.13001212697028441,-0.043558649941525696,0.0346527026272192,0.18632755637342413,0.18632755637342413,0.2078651685393258,0.19774011299435035,0.45948304848298416,0.6757898842803276,-37.32997676219985,14.705143982279104,-0.19583542469790183,-0.027603804221758232,0.05544395339493757,0.05125408942202836,-0.017034068136272507,-0.07488986784140961,-0.0648196549921588,0.03571428571428559,-0.01681583943585585,0.009800490024501007,0.046875,0.0358862374700728
2008-03-31,0.02811723365979346,0.05324843841793858,0.11160444234584777,0.1577704260715842,-0.004104156188938335,-0.10791407880084791,-0.2936818465955131,-0.2936818465955131,-0.2790697674418604,-0.2735849056603774,0.33866318967883613,-1.9027696127436204,-1.355235384418575,-2.1132965764841645,0.2711172744566528,-0.2027671755725191,-0.03844689760182718,-0.04823651452282163,0.004077471967380175,-0.1880952380952381,-0.2509782001117943,0.034482758620689724,-0.0313103448275861,-0.039514731369150624,-0.014925373134328401,-0.09029030045970587
2008-06-30,-0.0603493994100589,-0.03855186559844803,-0.26538968161953347,-0.29553900774940767,0.02457292691165036,0.011941940237761406,0.10165639613653243,0.10165639613653243,0.10967741935483866,0.11038961038961026,2.421379870962072,-2.5603978593080106,-6.392082426788706,-1.7928922980059736,-0.16911641678769618,-0.006582884500299202,-0.04117181314330953,-0.03378746594005444,0.03350253807106607,-0.011730205278592365,0.0194029850746269,0.028571428571428692,0.09041720062651293,-0.018404907975460127,-0.015151515151515138,0.36481657267295775
2008-09-30,-0.017983075507856716,-0.026136464498675238,-0.05418265024878577,-0.08127454762669051,-0.01137060947948143,-0.13156450666349462,-0.2549465426270481,-0.2549465426270481,-0.2441860465116279,-0.23976608187134496,-1.0023941213991858,0.25302404406312884,-1.1307712143783404,-0.1662881924101789,-0.16969206803687376,-0.02048192771084334,-0.0706028075970273,-0.060349689791314276,-0.004911591355599154,-0.05341246290801194,0.0,0.03240740740740744,0.0066597022721337495,-0.03198529411764717,-0.03076923076923077,0.05999795438273514
2008-12-31,-0.020614350538112447,-0.061728188860515565,-0.06465154958483832,-0.30849672504247294,-0.005105476619523652,-0.2664670885252154,-0.5976558210117509,-0.5976558210117509,-0.6,-0.6,-19.75055878408583,-1.270680823006306,0.07867073343736708,-1.5986599866037379,0.12234960942445494,-0.2773677736777368,-0.2509995557529987,-0.23649459783913562,-0.005923000987166915,-0.2727272727272728,-0.22620790629575405,0.03139013452914785,0.01582565832144245,-0.14925939992404091,-0.09523809523809534,0.3568644100505616
2009-03-31,-0.0174596477360629,0.0165568087892749,-0.08045299156580388,-0.03349346617818161,0.0015030733509455718,-0.05886333859469939,-0.08349048800661707,-0.08349048800661707,-0.07692307692307698,-0.07692307692307698,3.8793419954702584,-3.1369101527122827,-2.6052633309440987,-2.2690940839787226,-0.13834652250407764,-0.23404255319148937,-0.2164887307236062,-0.19025157232704415,0.006951340615690249,-0.22844827586206895,0.007568590350047311,0.0304347826086957,0.019282339420252814,-0.1160714285714286,-0.08771929824561397,0.0517849523538616
2009-06-30,0.046710037873554544,0.08102562018293358,0.04074718190540105,0.1470483377165286,0.04180725156320375,0.17679595559219186,1.68682201324838,1.68682201324838,1.7083333333333335,1.6875,0.18438513856858063,-0.43839476222488527,-0.33428643994199436,-0.8122845327306407,-0.030139473460277122,0.2088888888888889,-0.11809235427706277,-0.11067961165048534,0.04832347140039439,0.2011173184357542,0.5286384976525822,0.029535864978902815,-0.004635429716863038,-0.01969696969696977,-0.09615384615384626,-0.057551622019986204
2009-09-30,0.024403255859142048,0.04879925702003285,-0.024140213829399904,0.011243628680103646,0.03930759607419709,0.15403825410457572,0.23391420011017217,0.23391420011017217,0.23076923076923084,0.2325581395348837,-0.3713227255663136,-4.456329173215643,-0.47046335610116297,-10.960310027011985,0.309527495449589,0.2982536764705881,0.05922746781115862,0.07205240174672478,0.04421448730009403,0.23720930232558146,0.4502457002457001,0.0286885245901638,0.014600377595972436,0.10149407521895926,-0.02127659574468077,0.03713322333022462
2009-12-31,-0.025805032981593756,-0.0405749348831711,0.16045942624294618,0.33873666510461176,-0.06513505393549124,0.11177736864238175,-0.031993488605058906,-0.031993488605058906,-0.03125,-0.03144654088050314,1.080653840096593,-0.8958765618741587,6.443971878449829,-1.3463448471352684,-0.08186407194057821,0.25203539823008847,0.2576985413290114,0.2535641547861507,-0.06126126126126119,0.1992481203007519,0.15840745446844573,0.42629482071713154,-0.04044163255179267,0.15014031805425643,0.08695652173913038,-0.28333079700621167
2010-03-31,0.032138861024168186,0.01816012630504482,0.024979795288149198,0.018872508897804785,0.03492967324270002,0.025919641995018283,0.0030427189871851112,0.0030427189871851112,0.006451612903225712,0.006493506493506551,0.196316328944256,-2.4479168173075534,-0.8542455326409519,-1.6819467779950656,0.06080465690023673,-0.014418999151823542,0.20360824742268036,0.19496344435418367,0.03934740882917476,0.050156739811912265,-0.21974405850091416,0.022346368715083775,0.002714932126696823,0.09760065067100432,0.08000000000000007,-0.0007142443487829775
2010-06-30,0.09340101266918355,0.17656850874379737,0.4026072045079505,0.002712102809310002,0.005718366973282096,0.08559683478957458,0.010681693931620329,0.005029648008747278,0.019230769230769162,0.019354838709677358,0.6965533240887689,-1.215726813287789,-4.420192997675889,4.579544405465288,0.3198159821670712,-0.009753298909925268,0.04122055674518199,0.01359619306594162,0.015697137580794163,-0.047761194029850795,-0.18697282099343948,0.0191256830601092,-0.08019597730789052,-0.042237865876250336,0.07407407407407396,0.17339566510837234
2010-09-30,0.02865315364904686,0.055616000095561,0.0023723293081785446,0.014430799679942652,0.040462117966170386,-0.003694092385554515,0.034427661964798295,0.04024503527403289,0.037735849056603765,0.056962025316455556,-0.5165770581471237,-2.078475855363674,-1.5645988601490575,-0.8623642970748768,0.03335169304434249,-0.06720741599072999,0.0005141388174807471,-0.02682763246143527,0.045454545454545414,-0.08150470219435735,-0.11066282420749285,0.018766756032171594,0.011494252873563093,-0.045647969052224346,0.01724137931034475,0.040597938823219604
2010-12-31,0.15725188287582248,0.07004879775281081,0.4328180604568661,0.10101605138668956,0.05212039766046139,0.11247615159342694,0.34392313344381686,0.33822196478469113,0.3575757575757579,0.33532934131736525,-0.20998257806121468,-11.479179187773676,0.6234809954575455,0.48251611642898995,0.04784859093109217,0.1959627329192546,0.06372045220966083,0.019297036526533473,0.0565217391304349,0.14334470989761083,0.1808165910563837,0.023684210526315974,-0.09090909090909105,0.041751114714227766,-0.03389830508474578,-0.028129350715099366
2011-03-31,0.03513787776020805,0.043431452365638945,0.03279585469343371,0.05663480789548947,0.034906456894990834,0.028965255220656516,0.0038770285559215356,0.002619075768840018,0.008928571428571175,0.008968609865470878,-0.01305253564221076,0.2683017754872963,-0.24461928448440784,0.7607113534771988,0.08040050636075202,0.03557517527914844,0.05507246376811614,0.014198782961460488,0.04032921810699586,-0.020895522388059806,-0.06586169045005486,0.020565552699228773,-0.00015243902439010526,0.03424124513618665,-0.01754385964912264,-0.012485756145205862
2011-06-30,0.025228608612419823,0.06780423754842557,-0.005718645736601413,0.09354973405322697,0.03244675110548423,0.0591404825090609,0.0004909560723513895,0.0002438351674267647,0.004424778761062065,0.004444444444444251,1.1447800204478744,-1.3909494662381499,0.6097852190548554,-0.851629040939746,0.011041368610476665,0.05391173520561687,0.040750915750915606,0.02200000000000002,0.03876582278481022,0.015243902439024515,-0.041715628672150507,0.02015113350125941,0.00701326421710613,0.031226486079759308,0.0,-0.023539884278720224
2011-09-30,0.04751304444628124,0.004069525331018786,0.06915055181024177,0.024525730973603332,-0.01862292276784927,-0.00858214613555186,-0.17358005511108643,-0.17034528234024693,-0.1674008810572688,-0.1681415929203539,0.17861241122142024,-1.0268680392610463,-0.7234743129421416,8.285376168858884,0.10140362615251863,-0.08351177730192716,-0.0017597888253410021,-0.03718199608610562,-0.004569687738004591,-0.12012012012012008,-0.15757204169221328,0.022222222222222143,-0.06313398940196813,-0.0215249908792412,-0.017857142857142905,-0.01997130075124498
2011-12-31,-0.026884452733673014,-0.06993937586125765,-0.04465298612425872,-0.20665150480464367,-0.029454067230977765,-0.07362244370294968,0.15579985383772144,0.14988596104612384,0.1693121693121693,0.17021276595744705,-0.7264420340553085,71.6949569495695,5.923251986263792,-1.599123738049074,-0.055159905151624056,-0.1342159916926272,-0.01542529748788013,-0.02981029810298108,-0.022953328232593773,-0.12969283276450527,-0.15502183406113546,0.181159420289855,-0.0025856496444732757,-0.011558538404175978,-0.018181818181818188,0.17231103148900995
2012-03-31,0.01919519969695993,0.06840332713349517,-0.03577188699082645,0.07280070398991656,0.05029658640093615,0.05727385543952668,0.046661189512984036,0.04680558726382,0.05429864253393668,0.05454545454545445,0.8517288661023013,-0.13193516184159315,-0.463889068250791,-1.583365590835382,0.03405696988797313,0.10374812593703142,-0.008057296329453845,-0.015363128491620137,0.05403288958496488,0.12941176470588234,0.10766580534022396,0.01840490797546024,0.030460142579390892,-0.007167106752169028,-0.01851851851851849,-0.004084931305561645
2012-06-30,-0.0020855888482075313,-0.02998918298148845,0.0025976546689314706,0.2411310427830473,0.006852878536957041,-0.008761502076584327,-0.09529051963459245,-0.09526000920386557,-0.0901287553648068,-0.08620689655172398,0.3118840729019443,-0.18093794770337301,-0.3322092077925989,0.8287034546247976,0.06022888515991198,0.03585982070089644,-0.027527075812274315,-0.03404255319148941,0.019316493313521477,-0.01736111111111105,0.027216174183514852,0.01807228915662651,0.008962264150943478,-0.015957446808510523,-0.018867924528301883,-0.21845168715050822
2012-09-30,0.08193936870893315,0.0,0.1551078322467816,0.0,0.05165778998595205,0.018281729371871558,0.08096787160062124,0.08427396169666945,0.09433962264150941,0.08962264150943389,-0.5573606751692708,0.568861812318914,-1.8436165241557974,1.1782838799520121,0.1237403092857785,0.023603461841070095,0.02041763341067293,0.022760646108663796,0.0532069970845479,0.0035335689045936647,0.04012112036336113,0.017751479289940697,-0.02789465482312614,0.043629343629343564,-0.019230769230769273,0.0
2012-12-31,-0.02693285428600478,0.0,-0.04252361863706866,0.0,-0.02755045482703533,0.04713656217875761,0.04870877351263592,0.04449026794510158,0.0431034482758621,0.04761904761904767,0.5878648097223453,-0.8691690146720313,-6.541113761922578,-2.213606438552076,-0.13363849687675577,0.10146041506533443,-0.0009095043201455821,0.001435750179468842,-0.02906574394463668,0.04929577464788748,0.04876273653566221,0.21317829457364335,-0.0006412311638346324,-0.009618941916389123,0.019607843137254832,0.0
2013-03-31,0.031767705619261344,0.0,-0.021332996718000485,0.0,0.05277274860859649,0.058786412872015914,0.10986242976167415,0.11072056239015815,0.11157024793388426,0.11157024793388426,0.6948324022346368,0.8405797101449275,-0.816292528937215,-1.387164585136639,0.05972113605584917,0.0818795068620608,0.014110150204824645,0.014336917562723928,0.05274411974340709,0.11409395973154357,0.056210964607911196,0.015974440894568787,0.0202117420596728,0.0056032872618603236,0.0,0.0
2013-06-30,0.03423316363047091,0.0,0.030590309127649595,0.0,0.038195329087048924,0.03535955502582433,-0.03578910614525144,-0.03604078762306606,-0.6765799256505576,-0.6802973977695168,0.5570663370416151,0.2535433070866142,-0.24630071599045344,1.1600127754710954,0.12172864393966676,0.08320791227692981,0.018850987432674993,0.018374558303887012,0.042654028436019065,0.027108433734939874,0.04073587385019706,0.014150943396226356,0.003930817610062753,0.007429420505200568,0.019230769230769162,0.0
2013-09-30,0.004772412712506169,0.0,-0.04403329092008923,0.0,0.02999038835150003,-0.04796623177283188,-0.07839942060474381,-0.07514134597847888,-0.08045977011494243,-0.05813953488372081,-0.32773220428684835,-0.30527638190954776,2.23179227359088,-0.8654443294395978,0.014601819611366862,-0.013298928146089795,-0.01497797356828201,-0.002775850104094424,0.03701298701298694,-0.05278592375366575,-0.058712121212121215,0.015503875968992276,0.025058731401722767,-0.013643067846607626,0.0,0.0
2013-12-31,0.03372253952164672,0.0,0.01922321623390788,0.0,0.04308504829694937,0.06282748891575984,0.1862475442043221,0.18379017945178466,0.19999999999999996,0.18518518518518512,-0.3609525683920488,1.0940325497287522,-0.8579267097785617,3.138461538461539,0.059559393335547384,0.07966203983101994,0.0004472271914133241,0.01391788448155884,0.04320601127113344,0.04024767801857587,0.06706908115358812,0.018320610687022842,0.009014514896867887,0.01495327102803734,0.0,0.0
2014-03-31,0.014337525849660304,0.0,-0.038556228725567854,0.0,0.03408171617287348,-0.006447025361460024,-0.07088439880755215,-0.07196401799100449,-0.07291666666666663,-0.07291666666666663,-0.030797659377887254,-1.9835924006908463,-1.1255172413793104,-0.4391927774827403,0.03152379957311524,0.013415315818893214,-0.040232454179705,-0.026080988332189414,0.03901560624249689,-0.029761904761904767,-0.030798240100565644,0.01799100449775115,0.019533615990309006,-0.015101289134438312,0.0,0.0
2014-06-30,0.034361173423228086,0.0,0.021442885771543185,0.0,0.03958509737510574,0.01650842120330176,0.03190730837789668,0.03213067671872194,0.03370786516853941,0.03370786516853941,1.4515411503018747,-3.479367866549605,-30.54945054945055,2.724905303030303,0.11383466697535782,0.005883434454863057,-0.023754075454122003,-0.00986610288935863,0.0433275563258233,-0.030674846625766805,0.0077821011673151474,0.01767304860088359,0.005049754938363238,0.006357516828720877,-0.018867924528301883,0.0
2014-09-30,-0.0200576327440255,0.0,-0.1476685632071153,0.0,0.02556815666693235,0.0117343346632246,0.10658144757298316,0.10886956521739122,0.10869565217391308,0.10869565217391308,-0.05755022683084898,-0.6235835694050991,2.2093715135738194,-1.129147070039405,-0.01319891914362914,0.013891427526960376,0.021946564885496178,0.042704626334519435,0.030454042081949018,-0.02848101265822789,-0.003217503217503137,0.01736613603473236,0.04654943106250942,0.03716090672612404,0.0,0.0
2014-12-31,-0.0036864725409760934,0.0,0.04051254507787916,0.0,-0.0024430037724121334,-0.04231036882393879,-0.11582891039650323,-0.11731493099121704,-0.10784313725490191,-0.10784313725490191,-0.2127630312199147,-0.1486359360301035,-0.6200463499420625,-3.8464566929133857,0.03807266982622437,-0.021633315305570555,-0.03828197945845013,-0.02116040955631393,-0.001612036539494932,-0.04885993485342022,-0.07553260167850229,0.09246088193456603,0.0012708274498727246,-0.010390541024722366,0.0,0.0
2015-03-31,0.011922586029159188,0.0,-0.015018558120099335,0.0,0.0229927828449783,-0.026401201375769068,0.07079802259887003,0.07054015636105193,0.07692307692307687,0.07692307692307687,-0.04088050314465408,-0.8165745856353591,-0.3379078987496188,-0.18015214384508993,0.030068990006594687,-0.019716233646581927,-0.0019417475728153999,0.013947001394700065,0.028525296017222868,-0.020547945205479423,-0.006983240223463638,0.01953125,0.010858835143139345,0.029688631426502576,-0.019230769230769273,0.0
2015-06-30,0.010866467367246502,0.0,-0.03056997404671591,0.0,0.022332191346275954,-0.004478057518160994,-0.16867271228359437,-0.1687966804979253,-0.16326530612244905,-0.16326530612244905,0.2632058287795993,6.72289156626506,1.5435283279594656,0.2825811893715733,0.03744013395220569,-0.046616541353383556,-0.0471789883268483,-0.030949105914718,0.03035060177917326,-0.07342657342657344,-0.0689170182841069,0.019157088122605304,0.011439732142857206,-0.015822784810126556,-0.019607843137254943,0.0
2015-09-30,-0.020071624385883835,0.0,-0.026874662136072258,0.0,-0.02023085515700629,-0.06347461015593758,-0.2895676318921063,-0.28674121405750796,-0.29268292682926833,-0.29268292682926833,-0.36971881759192504,-0.8939157566302652,-0.06736689605215507,-1.1917132522196645,-0.00691873160543055,-0.1512223974763407,-0.12659520163348648,-0.12207239176721074,0.0,-0.17358490566037732,-0.1283987915407856,0.018796992481203034,-0.00013793103448278554,-0.09074669524830292,-0.040000000000000036,0.0
2015-12-31,-0.011031054683913188,0.0,-0.026161944819194205,0.0,-0.0050502491343636935,-0.06179955171309637,0.25013958682300386,0.24608062709966405,0.27586206896551735,0.27586206896551735,-0.3246396705559369,5.5588235294117645,-0.10019417475728154,0.6998284734133791,-0.01184259270324206,-0.10754936120789771,-0.06253652834599654,-0.055780113177041235,0.00964956830878605,-0.1095890410958904,0.012131715771230622,0.022140221402213944,0.005931852669333715,-0.020432220039292792,-0.02083333333333337,0.0
2016-03-31,-0.016378323171675313,0.0,-0.06274786765904272,0.0,-0.0009167147658981634,-0.08196814562002275,-0.1951764180437695,-0.1963603684565266,-0.17567567567567566,-0.17567567567567566,-0.5443766937669376,-0.8901345291479821,-0.13012516184721623,1.3007063572149344,-0.027572862498488337,-0.07678292555960442,-0.12780548628428923,-0.12071917808219179,0.012072434607645954,-0.08717948717948709,-0.02654109589041098,0.02166064981949445,0.015770707624794378,-0.08062575210589651,-0.04255319148936165,0.0
2016-06-30,0.006708241823937033,0.0,0.03947368421052633,0.0,0.0009940188948549533,0.012640188363591376,0.23862375138734748,0.23902711769639362,0.2622950819672132,0.2622950819672132,4.469888475836431,-1.7142857142857144,0.2632101215579261,-1.8820175438596491,0.025009327198109776,0.012122920778122381,-0.028591851322373185,-0.02434274586173324,0.01640159045725631,0.0,0.14775725593667555,0.021201413427561766,-0.005670311867152722,0.016579406631762827,-0.04444444444444451,0.0
2016-09-30,0.006332239412408125,0.0,-0.02149668209446276,0.0,0.013045212653092442,-0.013767362173407571,0.05757168458781359,0.06001805054151621,0.06493506493506485,0.06493506493506485,-0.23569389696887322,-15.314285714285715,-0.1653574234092694,0.19940328194927903,0.029264386503439654,-0.04484679665738156,0.06843267108167783,0.0748502994011977,0.025916870415648052,-0.0561797752808989,-0.026819923371647625,0.02076124567474036,0.006653088934147844,0.1128755364806866,-0.04651162790697683,0.0
2016-12-31,0.006925982060774771,0.0,-0.11038609488531126,0.0,0.002429665376430634,-0.0316416428837325,-0.06757042999364538,-0.06939123031077055,-0.060975609756097504,-0.060975609756097504,-0.20647341276898457,-1.5828343313373252,-0.1390588235294118,-1.1181592039800996,-0.003359541687786627,0.0965296004666083,-0.008264462809917439,-0.005571030640668551,0.008579599618684375,0.06547619047619047,0.007086614173228423,0.02259887005649719,-0.004451038575667643,0.025838796760509153,-0.024390243902438935,0.0
2017-03-31,0.061676835098671834,0.0,-0.014413375612568502,0.0,0.019122760096282443,0.02549974372116859,-0.044298046342571507,-0.04574565416285448,-0.038961038961038974,-0.038961038961038974,-0.6232631107126849,-3.268835616438356,-1.0112052473353375,-12.273684210526316,0.03800208165775665,0.1135638297872339,0.025694444444444464,0.014005602240896309,0.026465028355387554,0.1061452513966481,0.10242376856919466,0.022099447513812098,-0.040102967077631724,0.03684210526315779,-0.025000000000000022,0.0
2017-06-30,0.015461850889884499,0.0,-0.04439244743427251,0.0,0.01692691247867728,0.008309383981007112,-0.024007606370335166,-0.024209012464046054,-0.013513513513513487,-0.013513513513513487,1.0464009518143964,-1.0694339622641509,-91.0,-0.9685652038593215,0.0011508528845387556,0.027943635060902805,-0.033175355450236865,-0.04143646408839785,0.023480662983425438,0.0,-0.015602836879432536,0.021621621621621623,0.0014114326040932657,-0.01704133430021748,-0.02564102564102566,0.0
2017-09-30,0.0033073551458555617,0.0,-0.09665022955279712,0.0,0.01774193548387104,0.0018588512299400062,0.03555772040915728,0.038565463031196234,0.0547945205479452,0.0547945205479452,-0.48517441860465116,0.40217391304347827,-0.3897018970189702,-4.613861386138614,-0.004154241879310683,0.02927509293680286,-0.040616246498599407,-0.047070124879923125,0.024741340530814337,0.005050505050504972,0.04322766570605174,0.021164021164021385,0.014376321353065435,-0.02803393581704161,-0.02631578947368418,0.0
2017-12-31,0.030820120907950166,0.0,0.4252155253548169,0.0,-0.06829635499207609,-0.0008658544127652101,-2.371825023518344,-2.3819772942289497,-2.3766233766233764,-2.3766233766233764,0.8091473743647657,3.5426356589147288,-0.7730905861456483,-7.046575342465753,0.025223721956181278,-0.03363431151241525,-0.6051094890510949,-0.6139112903225806,-0.06453028972783148,-0.055276381909547756,-0.017955801104972413,0.023834196891191706,-0.09615117410031959,-0.6098671726755218,0.0,0.0
2018-03-31,-0.021267649271898392,0.0,0.3744518992022823,0.0,-0.14455566800758624,0.0014237078303931394,-1.7598148465626609,-1.7325004278623994,-1.7452830188679245,-1.7358490566037736,0.7996254681647941,1.0972696245733786,12.960861056751467,-2.105120072496602,-0.027189422991170997,-0.07101144592384956,0.06284658040665425,0.026109660574412663,-0.1262318160488033,-0.005319148936170137,1.3699015471167373,0.32692307692307665,-0.12590315142198305,0.013618677042801508,0.0,0.0
2018-06-30,-0.12221594120972301,0.0,-0.3646461928738901,0.0,-0.019376839258729017,-0.03659290394362713,-0.09296028880866425,-0.06845794392523363,-0.05063291139240511,-0.03846153846153855,0.060527228581338965,-0.25711960943856793,2.577516119988786,7.496514965149652,-0.23747206783933994,-0.1649484536082475,0.045217391304347876,0.015267175572518887,0.004833512352309333,-0.048128342245989386,-0.1922848664688428,0.01754385964912286,0.11712979247274014,-0.0038387715930902067,0.0,0.0
2018-09-30,-0.07370556414219476,0.0,-0.052631578947368474,0.0,0.003619404876565202,-0.020146285127678687,0.25,0.2651116127414095,0.28,0.2933333333333332,0.17939493049877342,-0.8072289156626506,-0.8256406237755662,-1.123727259566665,0.03853205494274303,-0.024390243902439046,0.19467554076539106,0.1679197994987469,0.03099946552645627,-0.028089887640449507,-0.040044085231447424,0.01724137931034475,0.08343828715365254,0.1387283236994219,0.027027027027026973,0.0
2018-12-31,-0.030096986129940606,0.0,-0.060791826309067654,0.0,-0.01553660901891063,-0.0757595599790466,-0.4509452736318408,-0.45796986518636007,-0.4374999999999999,-0.44329896907216493,-0.6311702717692734,5.267045454545454,-0.10988764044943822,-1.9816692667706708,-0.03642230775909472,-0.04351851851851851,1.2590529247910864,1.2639484978540771,-0.00829445308449972,-0.06936416184971095,-0.17642556448526592,0.01915991156963881,0.01511188607962799,1.2199661590524538,0.05263157894736836,0.0
2019-03-31,0.020672945966481837,0.0,-0.007138971988033704,0.0,0.014201572023724074,0.015798795607509852,0.33200434940195733,0.33028529626920267,0.33333333333333326,0.33333333333333326,-0.33007518796992485,4.656391659111514,-0.3266851805099722,1.8323400874056417,-0.10705972457913471,0.012262020006453822,-0.03575832305795312,0.010426540284360186,0.01777313120752755,0.01863354037267073,-0.520446096654275,0.018799710773680367,-0.0064414543372458555,-0.010289634146341653,0.02499999999999991,0.0
2019-06-30,0.015752510710021816,0.0,0.058344175854276425,0.0,0.002751977984176035,0.029920491002929372,-0.3308843537414966,-0.33104206763816335,-0.33333333333333337,-0.33333333333333337,-2.542648709315376,-0.5598653630389485,-2.3528308961379825,-0.7357273109833076,-0.031685166498486406,0.07299968122409939,-0.10230179028133002,-0.08442776735459656,0.01078582434514641,0.054878048780487854,0.09496124031007747,0.018452803406671325,-0.01267828843106189,-0.08817866769349236,0.0,0.0
