Quarter end,Assets,Current Assets,Liabilities,Current Liabilities,Shareholders equity,Revenue,Earnings,Earnings available for common stockholders,EPS basic,EPS diluted,Cash from operating activities,Cash from investing activities,Cash from financing activities,Cash change during period,Cash at end of period,Price,ROE,ROA,Book value of equity per share,P/B ratio,P/E ratio,Cumulative dividends per share,Equity to assets ratio,Net margin,Asset turnover,Current ratio
1993-12-31,0.044553352639786103,0.13292876751914462,0.06060606060606055,0.167331560283688,0.0084123858958296,0.1520517623020603,0.638095238095238,0.6907216494845361,0.6666666666666667,0.6774193548387097,-2.9851632047477743,-0.5531914893617021,-1.9744027303754266,-1.5,0.1707317073170731,-0.02840909090909094,0.10124481327800838,-0.9275053304904051,0.008620689655172376,0.006802721088435382,-0.06875425459496254,inf,-0.032733224222585955,0.12267657992565062,0.0,-0.029467370754286515
1994-04-03,0.044553352639786103,0.13292876751914462,0.06060606060606055,0.167331560283688,0.0084123858958296,0.1520517623020603,0.638095238095238,0.6907216494845361,0.6666666666666667,0.6774193548387097,-2.9851632047477743,-0.5531914893617021,-1.9744027303754266,-1.5,0.1707317073170731,-0.02840909090909094,0.10124481327800838,-0.9275053304904051,0.008620689655172376,0.006802721088435382,-0.06875425459496254,inf,-0.032733224222585955,0.12267657992565062,0.0,-0.029467370754286515
1994-07-03,-0.029750479846449185,-0.04476469838030861,-0.05575289575289577,-0.14182646667932408,0.027689030883919052,0.1520517623020603,0.638095238095238,0.6907216494845361,0.6666666666666667,0.6774193548387097,-2.9851632047477743,-0.5531914893617021,-1.9744027303754266,-1.5,-0.07291666666666663,0.011695906432748648,0.10124481327800838,-0.9275053304904051,0.025641025641025772,0.006802721088435382,-0.06875425459496254,1.0,0.05617597292724197,0.12267657992565062,0.0,0.1131188285080944
1994-10-02,-0.023848774590614408,-0.0516688918558077,-0.0503761858030749,0.11548672566371687,0.03626943005181338,0.06044930535028081,0.35465116279069764,0.37195121951219523,0.3818181818181816,0.3653846153846152,0.710014947683109,0.8571428571428572,0.6497373029772329,-2.0,0.0786516853932584,-0.046242774566474076,0.10124481327800838,-0.9275053304904051,0.03333333333333344,-0.06756756756756765,-0.06875425459496254,0.5,0.06280038449215009,0.12267657992565062,0.0,-0.149840082071088
1994-12-31,-0.009344742175185772,-0.01717584119386173,-0.029452290733723685,-0.008925029750099123,0.027833333333333377,-0.1452264808362369,-0.05579399141630903,-0.05777777777777782,-0.06578947368421062,-0.07042253521126751,-0.18618881118881114,0.8358974358974358,-0.4002123142250531,0.1428571428571428,0.08333333333333326,0.12121212121212133,0.10124481327800838,-0.9275053304904051,0.008064516129032251,0.07971014492753636,-0.06875425459496254,0.3333333333333335,0.036177268616219616,0.12267657992565062,0.0,-0.008375922771152955
1995-04-02,0.07193999318104338,0.15055149692021197,0.09174800354924573,0.22253352011206728,0.01832333387384466,-0.012555030164682845,-0.10909090909090913,-0.1132075471698113,-0.11267605633802813,-0.10606060606060619,-1.5112781954887218,-0.494413407821229,-2.12212389380531,-3.875,-0.22115384615384615,0.09189189189189184,0.10124481327800838,-0.9275053304904051,0.02400000000000002,0.08724832214765099,-0.06875425459496254,0.25,-0.04829793424498108,0.12267657992565062,0.0,-0.05884037222619887
1995-07-02,0.048664122137404675,0.08603087649402386,0.06290637191157344,-0.057783597970207934,0.030573248407643305,0.24702774108322334,0.11734693877551017,0.12234042553191493,0.11111111111111094,0.1186440677966103,-0.5378151260504201,2.458563535911602,0.36750788643533117,-1.9130434782608696,0.2592592592592593,0.04950495049504955,0.030896759608138646,-0.9275053304904051,0.03125,0.024691358024691246,-0.06875425459496254,0.19999999999999996,-0.020483032711708926,0.0298013245033113,0.00694444444444442,0.15264679038637063
1995-10-01,-0.19876655545445354,-0.279605640261378,-0.246215017586787,-0.19023627519110498,-0.08297280593325096,0.007282838983050821,-3.6164383561643834,-3.748815165876777,-3.757142857142857,-3.924242424242424,-6.759090909090909,-3.230031948881789,-3.7104959630911187,13.904761904761905,3.068627450980392,0.004716981132075304,-0.9627192982456141,-0.9275053304904051,-0.09090909090909094,-0.030120481927710774,-0.04897660818713445,0.16666666666666674,0.1441947565543069,-0.9646302250803859,0.048275862068965614,-0.11039260969976905
1995-12-31,0.017350157728706517,-0.05681094844048373,0.03854737269222963,0.06736751770006433,-0.018197135636057293,-0.3818851058235836,-0.9511343804537522,-0.9379310344827586,-0.9378238341968912,-0.9378238341968912,-1.0726124704025257,-1.505730659025788,-1.1846808510638298,-2.1629392971246006,-0.8771084337349397,-0.1784037558685445,-8.098039215686274,-4.088235294117648,-0.01666666666666672,-0.0931677018633541,0.0,0.0,-0.0400981996726677,0.0,-0.03289473684210531,-0.11630321910695751
1996-03-31,0.1155968992248062,0.21697317361228285,0.17923422543465528,0.11155778894472368,-0.0005148446885189228,-0.0174393874946831,-2.9642857142857144,-2.3055555555555554,-2.3333333333333335,-2.25,9.184782608695652,-0.022662889518413554,3.064516129032258,-1.3763736263736264,2.6862745098039214,0.03428571428571425,0.6823204419889501,0.7904761904761903,-0.008474576271186418,0.047945205479452024,0.0,0.1428571428571428,-0.10315430520034097,0.0,-0.04761904761904767,0.09476246432768165
1996-06-30,0.03724498304519419,0.067932898932483,0.0308953863994037,0.16401446654611207,0.05048076923076916,0.298917748917749,1.1454545454545455,1.3617021276595747,1.3125,1.3333333333333335,-1.2945570971184632,-0.013043478260869601,-0.7624716553287982,-0.8978102189781022,0.07446808510638303,0.011049723756906049,0.3004926108374384,0.3244680851063828,0.05128205128205132,0.019607843137254832,0.0,0.125,0.013307984790874361,0.0,-0.042857142857142705,-0.08249635819980061
1996-09-29,0.02036550726191111,-0.006231338439569023,0.027960790615458864,0.04008078297343487,0.008826413860738791,0.03682719546742219,0.7033898305084745,0.7477477477477477,0.7297297297297298,0.7142857142857144,1.5144927536231885,0.10719530102790009,-1.081145584725537,-7.714285714285714,-0.4653465346534653,-0.1202185792349727,-1.6843434343434343,-1.7751004016064258,0.0,-0.16025641025641024,0.0,0.11111111111111116,-0.011257035647279534,12.363636363636362,-0.10447761194029859,-0.04453914932731684
1996-12-31,-0.10667577078628077,0.00143696930111048,-0.14850711270908235,-0.23674383868558624,-0.020738820479585196,-0.1962391513982642,-1.6567164179104479,-1.7164948453608249,-1.734375,-1.7833333333333332,0.16714697406340062,-3.5742705570291777,33.3235294117647,-17.851063829787233,14.666666666666666,-0.0434782608695653,-0.3321033210332103,-0.31088082901554415,-0.024390243902439046,-0.04580152671755733,0.9323597232897771,0.09999999999999987,0.09108159392789372,-0.33333333333333337,0.0,0.31205177540668183
1997-03-30,0.2653457196613358,0.13801200104356903,0.3547824490545255,0.6545988258317026,-0.006452680344142925,-0.04059188162367522,-1.5303030303030303,-1.4532374100719425,-1.446808510638298,-1.4255319148936172,-1.7160493827160495,-1.9206594538897477,-1.8774635818337617,-1.8478535353535355,-0.7937352245862884,0.038961038961039085,0.06906077348066275,0.015037593984962516,0.008333333333333304,0.06400000000000006,0.6161495624502784,0.09090909090909083,-0.2139130434782608,0.061224489795918435,-0.033333333333333326,-0.31222503666177837
1997-06-29,-0.0006505273918497867,-0.0030949105914718222,0.0030489870587437906,0.008752217622708391,0.02731057452123231,0.34160066694456015,1.9714285714285715,2.1904761904761907,2.1904761904761907,2.15,-1.7120689655172414,-0.95747062115277,-1.3974609375,-0.9478778853313478,-0.20057306590257884,0.09375,0.39276485788113713,0.3037037037037038,0.024793388429751984,0.09022556390977443,0.01353679547132658,0.08333333333333348,0.02286135693215341,0.3653846153846154,-0.017241379310344862,-0.011727078891258014
1997-09-28,0.009624773329613534,-0.005059215821547669,0.003580113482842373,0.05229217962246446,0.02269411573999025,0.07223862047537666,0.09134615384615374,0.0945273631840795,0.08955223880596996,0.07936507936507953,1.198547215496368,6.868421052631579,-0.2432432432432432,-1.0285714285714285,0.007168458781362075,0.1657142857142857,0.07606679035250452,0.03977272727272729,0.024193548387096753,0.13793103448275867,-0.17435648372996604,0.0769230769230771,0.014059120403749237,0.04929577464788726,-0.00877192982456143,-0.054525840933608016
1997-12-31,-0.03744128212213316,-0.07766092684618053,-0.05485629669516057,-0.06651810584958218,0.005230622919638606,-0.1671979136482179,-0.6563876651982379,-0.6772727272727272,-0.684931506849315,-0.661764705882353,-0.23568281938325997,-0.919732441471572,1.1818181818181817,-14.0,-0.09252669039145911,0.07352941176470584,0.5931034482758619,0.4863387978142075,-0.007874015748031482,0.042424242424242475,-0.009117647058823564,0.0714285714285714,0.039815143974404554,0.5570469798657718,-0.008849557522123686,-0.011928223213359512
1998-03-29,0.008085737524520464,0.03859165518105501,0.016094573422589464,0.028407734542850394,0.0031535793125196943,-0.043667362560890766,-0.3205128205128205,-0.352112676056338,-0.34782608695652184,-0.3913043478260869,-1.1772334293948128,2.6041666666666665,-1.6755952380952381,-7.076923076923077,0.6196078431372549,-0.06849315068493145,-0.04220779220779225,-0.022058823529411797,0.0,-0.05813953488372081,-0.44315820718314036,0.06666666666666665,-0.0047863247863246805,-0.05603448275862066,0.02678571428571419,0.009867730422002952
1998-06-28,0.003084954912197402,0.031246229943298287,-0.007008690776562965,-0.005803156917362995,0.030179188934297496,0.17445879570674916,2.5849056603773586,2.9782608695652173,3.0,3.0714285714285703,-7.878048780487805,0.24855491329479773,-1.7907488986784141,0.7151898734177216,0.6561743341404358,0.12254901960784315,-0.04632768361581918,-0.03007518796992481,0.023809523809523725,0.12345679012345667,0.16257995735607667,0.0625,0.02335967021642027,-0.03652968036529669,0.008695652173912993,0.03731808731808717
1998-09-27,0.4398864442867281,0.18249883013570423,0.6535855448898926,-0.05159934625262663,0.014189807750991656,0.33085501858736066,-0.3263157894736842,-0.3387978142076503,-0.33333333333333326,-0.33333333333333326,0.5094562647754137,36.5462962962963,-19.075208913649025,-2.269372693726937,-0.5029239766081872,0.048034934497816595,-0.20023696682464454,-0.2558139534883721,0.007751937984496138,0.0219780219780219,0.08665749656121058,0.0588235294117645,-0.29540114132259143,-0.2417061611374408,-0.0344827586206895,0.24681831846878444
1998-12-31,-0.06190851735015768,-0.1238622872971904,-0.05749530476353082,-0.15361890694239289,-0.06378817511659396,-0.020135009310986995,-2.6015625,-2.7520661157024793,-2.75,-2.8421052631578947,0.4651527016444792,-0.9196054254007399,-1.1878563723223918,-1.0,0.0,-0.025000000000000022,-0.6696296296296296,-0.65625,-0.05384615384615388,-0.032258064516129115,0.19662447257383975,0.05555555555555558,-0.0076226774654597484,-0.7,0.01785714285714257,0.03520334351390453
1999-04-04,0.03383774695250108,0.15481029810298108,0.04007970653503001,0.023560209424083878,0.01912260967379087,-0.025656253711842214,-1.7658536585365854,-1.7075471698113207,-1.7142857142857144,-1.6714285714285715,-1.584179583110636,-0.7193251533742331,-2.1132075471698113,inf,0.2382352941176471,0.1495726495726497,0.757847533632287,0.5000000000000002,0.0,0.21666666666666656,2.8913963328631875,0.05263157894736836,-0.015362457993278955,0.5833333333333335,0.01754385964912286,0.1281832298136647
1999-07-04,-0.0077929118384495455,0.016035983181773794,-0.02399198815640513,-0.03452685421994883,0.05045726900031533,0.1934658051932221,1.0382165605095541,1.0866666666666664,1.06,1.0425531914893615,-2.0658737419945106,0.1092896174863387,-1.660280029476787,-0.18518518518518523,0.15676959619952502,0.17843866171003708,0.5357142857142856,0.3737373737373735,0.05691056910569103,0.17808219178082196,-0.3617252627763683,0.04999999999999982,0.05558264261335921,0.3947368421052633,0.02586206896551735,0.0523707934760167
1999-10-03,-0.027899194099166746,-0.016456548936579773,-0.045728306937318774,-0.059013980868285465,0.03212248574001797,0.012870275791624142,0.15625,0.16293929712460065,0.17475728155339798,0.17708333333333326,-0.06866952789699576,0.3201970443349753,0.11383928571428581,-3.742424242424242,-0.37166324435318276,-0.06309148264984221,0.6411960132890366,0.6323529411764708,0.04615384615384621,-0.11627906976744196,-0.39224872231686536,0.04761904761904767,0.06512702078521948,0.5943396226415092,0.050420168067226934,0.045252419565786184
1999-12-31,-0.04025713984613766,-0.12348336594911935,-0.054932211313697965,0.0480137629027213,0.004799301919720778,-0.19997983057684554,-0.472972972972973,-0.48351648351648346,-0.49586776859504134,-0.48672566371681414,0.7539170506912443,0.018656716417910557,0.5811623246492985,-1.287292817679558,0.16993464052287588,-0.16161616161616155,0.6113360323886641,0.6396396396396395,0.0,-0.19736842105263153,-0.49964961457603363,0.0,0.0398959236773635,0.6745562130177516,0.0,-0.1636636636636637
2000-04-02,0.034405768456498675,0.15851752623353432,0.04056393767004707,-0.013430831219221062,0.01823708206686936,0.030631539140300035,0.02564102564102555,0.03191489361702127,0.06557377049180335,0.06896551724137945,-1.672622175512349,-1.3992673992673992,-1.7845373891001266,0.28846153846153855,0.18715083798882692,0.08835341365461846,0.017587939698492372,0.052197802197802234,0.03676470588235281,0.08743169398907091,-0.3552754435107377,0.045454545454545414,-0.01334445371142623,0.04593639575971742,0.008000000000000007,0.17429682824655912
2000-07-02,-0.023530660627720135,0.020235112738485217,-0.010743998098407426,0.08894267130540001,-0.05700071073205404,0.17563600782778854,-1.77,-1.829896907216495,-1.8461538461538463,-1.8870967741935485,-1.6859375,-2.715596330275229,-1.6203554119547658,-2.1492537313432836,-0.18117647058823527,0.07749077490774914,-0.44567901234567897,-0.42819843342036557,-0.049645390070921835,0.04020100502512558,0.028240405503258348,0.04347826086956519,-0.04395604395604391,-0.44594594594594594,0.015873015873015817,-0.06306535864441332
2000-10-01,-0.01695897956225545,-0.025689459765772527,-0.032630111970781916,-0.050423669954160255,0.033614712089237164,0.00010403662089064625,-3.8896103896103895,-3.7267080745341614,-3.7636363636363632,-3.5999999999999996,0.01480637813211838,0.07486631016042788,-0.00520833333333337,-0.038961038961038974,-0.21264367816091956,0.14726027397260277,0.1325167037861914,0.1369863013698629,0.06716417910447747,0.20772946859903385,1.1204225352112678,0.04166666666666674,0.05614500442086645,0.1402439024390243,0.0,0.026040250203970716
2000-12-31,-0.02322323798289594,-0.06039162466072123,-0.030054644808743203,-0.0358396723229959,-0.0048126002625055175,-0.038177468012067006,-0.5707865168539326,-0.5808656036446469,-0.5592105263157894,-0.42657342657342656,0.4320987654320987,0.22388059701492535,0.3717277486910995,-0.7567567567567568,-0.06569343065693434,0.18805970149253737,0.0,0.0,0.020979020979021046,0.11199999999999988,0.01693789438724691,0.040000000000000036,0.010464629552113802,-0.042780748663101664,0.046875,-0.025511894506659694
2001-04-01,0.030002264321835614,0.11348395749509965,0.04819462227912941,-0.0535578819602488,-0.021395076201641272,-0.08068353882760115,-0.03141361256544506,-0.02717391304347827,-0.02985074626865669,-0.25609756097560976,-2.1018808777429467,-0.7764227642276422,-2.416984732824427,-2.333333333333333,0.09375,-0.4547738693467337,-0.006882989183874089,-0.012048192771084265,-0.0273972602739726,-0.46402877697841727,-0.5111038536903985,0.03846153846153855,-0.049710024855012525,-0.03351955307262566,0.014925373134328401,0.17652658778729768
2001-07-01,-0.09181841497819954,-0.05086630223292876,-0.0471025114824587,0.0605963449823661,-0.2247678945792153,0.16776470588235304,-9.762162162162163,-10.089385474860336,-10.107692307692307,-10.704918032786885,-1.90398293029872,1.5636363636363635,-1.7818181818181817,-2.291666666666667,-0.11071428571428577,-0.03686635944700467,-2.369306930693069,-2.2317073170731705,-0.2464788732394365,-0.01342281879194629,-0.03273213092852367,0.03703703703703698,-0.16957279860505658,0.0,0.03676470588235281,-0.1050745578545833
2001-09-30,-0.04389397668132489,-0.07731354939476764,-0.0549687211568044,-0.06620314389359128,-0.0019316206297083083,0.00795889582913567,-1.2239358420727946,-1.2194222495390288,-1.2195945945945945,-1.2060810810810811,-0.07159716758457912,-0.22695035460992907,-0.17657192075796724,-4.709677419354838,0.4618473895582329,0.009569377990430672,0.18655097613882865,0.13861386138613874,0.009345794392523477,0.34013605442176864,0.0,0.03571428571428559,0.04619422572178489,0.0,0.042553191489361764,-0.01194781710152415
2001-12-31,-0.02375627663614499,-0.16049513330512066,-0.023440043407487843,-0.06976367756555524,-0.024385523514611984,-0.1574212893553223,-0.7768595041322314,-0.7787114845938375,-0.9,-0.8442622950819672,0.833050847457627,7.477064220183486,-0.19246861924686187,3.0608695652173914,1.2829670329670328,0.1327014218009479,0.21389396709323583,0.16231884057971002,-0.06481481481481488,0.12182741116751261,0.0,0.034482758620689724,0.0005017561465128217,0.0,0.013605442176870763,-0.09752271390286948
2002-03-31,0.03345435684647313,0.08519218651543792,0.05039448827647508,0.04210892639638075,-0.02380480063479473,0.03902728351126927,2.3950617283950617,2.481012658227848,2.769230769230769,1.526315789473684,-1.2311604253351827,-0.5768398268398268,-1.36139896373057,-2.310492505353319,-0.7364620938628159,1.1087866108786608,-0.030622489959839294,-0.05735660847880286,0.06930693069306937,1.257918552036199,0.0,0.03333333333333344,0.032096288866599876,0.0,0.04026845637583887,0.04135583399724774
2002-06-30,-0.007193642827268976,-0.02949715480199744,-0.032055011901613306,0.05443312740023387,0.0871774029668766,0.18072839365224347,0.8145454545454545,0.8145454545454545,0.8163265306122449,0.8125,-4.564,-0.09462915601023014,-5.594982078853047,-1.238562091503268,0.6666666666666667,0.12698412698412698,-2.278094251683066,-2.365079365079365,0.09259259259259256,0.054108216432865675,0.0,0.032258064516129004,0.09523809523809512,0.8612716763005781,0.02580645161290329,-0.07956600361663657
2002-09-29,0.0034965034965035446,-0.019145626420964512,0.00278703754303522,0.051306413301662745,0.012336448598130767,0.004254496228969229,0.002004008016031955,0.002004008016031955,0.0,0.0,-0.308641975308642,1.1242937853107344,-0.7948517940717629,0.48630136986301364,0.5945205479452054,-0.040492957746478764,0.0802269043760131,0.11046511627906974,0.008474576271186418,-0.1216730038022813,0.40055248618784534,0.03125,0.008873114463176623,0.10869565217391308,0.0062893081761006275,-0.06702433126794616
2002-12-31,0.7347718399731329,0.4938392094668782,0.9803269754768393,0.6100316312697696,-0.08991875923190551,-0.12362796071634896,-0.42600000000000005,-0.42600000000000005,-0.4382022471910112,-0.4367816091954023,0.6306818181818181,10.58909574468085,-34.00380228136882,8.096774193548388,3.4536082474226806,0.12477064220183487,0.13615903975993993,-0.03315881326352532,-0.09243697478991586,0.11471861471861478,0.0034516765285996787,0.06060606060606055,-0.47537379067722074,0.134453781512605,-0.14374999999999993,-0.07216327852919735
2003-03-30,0.0067757235504790625,-0.015434871376071913,-0.006659511819257502,-0.1886986621760689,0.10529519172245894,0.17655460338387163,0.09756097560975618,0.09756097560975618,0.1200000000000001,0.12244897959183687,-2.515679442508711,-0.9266781411359725,-0.8131336405529954,-2.0390070921985815,-0.7912808641975309,0.07667210440456773,0.0,-0.11371841155234652,0.10185185185185164,0.18640776699029127,-0.04275184275184285,0.028571428571428692,0.09723386420787916,-0.024691358024691357,-0.09489051094890522,0.2135125698324023
2003-06-29,0.016608979905778254,-0.03649635036496346,-0.0039892511843089284,0.08521678966789659,0.15290014684287812,0.2637034270239984,1.3587301587301588,1.3587301587301588,1.375,1.3636363636363633,-1.5756978653530378,-0.729264475743349,-2.0881627620221948,-0.9302779132130667,-0.2643253234750462,-0.015151515151515138,0.10366457576758004,0.008146639511201759,0.16806722689075637,-0.1063829787234043,-0.03952772073921973,0.0277777777777779,0.134453781512605,0.06835443037974676,-0.05645161290322587,-0.11214213782189619
2003-09-28,-0.0020096938172360357,0.0201446280991735,-0.018440742079937733,0.004144086707045025,0.09218277344371906,0.004433606739082219,-0.07402422611036341,-0.07402422611036341,-0.06766917293233088,-0.06923076923076932,-0.04506560182544206,0.23121387283237005,-0.3053824362606232,-2.300699300699301,0.46733668341708534,-0.06769230769230772,0.03440023930601255,-0.0181818181818183,0.09352517985611519,-0.20146520146520142,-0.19294494922501337,0.05405405405405417,0.09427609427609429,0.026066350710900466,-0.04273504273504258,0.015960463420562343
2003-12-31,-0.035868277659322434,-0.22067510548523206,-0.0774723717767073,-0.08878306878306874,0.17755102040816317,-0.12197454572206279,-0.19622093023255816,-0.19622093023255816,-0.2016129032258065,-0.2644628099173554,0.946236559139785,0.0,1.66721044045677,-2.17741935483871,-0.375,0.16831683168316847,-0.0028918449971081506,0.1337448559670784,0.17763157894736836,0.0688073394495412,0.056291390728476776,0.0512820512820511,0.22153846153846146,0.06697459584295617,0.06249999999999978,-0.14473684210526316
2004-04-04,0.04509042657755069,0.24407146724417972,0.05169553999262799,0.12890488909534326,0.018692745729140814,0.031839128613322165,-0.15370705244122962,-0.15370705244122962,-0.1515151515151515,-0.07865168539325851,-1.2130141190914672,2.31924882629108,-1.4431192660550458,-1.2146118721461188,0.12876712328767126,0.10593220338983045,-0.03393271461716929,0.061705989110707904,0.022346368715083775,-0.0622317596566524,-0.005642633228840066,0.024390243902439046,-0.02518891687657432,0.032467532467532534,0.03361344537815136,0.10200466200466196
2004-07-04,0.019280054548447056,0.06475759422055871,0.003738426940039119,0.050097726571340484,0.08384979948960991,0.19139261063743396,0.938034188034188,0.938034188034188,0.9523809523809523,0.9512195121951221,-3.4481268011527377,-0.5318246110325318,-1.982056590752243,-2.127659574468085,-0.12864077669902918,0.06002554278416361,-0.021014710297208028,0.05982905982905984,0.08196721311475397,0.0389016018306636,-0.008196721311475308,0.04761904761904767,0.06304909560723515,0.04402515723270439,0.008130081300812941,0.01396057196040279
2004-10-03,0.003875343129339681,0.004250797024442088,-0.024762126458521272,-0.003722570532915359,0.11458683708935968,0.00783805888767719,0.12127894156560082,0.12127894156560082,-0.4390243902439024,-0.4375,0.12595644496762803,-0.18126888217522663,-0.06746310611384398,-7.018867924528302,0.8885793871866294,0.09036144578313254,0.027292241643667614,0.11774193548387091,0.11616161616161613,0.006607929515418665,0.018436109345200125,0.11363636363636354,0.11035488575595531,0.10040160642570295,0.016129032258064502,0.008010680907877266
2004-12-31,0.02890691422137448,0.01391941391941387,0.009875880176632101,-0.02035398230088492,0.09304898903530834,-0.14600662744302428,-0.4454277286135693,-0.4454277286135693,-0.44565217391304346,-0.48888888888888893,0.27600627286983803,1.9040590405904059,-0.7136397889977393,3.1034482758620694,1.9306784660766962,0.11933701657458573,-0.07014925373134329,-0.02020202020202022,0.11764705882352944,0.002188183807439792,-0.009987515605493158,0.0,0.06260945709281973,-0.009124087591240837,-0.007936507936507908,0.03493377483443716
2005-04-03,0.03140004913236716,0.15277777777777768,0.0313764883150649,0.023085416039345663,0.03147432357813362,0.04854292049414011,0.03900709219858145,0.03900709219858145,0.019607843137254832,0.10869565217391308,-1.6595657517410896,0.12452350698856418,-4.681578947368421,-1.8548510313216195,-0.5631605435329643,0.06219151036525172,-0.035634028892455816,0.01767304860088359,0.028340080971659853,-0.048034934497816484,0.056116015132408714,0.061224489795918435,0.0,0.023941068139962995,-0.008000000000000007,0.12677971524556075
2005-07-03,-0.04077257865448325,-0.04951598300717319,-0.005500014322953994,0.06210144216619251,-0.14998215560314065,0.17211690959897297,0.348122866894198,0.348122866894198,0.3846153846153846,0.392156862745098,-2.436024844720497,-0.2169491525423729,-2.228734810578985,-0.900804289544236,-0.12788018433179726,-0.08828996282527879,-0.052263648468708346,-0.04196816208393628,-0.1417322834645669,-0.1146788990825689,-0.12238805970149258,0.03846153846153855,-0.11372064276885041,-0.05395683453237399,0.016129032258064502,-0.1050614041314688
2005-10-02,-0.01209932279909709,-0.02835580304806562,0.007057061382031771,0.07491224829115084,-0.08134774850425108,0.020554123711340244,0.0037974683544304,0.0037974683544304,0.0277777777777779,0.028169014084507005,-0.07179930795847755,-0.34199134199134196,-0.09365910413030831,-2.3243243243243246,0.1941875825627477,-0.04383282364933738,-0.04847207586933622,-0.07703927492447116,-0.03669724770642202,0.11398963730569944,-0.010884353741496655,0.05555555555555536,-0.07019990701999068,-0.09125475285171103,0.015873015873015817,-0.09605774569683512
2005-12-31,-0.00754044420071287,-0.07563532161978737,0.0019449688232937579,0.010569734467646308,-0.045589579524680124,-0.18479702001388976,-0.43757881462799497,-0.43757881462799497,-0.3918918918918919,-0.4383561643835616,0.27679403541472514,0.8991228070175439,0.43068035943517335,-3.0,-0.3252212389380531,0.026652452025586415,0.02030269472129942,-0.036006546644844484,-0.04761904761904767,0.06744186046511635,0.09903713892709765,0.03508771929824572,-0.03850000000000009,-0.04811715481171552,0.0078125,-0.0853808353808353
2006-04-02,0.2834645669291338,0.3035568608255832,0.3353696831287467,0.006632653061224403,0.06728121632946249,0.057078686493184705,0.0,0.0,-0.04444444444444451,0.04878048780487809,-1.627007299270073,8.593533487297922,-5.433378196500673,-0.5204081632653061,-0.23114754098360657,0.08411214953271018,0.007597684515195491,-0.1018675721561969,0.06499999999999995,0.13725490196078427,0.10700876095118894,0.05084745762711873,-0.16848673946957882,-0.06153846153846143,-0.03875968992248069,0.29502062745850544
2006-07-02,0.049904925913967,0.12178484260592026,0.025631707212792287,0.1323703328264909,0.17812675266404931,0.34991574474320464,1.9753363228699552,1.9753363228699552,1.9767441860465116,1.9302325581395348,-1.6146682188591386,-0.9505296100144439,-1.0601092896174864,-1.397163120567376,0.11940298507462677,-0.06034482758620685,0.18456014362657092,0.13043478260869557,0.18309859154929575,-0.1168582375478926,-0.02713397399660833,0.032258064516129004,0.12257661038148848,0.15925058548009363,-0.024193548387096753,-0.009334716254259967
2006-10-01,-0.02120352651722257,-0.054728033472803306,-0.04039435562873872,-0.05333830660201422,0.06626678091973726,-0.010963364993215707,-0.23511680482290886,-0.23511680482290886,-0.234375,-0.23015873015873023,0.7263257575757576,0.45985401459854014,0.9545454545454546,0.1785714285714286,0.12571428571428567,-0.021406727828746308,0.006062443164595255,0.006688963210702337,0.06746031746031744,-0.17353579175704992,-0.21150493898895995,0.046875,0.08913649025069637,0.03434343434343434,-0.024793388429752095,-0.0014956625785222943
2006-12-31,0.019585595335765538,0.039483002832861214,0.015334824822433202,0.14602048857368,0.04062862755603169,-0.12648850353948304,-0.49950738916256154,-0.49950738916256154,-0.4897959183673469,-0.5051546391752577,0.5650027427317608,0.02499999999999991,0.14125753660637375,13.0,1.563451776649746,0.09062500000000018,-0.06025911419102126,-0.048172757475083094,0.052044609665427455,0.0209973753280841,0.005158437730287346,0.02985074626865658,0.020460358056265893,-0.02734375000000011,-0.025423728813559365,-0.0929448771719592
2007-04-01,0.01320002054477909,0.05558394367796504,0.005776018825542906,-0.08272020903527466,0.04290372404324705,0.06432968965950492,0.5984251968503937,0.5984251968503937,0.5800000000000001,0.6250000000000002,-1.3774973711882228,-0.3967479674796748,-1.3358490566037735,-2.0854978354978355,-0.662046204620462,0.09169054441260727,0.03206155819172807,0.09598603839441533,0.053003533568904526,0.03856041131105403,0.0674486803519061,0.04347826086956519,0.029573934837092697,0.05823293172690769,0.034782608695652195,0.15077202543142576
2007-07-01,0.0011997296383914335,-0.0014522375215145766,-0.02620440285015424,0.0011244377811094886,0.10712522626295873,0.1998583402195726,0.30418719211822665,0.30418719211822665,0.31645569620253156,0.3205128205128205,-4.331476323119777,1.1536388140161726,-6.373033707865169,-1.3968095712861417,0.794921875,0.11111111111111116,-0.12985399192295743,-0.07643312101910815,0.10067114093959728,0.054455445544554504,0.0,0.0277777777777779,0.10564751703992203,-0.09867172675521818,0.025210084033613578,-0.0025830523068092193
2007-09-30,0.015240249109719661,0.012604363048747569,0.01714610226503277,0.06686634219393484,0.008695005945303258,-0.02002164502164505,-0.4249291784702549,-0.4249291784702549,-0.42307692307692313,-0.4271844660194175,-0.5705128205128205,-0.2152690863579474,-0.5641990798828942,-1.314070351758794,-0.13601741022850922,0.010236220472441104,-0.1606569082470547,-0.13103448275862073,0.030487804878048808,-0.0821596244131455,0.08104395604395598,0.04054054054054057,-0.006605019815059454,-0.1389473684210527,0.008196721311475308,-0.0508596503848644
2007-12-31,0.0008644479170130115,-0.019681897973296447,0.0043377426559010335,0.061973610331274465,-0.010904000589405438,-0.11841775011294609,-0.45320197044334976,-0.45320197044334976,-0.43333333333333324,-0.44067796610169485,0.7378325762491889,0.3732057416267942,0.09021113243762002,-6.776,0.9093198992443325,-0.025720966484801266,-0.09017439387494686,-0.06547619047619047,0.01775147928994092,-0.053708439897698246,0.1029224904701398,0.025974025974025983,-0.011524822695035408,-0.0806845965770171,0.016260162601626105,-0.07685311505229642
2008-03-30,0.07069062884097921,0.11519887134407725,0.06643147316655984,-0.011433480933183526,0.085512104283054,-0.00911057966063089,1.5165165165165164,1.5165165165165164,1.5294117647058822,1.5757575757575757,-1.80134428678118,-0.2090592334494773,-2.9172535211267605,-1.8545706371191135,-0.4069920844327177,-0.12719999999999998,-0.035063113604488105,-0.012738853503184822,0.08430232558139528,-0.14324324324324333,-0.07891705069124422,0.03797468354430378,0.013901345291479794,0.0026595744680850686,-0.016000000000000014,0.1280788177339902
2008-06-29,0.020849492724395846,0.05362008563643439,0.01369368646871294,0.06197352587244276,0.04522061346325401,0.19543730605677512,0.19331742243436745,0.19331742243436745,0.1976744186046513,0.19999999999999996,-1.6756756756756757,0.37885462555066085,-1.3686868686868687,-0.5705024311183144,-0.2947719688542826,0.16865261228230977,-0.0513565891472868,-0.04516129032258065,0.05630026809651478,0.07886435331230279,0.1388367729831146,0.024390243902439046,0.023883237505528676,-0.026525198938991856,-0.016260162601625994,-0.007860262008733687
2008-09-28,-0.056058718050025824,-0.06862473446014594,-0.049920886075949356,-0.14088762983947123,-0.07654936974789917,-0.034658462721722794,0.018999999999999906,0.018999999999999906,0.03883495145631066,0.02941176470588247,0.43448275862068964,-0.46432374866879655,0.2914072229140723,-2.9056603773584904,0.7965299684542586,-0.10039215686274505,0.1373850868232891,0.13738738738738743,-0.055837563451776595,-0.14912280701754377,-0.09719934102141681,0.03571428571428581,-0.02203023758099365,0.14713896457765663,-0.008264462809917328,0.08406690140845074
2008-12-31,0.02527488449216797,0.07363149543831815,0.09946706636689151,0.364695537480765,-0.22806768093274565,-0.13713773528533013,-0.6683022571148185,-0.6683022571148185,-0.6635514018691588,-0.6571428571428573,1.351923076923077,3.0894632206759445,1.3076181292189006,-0.7326732673267327,0.1185250219490781,-0.2388840453356582,0.0484957341715313,-0.011881188118811892,-0.2231182795698925,-0.1924398625429553,-0.34671532846715336,0.02298850574712641,-0.24690812720848043,0.004750593824228044,-0.01666666666666672,-0.213290025713899
2009-03-29,0.008777301490100031,0.07440077587401284,0.00590752452001353,-0.08848797250859108,0.022564008104623223,-0.08494921514312093,1.0562130177514795,1.0562130177514795,1.0555555555555558,1.0277777777777777,-1.6291905151267376,-0.7705396208070004,-2.1863769327204343,-6.503703703703704,-0.5832025117739403,0.15922107674684982,0.02012847965738751,-0.044088176352705455,0.02076124567474058,0.4893617021276595,0.14897579143389206,0.03370786516853941,0.013489736070381175,-0.026004728132387633,-0.016949152542372947,0.17873731291931882
2009-06-28,-0.018366902219593473,-0.04921767537826682,-0.059443586944245785,0.028923185673892515,0.17787985229217318,0.21480827447023199,0.9179856115107914,0.9179856115107914,0.9189189189189189,0.9178082191780821,-2.0298895386614686,-1.6377118644067796,-2.2212046495244806,-1.0861372812920593,0.12052730696798486,0.021739130434782705,0.15743073047858935,0.12159329140461206,0.17627118644067785,0.0028571428571428914,0.060777957860615794,0.021739130434782483,0.2002314814814814,0.133495145631068,-0.008620689655172376,-0.07596322241681264
2009-09-27,0.07698284337043737,0.21031692210316932,0.0632804995196925,-0.11141008759374826,0.1297599021257072,0.022271830547191396,-0.22205551387846967,-0.22205551387846967,-0.22535211267605626,-0.2214285714285713,-1.0097791798107256,-1.026578073089701,-2.0470147101240266,55.03125,6.026890756302521,0.17021276595744683,-0.008705114254624613,-0.016822429906542036,0.13256484149855896,-0.005698005698005604,0.044308632543926585,0.03191489361702127,0.04869816779170688,0.010706638115631772,-0.03478260869565197,0.36207849640685463
2009-12-31,-0.04472843450479236,-0.28157334429046355,-0.07673630717108981,-0.07956961535983509,0.07025380710659901,-0.05317149966989998,-0.2150433944069431,-0.2150433944069431,-0.20000000000000007,-0.21100917431192667,-179.58064516129033,703.375,-1.54931129476584,-1.5786391522587842,-0.49629275292992103,0.03966942148760344,0.0365898280278083,0.13498098859315588,0.06870229007633588,-0.08309455587392556,0.028529626920263285,0.020618556701030855,0.12045977011494258,0.1186440677966103,0.018018018018017834,-0.21944573283859004
2010-03-28,0.08436724565756815,0.3453439401029481,0.1259861782153997,0.42895142097158057,-0.044710048694112436,-0.08485303582922121,-0.025798525798525818,-0.025798525798525818,-0.03409090909090917,-0.023255813953488413,-1.4913294797687862,-0.9142857142857143,-3.4984954864593782,-1.8713253012048194,0.8584995251661918,0.03895071542130357,-0.044475820684786393,0.0016750418760467234,-0.02619047619047632,-0.028125000000000067,-0.08890469416785207,0.030303030303030276,-0.1189987689782519,0.009469696969697017,-0.008849557522123686,-0.05853078808586498
2010-06-27,-0.05932600878377414,-0.01453140096618355,-0.06362138576575593,-0.07867149995101397,-0.043558850787766445,0.1765912554214042,-0.12988650693568726,-0.12988650693568726,-0.11764705882352944,-0.11904761904761907,-2.1128676470588235,1.641821946169772,-1.9759132878362102,-2.75,-0.8083801737353091,-0.016067329762815663,-0.1810121906169191,-0.17224080267558528,-0.03667481662591687,0.009646302250803984,-0.041373926619828305,0.019607843137254832,0.01676758267349787,-0.1707317073170731,0.0,0.06966469428007871
2010-09-26,0.05451551002523303,-0.07521863602494216,0.012915949650998737,0.028977031050616775,0.11143410852713176,0.013698630136986356,2.2971014492753623,2.2971014492753623,2.3866666666666667,2.3783783783783785,0.12553683515031389,-2.4239811912225706,-0.11846976552858901,-1.2961441213653604,1.2493333333333334,0.08709175738724739,0.34280559314388825,0.3616161616161615,0.1548223350253808,0.13057324840764317,0.2899022801302933,0.028846153846153966,0.05405405405405417,0.35972850678733015,0.0,-0.1012686236908098
2010-12-31,-0.0073648464701752125,-0.022221279843942177,0.005898409910855662,-0.28522709657417455,-0.05467679661228053,-0.07552825552825548,-0.5947252747252747,-0.5947252747252747,-0.7913385826771653,-0.78,-0.5779277957147051,-1.6384149697303247,-0.8996733551096594,-1.1782283884738527,-0.09899229401304088,0.148068669527897,0.0342626805508901,0.007418397626112849,-0.01318681318681314,-0.005633802816901401,-0.17929292929292928,0.01869158878504673,-0.04780530204259026,0.019966722129783676,-0.008928571428571397,0.36791136643414046
2011-04-03,0.12346088889530438,0.17725636466149108,0.15771595567025964,0.21694498662618367,0.006521739130434856,0.06904799872428646,-0.009761388286334105,-0.009761388286334105,0.018867924528301883,-0.036363636363636376,-1.517385257301808,2.3120689655172413,-12.581395348837209,-3.461077844311377,0.27039473684210535,0.10280373831775691,0.02273465410847675,-0.0014727540500736325,0.013363028953229383,0.11614730878186963,0.05153846153846153,0.0366972477064218,-0.1040620721131903,-0.013050570962479635,0.009009009009008917,-0.032577393808495336
2011-07-03,0.00865989978157522,0.0037577365163572463,0.002442342681987286,0.040632054176072296,0.033706394397539086,0.14841885441527447,0.5673603504928806,0.5673603504928806,0.5925925925925926,0.5849056603773584,-4.166666666666666,-0.6743883394065591,-1.3178714859437752,-2.1751824817518246,-0.2501294665976178,0.06158192090395476,0.12956494125119078,0.10619469026548667,0.06153846153846154,0.048223350253807196,0.018288222384784225,0.026548672566371723,0.02496179317371361,0.11239669421487597,0.0,-0.03547286821705431
2011-10-02,-0.03974319779883828,-0.055310871320560784,-0.02374256001046504,0.019294440004566704,-0.10871216917816895,-0.02225397237736504,-0.039133473095737226,-0.07686932215234099,-0.05813953488372081,-0.05952380952380942,0.1876061120543293,-0.06474820143884896,-0.2204674668351232,-1.937888198757764,0.3128453038674033,-0.0521554018094732,-0.14506606691031776,-0.17733333333333334,-0.10351966873706009,-0.10653753026634383,-0.19252873563218387,0.034482758620689724,-0.0720675944333995,-0.19465081723625555,0.0,-0.07316916350543301
2011-12-31,-0.033667621776504286,-0.09790590155017675,-0.010686051185850198,0.03948252688172049,-0.13397740995950846,-0.09148474516229022,-0.47563636363636363,-0.45420136260408783,-0.40740740740740744,-0.379746835443038,0.8134381701215154,-0.04529914529914525,2.5097244732576987,-1.5364238410596025,-0.12782745923198313,-0.07636159460976977,0.006247944755014778,-0.05510534846029169,-0.09930715935334877,0.02981029810298108,0.08007117437722422,0.025000000000000133,-0.10337439742903054,-0.0627306273062731,0.008928571428571175,-0.1321540062434965
2012-04-01,0.037723416522526865,0.08393987682501391,0.051484779737920316,-0.023490113679219826,-0.027315232548601465,-0.004386606228980794,0.2912621359223302,0.2246879334257974,0.16666666666666674,0.12244897959183687,-1.4302325581395348,-0.2238137869292749,-1.5806972985453704,1.42798353909465,-0.3558504221954162,0.19513677811550156,0.055882352941176494,0.012006861063464935,-0.03076923076923077,0.32631578947368434,0.22240527182866554,0.04065040650406515,-0.06272401433691743,-0.009842519685039353,0.017699115044247815,0.10999200639488427
2012-07-01,-0.01586104717305603,-0.00202638270820088,-0.018130001449112032,0.04193103448275859,-0.008939112835216756,0.12414941009448288,0.5306122448979591,0.5798414496036239,0.607142857142857,0.5999999999999999,-2.342189647274393,-0.21568627450980393,-1.8628230616302188,-1.283050847457627,0.15636704119850187,0.04374364191251279,0.07211389662643142,0.011864406779661163,0.005291005291005346,0.07738095238095233,0.03571428571428559,0.0390625,0.007010834926704845,-0.007952286282306154,0.008695652173912993,-0.042200777761774444
2012-09-30,0.011358290207675203,0.023330811800772455,-0.007248159262721154,-0.030924013767540393,0.10466303607896532,-0.0060096677263423715,-0.16000000000000003,-0.17491039426523303,-0.16666666666666674,-0.17045454545454553,0.0703071672354949,-0.2720588235294118,-0.05852534562211986,2.4550898203592815,0.46720647773279356,0.012183235867446296,-0.017609699769053133,-0.038525963149078746,0.11052631578947358,0.007366482504604033,-0.002602472348731233,0.037593984962405846,0.091772151898734,-0.04208416833667328,0.0,0.05601503759398496
2012-12-31,-0.002246145667198274,-0.08983387153250588,0.026957828837608888,-0.07884815037429649,-0.14142659066399632,-0.07373493975903611,-0.40517961570593153,-0.47350130321459605,-0.4666666666666667,-0.4657534246575342,0.48246173469387754,2.066666666666667,0.552129221732746,-1.123050259965338,-0.03918322295805743,0.04188733750601825,-0.006464883925947684,-0.010452961672473782,-0.1161137440758293,-0.06215722120658129,0.06523157208088692,0.03623188405797095,-0.13913043478260867,-0.03347280334728042,0.0,-0.011961552153791466
2013-03-31,0.03581942427834983,0.12109942720355638,0.04847919447974136,0.033871159093605385,-0.03561815898080034,-0.05827263267429761,0.11516853932584259,0.18811881188118806,0.19999999999999996,0.20512820512820507,-1.6982146698214668,-0.27997364953886694,-2.479028697571744,-5.774647887323944,0.19471568064330835,0.05036968576709788,-0.017450458444247308,-0.03873239436619724,-0.03217158176943702,0.1871345029239766,0.0918554807103491,0.04895104895104896,-0.0693602693602694,-0.03463203463203457,-0.008620689655172376,0.08438423290336527
2013-06-30,0.0050925925925926485,-0.0012201166736569569,0.013760834547825507,0.014057031384474117,-0.04493441250348873,0.10617780010045208,0.24811083123425703,0.3208333333333333,0.35416666666666674,0.34042553191489366,-1.8228589032655576,-0.0036596523330283404,-1.4104477611940298,-2.135693215339233,-0.18509615384615385,-0.009678838539375234,-0.08579169175195656,-0.11538461538461542,-0.01939058171745145,0.024630541871921263,0.02243409983174427,0.040000000000000036,-0.04920405209840806,-0.1053811659192826,-0.02608695652173898,-0.015085061137692701
2013-09-30,-0.013613798044935788,-0.07409811032639813,-0.03265639659816588,-0.11157632680774021,0.10013637249172014,0.03428078459861972,0.23007063572149344,0.21135646687697163,0.23076923076923084,0.23809523809523814,0.9071508798202921,-0.0505050505050505,1.094025974025974,-0.9662337662337662,-0.007669616519174083,-0.018214127054642426,0.03918340467566672,-0.0020703933747412417,0.10169491525423724,0.0,0.09215578716401529,0.04487179487179471,0.11491628614916283,0.0,-0.008928571428571397,0.04216989406922611
2013-12-31,0.014346495096767553,0.01661581594788486,0.00564733120580696,0.22748694433830075,0.06242252523463776,-0.12340313446595552,0.10418375717801487,0.08072916666666674,0.08749999999999991,0.10256410256410242,-0.24008637612877892,-0.4439071566731141,-0.8079880922847928,-191.6153846153846,1.4732461355529134,0.08868778280542977,0.16349809885931577,0.15975103734439822,0.09487179487179476,-0.011217948717948789,0.06479156202913106,0.036809815950920255,0.047098976109215096,0.20300751879699264,-0.018018018018018056,-0.17175967888126364
2014-03-31,-0.009629402286503441,-0.024901650646875106,0.0052733919265770535,-0.055048251530559256,-0.10025835486290524,0.005008012820512775,-0.22065378900445765,-0.24899598393574296,-0.2298850574712643,-0.2441860465116279,-1.3518470679411005,-0.04173913043478261,-0.41731266149870805,-1.970944309927361,-0.5783653846153847,0.08146300914380711,0.051742919389978104,0.05903398926654746,-0.09367681498829028,-0.012965964343598091,-0.10424528301886793,0.041420118343195256,-0.09126466753585405,0.05208333333333348,0.0,0.03189244117876955
2014-06-30,0.00347343275873202,0.0064467828473984135,-0.015102748205001237,0.08362158897490812,0.11791404223786595,0.14206697229419962,0.4899904671115347,0.6374331550802139,0.6417910447761195,0.6461538461538463,-3.541850220264317,0.25226860254083494,5.62749445676275,-0.9164588528678305,-0.11459521094640823,0.12182936202920835,0.09114448472294145,0.12668918918918903,0.12661498708010344,0.23809523809523814,0.05265929436545558,0.03409090909090917,0.11406025824964128,0.12277227722772266,0.00917431192660545,-0.07120672676312412
2014-09-30,-0.020137941683609162,-0.016943549053640816,-0.02586098541980897,0.024473044183218384,0.006297124865357606,-0.023124918190147947,-0.05054382597568774,-0.03723056825604176,-0.027272727272727337,-0.028037383177570097,0.2709416522241479,0.663768115942029,-0.03211776513884246,-2.701492537313433,0.2202189311010947,0.09009934909215489,0.046986236355007094,0.05397301349325345,0.01834862385321112,-0.03183023872679047,-0.05252626313156561,0.038461538461538325,0.027044430135222175,0.07231040564373892,0.0,-0.040453470353152166
2014-12-31,-0.005765013329131041,-0.02745081553724571,0.021160607722331637,-0.007468222958603277,-0.14936187731576778,-0.09223279288936537,-0.4043126684636119,-0.4843962008141113,-0.4859813084112149,-0.4807692307692307,-0.17613636363636365,0.3283972125435539,-0.2671966816453508,-0.9444444444444444,0.010026385224274348,0.038969201759899486,-0.06029011786038063,-0.07681365576102417,-0.15315315315315325,0.020547945205479534,-0.03537486800422396,0.031746031746031855,-0.14420062695924762,-0.09868421052631582,0.0181818181818183,-0.020144496387590305
2015-03-31,0.011821423854180502,0.06673870758590872,0.02775057649177115,0.016194937213474203,-0.0894395508663246,-0.05377878370399525,-0.6889140271493213,-0.7276315789473684,-0.7272727272727273,-0.7222222222222223,-1.4979310344827585,-0.20983606557377055,-2.5443396226415094,18.68421052631579,0.1954022988505748,0.05807622504537191,-0.12807525325615055,-0.15408320493066263,-0.09308510638297862,0.24832214765100669,0.16037219485495346,0.03589743589743599,-0.10036630036630034,-0.14598540145985406,-0.008928571428571397,0.049791811242192896
2015-06-30,0.025115854056523723,0.015073544308926712,0.0004610348696039157,0.07502574412788698,0.21037525247156363,0.12958244501065996,4.847272727272728,6.748792270531401,6.733333333333333,6.533333333333333,-3.1728531855955677,-0.0481327800829876,-1.8445326817348808,-1.0401069518716577,-0.006555944055944063,0.036306460834762744,0.034301521438451,0.00910746812386165,0.2082111436950147,0.1430107526881721,0.2212264150943397,0.02970297029702973,0.18078175895765458,0.03205128205128216,-0.018018018018018056,-0.05577590480912242
2015-09-30,-0.016032293802289654,-0.04890024350325339,-0.004070597993886427,0.039821192355060875,-0.09213068680836112,-0.03466372048059663,-0.6884328358208955,-0.722568578553616,-0.7241379310344827,-0.7168141592920354,-0.01759306476287603,0.15431560592850913,-0.14394213381555154,-12.4,0.07523097228332598,-0.09434482758620699,-0.2217170366408131,-0.23465703971119134,-0.08009708737864074,-0.2502351834430857,-0.11317110853611434,0.033653846153846034,-0.0772413793103447,-0.24016563146997927,-0.01834862385321101,-0.08532423208191142
2015-12-31,0.26530348129934,-0.08335431881138256,0.3134215559257203,-0.060536936304614875,0.21050594950178958,-0.13943729136862182,0.28742514970059885,0.24269662921348312,0.3125,0.21875,0.06332727744614597,16.772658610271904,-9.123785382340515,-2.192982456140351,-0.08346972176759415,0.03777033201340241,-0.11512027491408927,-0.13443396226415083,0.16358839050131935,0.12797992471769137,0.38675958188153303,0.027906976744185963,-0.0433482810164425,-0.043596730245231696,-0.09345794392523377,-0.024301569077688323
2016-03-31,0.028843203436637044,0.06364468864468864,0.054640252709700965,0.042211430706014186,-0.14648765284104537,-0.02693117588385241,-2.9689922480620154,-3.2965641952983726,-3.142857142857143,-3.3076923076923075,-1.9421527947278496,-0.9213803068292891,-0.7025326330022362,-0.06862745098039214,-0.0848214285714286,-0.0070443205165835465,-0.5394174757281553,-0.5422343324250682,-0.14512471655328796,-0.1468298109010011,0.0678391959798994,0.03167420814479627,-0.17031249999999998,-0.5156695156695157,-0.09278350515463918,0.020592272994704786
2016-06-30,1.4929913510289294,3.3417993973310374,1.3653268010243846,3.638440860215054,2.493445692883895,0.1560364464692483,-3.661417322834646,-3.661417322834646,-3.6444444444444444,-3.588888888888889,-2.0932642487046635,-17.508108108108107,3.804195804195804,-327.0,30.214634146341464,0.06562222879101376,0.4797639123102866,0.47023809523809534,1.840848806366048,0.2464146023468059,1.2558823529411764,0.026315789473684292,0.4011299435028246,1.3764705882352937,-0.34090909090909094,-0.06398923904688703
2016-09-30,-0.3196953383578578,-0.5930993456276026,-0.3767358659323071,-0.7157345696899449,-0.00482444384883407,0.3866995073891626,-1.0,-1.0,-1.0,-1.0,-2.1113744075829386,-1.651277013752456,-2.192503639010189,-1.9289635130771714,-0.8992030004688233,0.046601941747572706,-0.37834757834757826,-0.27935222672064774,-0.008403361344538007,-0.6317991631799164,-0.5402868318122556,0.02991452991453003,0.4623655913978495,-0.21534653465346532,-0.06896551724137923,0.431430917676042
2016-12-31,-0.05199296600234471,-0.10989278752436649,-0.04592145015105742,0.00883452259599049,-0.07487207110153515,-0.12611012433392543,inf,inf,inf,inf,-2.336886993603412,-0.8954248366013072,-0.8687824229478182,-0.9916579770594369,-0.07441860465116279,0.024118738404452778,-0.1833180568285977,-0.12359550561797761,-0.07627118644067787,0.03409090909090917,0.20419739081111743,0.024896265560165887,-0.023897058823529327,-0.0725552050473186,-0.01851851851851849,-0.11767658659017577
2017-03-31,0.029122611760341366,0.06953189159594864,0.022878404053198187,0.01650387335803294,0.053566229985444025,0.005284552845528534,-1.4363636363636363,0.23636363636363633,0.30000000000000004,0.3103448275862071,-1.6347687400318978,-0.5625,-1.8837209302325582,1.8958333333333335,-0.2328308207705193,-0.03364389233954446,0.4276094276094278,0.2628205128205128,0.050968399592252744,0.04670329670329676,0.02260951483749407,0.028340080971659853,0.02354048964218447,0.6020408163265307,-0.018867924528301883,0.05217815344603394
2017-06-30,0.0046262917567891915,-0.03634502175582288,0.006965405154399917,0.11000662690523533,-0.004144791378833945,0.1544682571775171,0.8333333333333333,0.4558823529411764,-0.28205128205128205,-0.26315789473684204,-2.6608040201005023,0.27472527472527464,-2.6,-0.8201438848920863,-0.05458515283842791,0.04954472415640043,-0.5141509433962264,-1.0406091370558375,-0.006789524733268659,-0.002624671916010568,-0.39820359281437134,0.03937007874015741,-0.008739650413983502,-0.5562632696390659,0.23076923076923084,-0.13185539935115098
2017-09-30,0.01686502003468693,0.043824701195219085,0.027207747290753925,0.12776119402985064,-0.02081021087680357,0.018563922942206545,-0.8409090909090909,-0.5151515151515151,-0.5,-0.5357142857142858,-0.2677760968229954,0.4051724137931034,-0.669407894736842,-5.92,0.2840646651270209,0.0441439142638429,0.2330097087378642,0.4999999999999998,-0.0185546875,0.05263157894736836,1.546498277841562,0.037878787878787845,-0.03944315545243626,0.20574162679425845,0.0,-0.07447281786635818
2017-12-31,0.009762983002999492,-0.04376590330788799,-0.018106995884773713,0.08708311275807312,0.11674695381127798,-0.0553645116918845,-66.0,2.3125,2.2857142857142856,2.4615384615384617,0.5103305785123966,0.07361963190184051,2.2039800995024876,-1.8780487804878048,-0.19424460431654678,-0.015151515151515249,0.337270341207349,-19.75,0.11741293532338304,0.0024999999999999467,-0.1871055004508566,0.03649635036496335,0.10772946859903398,0.35317460317460303,0.015625,-0.12036146894827915
2018-03-31,0.03273341487564796,0.10697179350718478,0.03581498133048844,-0.049184319454589676,0.023344328850545493,0.013833272661084806,-1.0307692307692307,-0.21383647798742134,-0.21739130434782616,-0.22222222222222232,-1.1012311901504788,0.6228571428571428,-1.5962732919254659,-1.25,0.0848214285714286,-0.037220843672456594,0.12168792934249262,0.008888888888888946,0.026714158504006935,-0.1371571072319202,-0.3168792752819375,0.035211267605633756,-0.00915830789358918,0.12023460410557174,0.01538461538461533,0.164262295081967
2018-06-30,-0.011054086063955748,0.171875,-0.0038990656955786296,0.012548015364916676,-0.03570543020084305,0.1134649910233394,-5.428571428571429,-0.04800000000000004,-0.05555555555555547,-0.02857142857142847,-7.864864864864865,-0.4154929577464789,-1.5729166666666665,1.6296296296296298,0.14609053497942392,-0.016494845360824795,0.027121609798775204,0.2599118942731278,-0.020815264527320076,-0.043352601156069315,-0.1464140730717186,0.03401360544217691,-0.02508802816901412,0.023560209424083878,0.0,0.15732657467380107
2018-09-30,-0.06073567151411463,-0.20820512820512815,-0.06019202363367804,-0.03566009104704093,-0.06402674209308301,-0.0499838761689777,-0.6129032258064516,-0.5042016806722689,-0.5,-0.5,0.16732283464566922,-3.6204819277108435,3.3863636363636367,-0.23943661971830987,0.09694793536804314,0.051886792452830344,0.017035775127768327,0.06993006993006978,-0.05048715677590776,0.07552870090634434,0.00221940393151554,0.03289473684210531,-0.0036117381489841893,0.020460358056265893,0.015151515151515138,-0.17892773136507434
2018-12-31,0.0051001821493625865,0.020725388601036343,0.020982318271119738,0.07395751376868609,-0.050000000000000044,-0.048540393754243016,14.916666666666666,5.47457627118644,1.6470588235294117,1.4117647058823528,-0.0910623946037099,-1.439080459770115,-0.7523316062176166,1.1666666666666665,0.1914893617021276,0.1611858495266567,0.5301507537688441,-0.130718954248366,-0.036380597014925464,0.22191011235955038,0.12559316671939258,0.031847133757961776,-0.054825555052106956,0.4761904761904763,0.014925373134328401,-0.04959004247752641
2019-03-31,0.02229068503080822,0.11649746192893407,0.02170566502463056,-0.0146520146520146,0.025448235974551814,-0.006421691045308653,-0.6937172774869109,-0.6937172774869109,-0.22222222222222232,-0.1707317073170731,-1.2393320964749537,-0.1465968586387435,-1.9414225941422594,-1.4786324786324787,-0.07692307692307687,0.10298219266251873,0.021346469622331554,0.30451127819548884,0.02420135527589551,0.14482758620689684,0.1377178189994379,0.030864197530864113,0.0028763183125599667,-0.011884550084889645,0.014705882352941124,0.13314624259432506
2019-06-30,0.010990959049813842,0.030461468515571744,0.020415850534880153,0.024535315985130035,-0.02425267907501405,0.08330341113105932,0.6837606837606838,0.6837606837606838,0.6857142857142857,0.7058823529411762,-3.9612403100775193,-0.3803680981595092,-1.5244444444444445,-3.9285714285714284,0.24404761904761907,0.2328340789729626,0.14898177920685973,0.2363112391930835,-0.016068052930056753,0.20281124497991954,0.2425889328063242,0.04491017964071875,-0.03489483747609945,0.12371134020618557,0.0,0.00577875619152457
