Quarter end,Assets,Current Assets,Liabilities,Current Liabilities,Shareholders equity,Revenue,Earnings,Earnings available for common stockholders,EPS basic,EPS diluted,Cash from operating activities,Cash from investing activities,Cash from financing activities,Cash change during period,Cash at end of period,Price,ROE,ROA,Book value of equity per share,P/B ratio,P/E ratio,Equity to assets ratio,Net margin,Asset turnover,Current ratio
1994-12-31,0.08124462226811224,0.046865698978890924,0.16646087359160355,0.19385833771061467,0.03281763408068117,0.0,0.0,0.0,0.0,0.0,-0.674676895332694,-0.3582756074404867,10.57943925233645,-2.351866072799877,0.49191598670293146,0.2667757774140753,-0.05955585464333779,0.014975041597337757,0.03401360544217691,0.06451612903225823,0.1435246995994659,-0.04469887076537005,-0.07351746547522342,0.012820512820512775,-0.12316736312770027
1995-03-31,0.08124462226811224,0.046865698978890924,0.16646087359160355,0.19385833771061467,0.03281763408068117,0.0,0.0,0.0,0.0,0.0,-0.674676895332694,-0.3582756074404867,10.57943925233645,-2.351866072799877,0.49191598670293146,0.2667757774140753,-0.05955585464333779,0.014975041597337757,0.03401360544217691,0.06451612903225823,0.1435246995994659,-0.04469887076537005,-0.07351746547522342,0.012820512820512775,-0.12316736312770027
1995-06-30,0.0170277867856099,0.06319846910880256,-0.07670933102623478,-0.09714080712632167,0.07718991095984373,0.02866593164277842,-0.00873393965641689,-0.00873393965641689,-0.036363636363636376,0.0,-0.674676895332694,-0.3582756074404867,10.57943925233645,-2.351866072799877,-0.445738593204031,0.10077519379844957,-0.05955585464333779,0.014975041597337757,0.07236842105263142,0.06451612903225823,0.1435246995994659,0.05910359546872446,-0.07351746547522342,0.012820512820512775,0.17762520193861064
1995-09-30,0.05818766529475283,0.11648728009503295,0.0009039697500854427,0.051693244266510785,0.0897005937183506,-0.05412647374062163,-0.043071433772664425,-0.043071433772664425,-0.5283018867924529,0.0,0.5610206775186977,-0.5358082191780822,-1.7785848802797957,-2.240513519654624,0.9976244860666972,0.26291079812206575,-0.05955585464333779,0.014975041597337757,0.09202453987730075,0.17647058823529393,0.1435246995994659,0.029762827468609476,-0.07351746547522342,0.012820512820512775,0.06159544550380702
1995-12-31,0.002454922229986334,0.018128975501011002,0.06990627030718222,0.1304481101812116,-0.031627746488279374,0.3484419263456091,-0.5029106266407944,-0.5029106266407944,-0.5,0.0,0.0,0.0,0.0,-1.8021338950453338,-0.40059001097694846,-0.08643122676579928,-0.05955585464333779,0.014975041597337757,-0.022471910112359605,-0.1636363636363637,0.1435246995994659,-0.034020773746801125,-0.07351746547522342,0.012820512820512775,-0.09937326355236809
1996-03-31,0.12158987390324594,0.031328179075038376,0.1556001647107268,0.16156189106869223,0.10260285860426088,0.07815126050420163,1.9664753157290469,1.9664753157290469,1.96,0.0,0.0,0.0,0.0,-3.050408174915796,1.3703025447331272,0.254323499491353,-0.05955585464333779,0.014975041597337757,0.09770114942528729,0.2844202898550725,0.1435246995994659,-0.016830294530154277,-0.07351746547522342,0.012820512820512775,-0.11205968864337468
1996-06-30,0.0598913547445159,-0.1371045566999456,0.01968286490579474,-0.10902457694750733,0.08341759879908683,-0.01753702260327361,-0.2989137446138762,-0.2989137446138762,-0.31081081081081074,0.0,0.7159968434699284,4.337838635424659,0.765722183828611,-1.6824901857059331,-0.39455639969096057,0.22708840227088412,-0.05955585464333779,0.014975041597337757,0.08376963350785327,0.11706629055007056,0.1435246995994659,0.022190521477254643,-0.07351746547522342,0.012820512820512775,-0.03159085400339334
1996-09-30,0.08660890877925054,0.0567366152219444,0.07745632925492174,-0.013429607287572698,0.09164910660162229,0.0035700119000396935,0.2949359634918298,0.2949359634918298,0.2941176470588236,0.0,0.23243056810156526,-0.2260860911774787,-0.4772994129158513,-1.3161587728960145,0.2060348265319687,0.13218770654329126,0.020393559928443494,0.014975041597337757,0.0869565217391306,0.045454545454545414,0.1435246995994659,0.004651884013025187,0.0013152126260411734,0.012658227848101333,0.07116636075421323
1996-12-31,0.12575716261918668,0.17287145764081635,0.13456119937890465,0.18633076196181864,0.12097193576251164,0.18624505928853763,0.3670493946455977,0.3670493946455977,-0.31818181818181823,0.0,-0.09885526193046279,-0.2503857583723854,1.6319730438038187,1.8243870967741938,0.4825085418274,0.2551079976649153,0.18793828892005604,0.18961748633879782,0.11555555555555541,0.15458937198067657,0.1619964973730299,-0.004321654576323497,0.23073555166374793,-0.03749999999999998,-0.011371602149700122
1997-03-31,0.07049749735913369,0.018739771874346278,0.06465917699355384,0.06550916284881292,0.07370924781066024,0.07023857123817145,0.11043429450531184,0.11043429450531184,0.0888888888888888,0.0,0.20228922967717122,-0.008481521718413432,-3.3001422475106685,-0.42710950705833983,0.1864573110893033,0.05534883720930228,0.005312868949232552,0.011024345429490046,0.07171314741035872,-0.05439330543933063,-0.18864606882692803,0.002945279801581213,0.035218783351120386,-0.012987012987012991,-0.043882454896399636
1997-06-30,0.05135406955324773,0.032329234807675356,0.1227634445052308,0.17475557379692463,0.012401778064194957,-0.01361145703611455,-1.1977608447381725,-1.1977608447381725,-1.2040816326530612,0.0,0.07709717097170965,0.5204913305909038,-1.7359925788497217,0.6389154704944178,0.25756322530516074,0.08241516086381662,-0.28156194950088087,-0.28805088596092676,0.01115241635687747,0.009955752212389646,-0.0027863777089781605,-0.03693972179289029,-0.2721649484536083,-0.02631578947368418,-0.12120962425840476
1997-09-30,0.012731124156347473,-0.13270439761009623,-0.029292367662708818,-0.032466965299527084,0.038152864629484196,0.027112502682843598,-5.252769099687589,-5.252769099687589,-5.1,0.0,-0.5036771423350996,-0.33378424505998816,-3.1041929249642886,-2.674630206305956,-0.34298327785860916,0.248371335504886,0.01798120147118909,0.01467772814294821,0.03676470588235281,0.2343921139101861,0.6271344303011486,0.02503610977371218,0.015580736543909568,0.0,-0.1036099390529771
1997-12-31,0.06363420927026775,0.2436899970771409,0.020121641388867406,0.05077313937142924,0.08824666773503531,0.20461683127546726,0.4419883353368059,0.4419883353368059,0.5609756097560976,0.0,0.470226864847453,-0.39495606960548035,-0.5303889465697629,-1.5680041839788477,0.296515948975413,0.027723418134377065,0.06583701324769176,0.06981132075471708,0.07801418439716312,-0.008873114463176512,-0.03796985308147294,0.023172068263660472,0.04649000464900044,0.027027027027026973,0.18357740585774063
1998-03-31,0.3059516487378713,0.35179949236743346,0.4772066570266771,0.3726977425399085,0.21514697996782695,0.3827818083488943,0.1710020531978944,0.1710020531978944,-0.421875,0.0,1.190222069202961,5.544818717852214,-4.767857142857142,-2.1960202567906286,-0.15658999976602161,0.13265629958743252,0.05009416195856864,0.031158142269253286,0.16447368421052633,0.051029543419874646,0.011305037683458918,-0.06947207345065032,-0.013771657041314889,0.03947368421052633,-0.015201060539107303
1998-06-30,0.1808673643066252,0.13521790530600897,0.3030134589997098,0.28828077035412214,0.10213434111784525,-0.16759523001313514,-0.22685685659292854,-0.22685685659292854,-0.2702702702702702,-0.5666666666666667,0.7968032125070559,-0.10759793937941775,-0.6159106296547054,-4.522518284076814,1.1424132717462165,0.31773606052115455,0.25358680057388794,0.21664766248574696,0.09887005649717517,0.13202725724020437,0.11806236516964108,-0.06676533464890633,0.2860360360360359,-0.05063291139240511,-0.1188189895001347
1998-09-30,0.056899953673149595,-0.04871204642428839,-0.03869896206795964,-0.04695300535323488,0.12975248986187293,0.04562398883003471,0.2739999317941548,0.2739999317941548,0.29629629629629606,0.26923076923076916,-0.8227965387246091,-0.30519487493421826,0.8298959985898113,-1.6492350655658088,-0.34619593015350947,0.06059961726557517,-0.009442060085836812,-0.01921274601686973,0.1285347043701799,-0.03536493604213686,-0.22908261708472188,0.06889867841409703,0.033625218914185684,-0.053333333333333344,-0.0018331805682859637
1998-12-31,0.08771110162720319,0.15161557170384232,0.043474146693227134,0.04652325677361735,0.11639598161767828,0.2013963662260807,0.3345646791139665,0.3345646791139665,0.3142857142857145,0.33333333333333326,1.5196472251520388,-0.22911707422635796,-0.6912307741707606,-1.4130837276280601,0.2187320512566595,-0.05012028869286289,-0.007510109763142703,-0.011944577161968506,0.10706150341685672,-0.15834633385335417,-0.14448236632536982,0.026376524892845365,0.03049813622500852,-0.042253521126760396,0.10039791857973679
1999-03-31,0.34682800882193643,0.8784383642956379,0.4827216355580015,0.509632780679699,0.26446535516640135,0.972308376292752,0.2993721919127086,0.2993721919127086,-0.021739130434782594,-0.06818181818181823,0.8413224318210157,-0.36015559989172174,4.534837770382696,7.751901484969213,1.8269602665149915,-0.17285774588433944,0.011932479627473791,0.0004835589941971641,0.1810699588477367,-0.253012048192771,-0.2555851063829788,-0.06103437198843564,-0.08549819138441295,0.08823529411764697,0.24432081594807586
1999-06-30,0.21782385980068275,-0.008257148581732876,0.49478239596426543,0.7153157942447657,0.020990508593975443,-0.28308519659514175,-0.8737448191227434,-0.8737448191227434,-0.8444444444444444,-0.8292682926829268,-0.7182935087549579,8.39000313381385,8.565488604550664,-1.180019864260884,-0.10002471875233532,0.07808114314876247,-0.21541558815070472,-0.2551957467375544,-0.008710801393728151,-0.08684863523573205,0.048231511254019255,-0.16164899076291483,-0.2211434735706581,-0.04054054054054057,-0.421833084947839
1999-09-30,0.029224962750699746,0.046250748949738796,-0.0603529766977251,-0.06116632255926335,0.12243040457319365,0.03743408920198332,2.5962831642010027,2.5962831642010027,2.571428571428571,2.2857142857142856,0.7275927197802199,-0.894663507267175,-1.1043794588139162,-0.8252586206896552,-0.019421041537586947,0.41278106508875734,-0.15469208211143692,-0.17845554834523036,0.10896309314586983,0.4252717391304348,0.6274710293115202,0.09059375637624978,-0.15281625115420128,-0.028169014084507116,0.11444773811058129
1999-12-31,-0.0006738523277788344,-0.12039599415630553,-0.1122988068237698,-0.1653672070586799,0.09655760968368465,0.025526060057921907,0.17566464948663896,0.17566464948663896,0.1200000000000001,0.17391304347826098,-1.0514436217263827,1.2184237623762377,0.02192322167858496,32.20013155730965,-0.6575514684089332,0.12514659071871326,-0.1951431049436254,-0.19747235387045814,0.08874801901743279,0.014299332697807365,0.2230366492146596,0.0972871842843781,-0.17166212534059944,-0.02898550724637672,0.05389152307158551
2000-03-31,0.035977130929868206,0.09563402261015308,-0.0010233336998164422,-0.25606022848598886,0.06206797020317589,0.11739112078509373,0.41916081084988877,0.41916081084988877,0.46428571428571397,0.4444444444444444,-42.15552550231839,-0.06977391850783354,-0.3323082589080195,-1.234142354747635,0.4494545523715321,-0.0871054198927933,-0.17672413793103448,-0.16732283464566933,0.05094614264919928,-0.16165413533834594,0.07123287671232892,0.025063938618925752,-0.07171052631578945,-0.10447761194029859,0.4726215296828704
2000-06-30,-0.01218729955099418,-0.12789100068697046,-0.07991872671859124,0.16287645974185616,0.03273625694873372,-0.2176627280417638,-0.8981172059662564,-0.8981172059662564,-0.9024390243902439,-0.8974358974358975,0.07313363471207057,-0.05501777119301132,2.1054358917785927,-1.2686636627107528,-0.08333333333333337,-0.2924482139944544,-0.09424083769633507,-0.03782505910165479,0.03185595567867039,-0.32623318385650224,-0.2776534526854221,0.04557551563539608,-0.010630758327427325,-0.033333333333333326,-0.25
2000-09-30,-0.004750512645249505,-0.005907837731390364,0.0005520794994480216,-0.001982029598308621,-0.007883862548934362,-0.13335122082103568,-2.25,-2.25,-2.25,-2.25,-0.7222222222222222,-0.16978066612510156,-0.9955595026642984,2.0708661417322833,-0.2791696492483894,-0.3898109727985247,-0.33092485549132944,-0.3058968058968059,-0.0026845637583893245,-0.4093178036605657,-0.3702146492586855,-0.0031816735602927526,-0.2614613180515759,-0.051724137931034364,-0.003974167908594173
2000-12-31,0.011778441674393125,0.1479133650290545,0.06593709766415312,0.06010856613266258,-0.020496519975886418,0.19349845201238391,-2.752,-2.752,-2.8,-2.8,1.2157480314960631,-0.7700587084148728,136.4,-2.230769230769231,0.47666335650446867,-0.32867397053267844,-0.2980561555075594,-0.2920353982300885,-0.012113055181695809,-0.3267605633802816,-0.03935347856640903,-0.031918289179699966,-0.2677012609117362,-0.036363636363636376,0.0828927680798004
2001-03-31,0.02969725767037734,0.0385411872986654,0.05133293072211198,0.035344073935306586,0.015666088513400123,0.09675745784695211,0.05022831050228316,0.05022831050228316,0.0,0.0,0.03980099502487566,4.353191489361702,-0.604075691411936,-1.05625,-0.0181573638197714,0.3083849184018008,-0.6415384615384616,-0.64,-0.0013623978201634523,0.3263598326359831,0.8094367227505486,-0.013682822288163532,-0.6264900662251656,-0.037735849056603765,0.003039793662490853
2001-06-30,-0.05316589208609379,-0.06369779550238175,-0.0920728705071393,-0.15030156815440288,-0.027047870875337443,-0.19772942289498585,-2.5,-2.5,-2.555555555555556,-2.555555555555556,0.10321257689678753,-0.9872813990461049,5.540441176470588,5.296296296296297,-0.11643835616438358,0.05161290322580636,-1.0515021459227467,-1.0486111111111112,-0.02592087312414737,0.05362776025236582,1.9072164948453607,0.02757813805783038,0.0,-0.019607843137254943,0.10193773532923123
2001-09-30,-0.04222655434101508,0.009701845716989954,-0.023951554591467805,-0.027115275411697892,-0.05367455554297362,-0.13384433962264153,0.5449275362318842,0.5449275362318842,0.5714285714285714,0.5714285714285714,-0.6133828996282528,0.5,-0.7672849915682968,-1.9058823529411764,0.11937984496124021,-0.2535787321063394,19.333333333333336,20.142857142857142,-0.04201680672268904,-0.23353293413173648,0.0,-0.011873780091086528,0.0,0.0,0.0378364863738645
2001-12-31,-0.03551048595209538,0.034567611905319984,0.020650060190758435,0.06260032102728741,-0.07179609907861673,0.089857045609258,0.7729831144465291,0.7729831144465291,0.7727272727272727,0.7727272727272727,0.3141025641025641,-36.083333333333336,-0.2536231884057971,7.915584415584416,0.9508310249307479,-0.17808219178082196,2.8360655737704916,2.804054054054054,-0.06578947368421051,-0.14453125,0.0,-0.037695473251028844,0.0,-0.020000000000000018,-0.026419336706014707
2002-03-31,0.008516731986734971,0.12900668252350211,0.06115042641988744,-0.06536665751167259,-0.028877143225473745,0.04840724547158026,-0.9809523809523809,-0.9809523809523809,-1.0,-1.0,1.6463414634146343,-2.529691211401425,0.08737864077669899,-0.6482155863073562,0.17145899893503724,0.28333333333333344,0.21153846153846145,0.1936056838365896,-0.021909233176838794,0.3744292237442921,0.0,-0.036948340745809216,0.0,-0.04081632653061229,0.20801715605410753
2002-06-30,0.031088857335027198,0.2136837881219904,0.09610123119015057,0.02468410226270934,-0.019381388557015766,-0.09085492999702116,-3.888888888888889,-3.888888888888889,inf,inf,0.012442396313363968,-1.2383540372670807,-0.17261904761904767,3.4306418219461694,0.6484848484848484,-0.1251948051948052,-0.17901234567901236,-0.20684523809523803,-0.019199999999999995,-0.1063122923588039,0.0,-0.04902309058614562,0.0,-0.02127659574468077,0.18441895398060915
2002-09-30,-0.031854751032833195,-0.04141180360390151,-0.016770670826833034,-0.0217952394608546,-0.0449438202247191,-0.04587155963302747,0.9423076923076923,0.9423076923076923,1.0,1.0,-0.5293582157487483,-2.657980456026059,1.6942446043165469,-1.1186915887850468,-0.04669117647058818,-0.18052256532066502,-0.4146079484425349,-0.43527204502814265,-0.022838499184339223,-0.16356877323420072,0.0,-0.013447889428464643,0.0,0.021739130434782483,-0.02006110566668584
2002-12-31,0.054912970241437487,-0.21833232732603258,0.12423641412138031,0.16695983582527107,-0.007016300496102024,0.2005494505494505,0.19801980198019797,0.19801980198019797,0.25,0.25,-0.44874274661508706,3.9882121807465616,-0.5126835781041388,8.11023622047244,-0.44620131122252216,0.0557971014492753,-1.3247706422018348,-1.3122923588039868,0.0033388981636059967,0.08000000000000007,0.0,-0.058689890193108774,-0.2907801418439716,0.0,-0.3301370668862874
2003-03-31,0.009687034277198192,0.21147269718698292,0.03175499259050163,0.053636477829418494,-0.012632931268289238,0.08895881006864981,0.7024793388429753,0.7024793388429753,0.7999999999999998,0.7999999999999998,2.956140350877193,-1.096888538794801,0.3013698630136987,-1.9200518582541055,0.7412952646239555,0.18737131091283454,0.909604519774011,0.8404255319148934,0.006655574043261225,0.18518518518518512,0.09351967737449596,-0.022123893805309658,0.81,0.02127659574468077,0.14981997014138915
2003-06-30,-0.03507292215779301,-0.044527408486614406,-0.0339238082210519,-0.03147353361945637,-0.036287407835767005,-0.18597320724980304,-1.296116504854369,-1.296116504854369,-1.3333333333333333,-1.3333333333333333,-0.45011086474501105,-6.719512195121951,0.23578947368421055,-1.3381869422263974,-0.14397120575884825,-0.040462427745664664,-0.21301775147928992,-0.23699421965317913,-0.03140495867768589,-0.04861111111111105,-0.47224518344248745,-0.0012340600575895255,-0.23756906077348072,0.0,-0.013518674100664319
2003-09-30,-0.021306042175037287,-0.004288573334603973,-0.010053097345132711,0.008370260955194553,-0.033228322832283275,0.07712165214585354,1.1639344262295084,1.1639344262295084,1.0,1.0,-0.725,-0.6560056858564322,-0.6201022146507666,-0.4902777777777778,-0.08572763373043679,-0.09638554216867479,-0.6278195488721804,-0.6363636363636365,-0.027303754266211677,-0.06569343065693434,0.20481927710843384,-0.012355848434925765,-0.644927536231884,0.04166666666666674,-0.012542582842985484
2003-12-31,0.036766894909199266,0.1145673813169985,0.12300650790245293,0.0589599609375,-0.05679261385677714,0.12282804074295983,2.3636363636363638,2.3636363636363638,2.3333333333333335,2.3333333333333335,1.1788856304985336,-1.1177685950413223,0.26457399103139023,-2.438692098092643,0.13490035769034225,0.06400000000000006,-4.333333333333333,-4.25,-0.05263157894736836,0.09375,2.1919999999999997,-0.09007506255212683,0.0,0.020000000000000018,0.052532538811353335
2004-03-31,0.09289303661162962,0.22361528553027044,0.1651276826084187,0.13763688760806914,-0.0004112856790327024,0.06776947705442904,-1.8310810810810811,-1.8310810810810811,-1.85,-1.85,2.5841184387617764,-12.403508771929825,0.22340425531914887,2.183712121212121,0.3784331382260244,0.24310776942355883,-0.35757575757575766,-0.39102564102564097,0.0092592592592593,0.3107142857142857,0.0,-0.08547204399633368,0.0,-0.019607843137254943,0.07553635280095339
2004-06-30,-0.036455596426694714,-0.02666853814302761,-0.054984696108439035,-0.08805350086128283,-0.008558262014483176,-0.18540729635182407,-0.7100271002710027,-0.7100271002710027,-0.7058823529411764,-0.7058823529411764,-0.6616597822005257,-2.623076923076923,-0.5333333333333333,0.05234979179060084,0.2889106647068431,-0.07056451612903214,-0.6179245283018868,-0.631578947368421,-0.00917431192660545,-0.07901907356948235,0.0,0.029065397143573035,0.0,0.0,0.06732234381493285
2004-09-30,0.0233144726975254,-0.22474583603720533,0.03169462116830535,0.0812222222222223,0.011288180610889764,0.08926380368098163,0.1869158878504673,0.1869158878504673,0.19999999999999996,0.19999999999999996,-0.8890122086570478,-3.889099526066351,0.10559006211180133,-2.7535330695308087,-0.3930562595032945,-0.12418655097613895,-2.617283950617284,-2.5428571428571427,0.016666666666666607,-0.11538461538461531,0.0,-0.011930849768687635,0.11224489795918369,-0.020000000000000018,-0.28299805321219984
2004-12-31,0.0503630670841384,0.1397879464285714,0.07097208207198125,0.09824272942143675,0.02019041365725549,0.08927062799211494,1.8661417322834644,1.8661417322834644,1.666666666666667,1.666666666666667,11.76,-0.9862204724409449,0.011235955056179803,-1.3571889103803998,0.23131524008350723,0.1102167182662539,5.0458015267175576,4.9074074074074066,0.021857923497267784,0.09364548494983271,-0.2978383458646616,-0.0285855101034993,5.045871559633028,-0.020408163265306145,0.037831477961806526
2005-03-31,0.04595040273989981,0.17535699714402275,0.06600711892797317,0.015345747169458246,0.015124698310539086,0.021458117890382544,-0.5741758241758241,-0.5741758241758241,-0.5625,-0.5625,1.1489028213166144,6.404761904761905,-0.34444444444444444,1.0785198555956677,0.3904713462190572,-0.07361963190184051,-0.2285353535353536,-0.2382445141065831,0.035650623885917776,-0.09480122324159024,-0.8315709632802392,-0.029426686960933535,-0.21851289833080434,-0.02083333333333337,0.15758262841196458
2005-06-30,-0.04914653003062186,-0.04137739516800887,-0.024993862018168445,-0.03446686941295729,-0.08812807100966868,-0.1184510250569476,-3.6516129032258067,-3.6516129032258067,-3.714285714285714,-3.714285714285714,-0.661196207148067,-1.3215434083601285,4.97457627118644,-0.8541033434650456,0.04097061333983665,-0.0066225165562913135,-0.6841243862520459,-0.691358024691358,-0.09122203098106707,-0.04054054054054057,0.28556291390728483,-0.04103502352326183,-0.6932038834951456,0.0,-0.007156847973481928
2005-09-30,-0.03848606593967219,-0.08234356894553885,-0.06275181305398869,-0.07530781712322232,0.003389535894315898,0.03875968992248069,-2.0413625304136254,-2.0413625304136254,-2.052631578947368,-2.0,-1.0828848223896663,-29.05,-0.4212765957446809,-10.75297619047619,-0.3838584983015111,0.1963636363636363,1.3108808290155438,1.266666666666667,0.011363636363636243,0.31690140845070447,3.0675870595507932,0.043608612701008465,1.272151898734177,0.0,-0.007587829122088219
2005-12-31,0.0045100315038966166,0.04561597348275592,0.02761955937667926,0.05243600330305531,-0.0327414465136423,0.051133222775013865,0.1378504672897196,0.1378504672897196,0.1499999999999999,0.1578947368421053,-9.636363636363637,-1.4135472370766489,1.1127450980392157,-1.2880683552029295,0.17946768060836504,0.008611955420466222,0.2623318385650224,0.24117647058823533,-0.016853932584269593,-0.002673796791443861,-0.5614488348530902,-0.03708540088796031,0.23676880222841223,0.02127659574468077,-0.0064989678109946825
2006-03-31,0.060017827077349706,0.1369914710544191,0.10442376071951465,0.17928599450765015,-0.016029372257544527,0.07283723376281892,0.05954825462012314,0.05954825462012314,0.04347826086956519,0.13636363636363646,3.0481203007518793,-0.18534482758620685,-0.06496519721577731,2.024364406779661,0.46018697614442305,0.1140130587644399,0.6039076376554173,0.5592417061611372,0.01904761904761898,0.13136729222520094,-0.11655307843363738,-0.07187415242744788,0.5337837837837835,0.0,-0.035862705864245226
2006-06-30,-0.043539194618331334,0.033789166224110545,-0.03195871407603812,-0.06295741849634062,-0.06579905351292314,-0.11421568627450984,-0.39922480620155043,-0.39922480620155043,-0.375,-0.4,-0.7938335809806836,-5.302645502645503,-3.075682382133995,-1.6371278458844132,-0.2007947897118887,-0.008566275924256184,0.7541528239202657,0.717325227963526,-0.06355140186915886,-0.026066350710900354,-0.3882060669456068,-0.02337814143775574,0.6916299559471366,0.02083333333333326,0.10328863346104744
2006-09-30,-0.020318452671681198,-0.04231683041160983,-0.04460530177051747,-0.029022809976036235,0.02805650267900628,0.07000553403431109,0.8774193548387097,0.8774193548387097,0.9333333333333333,0.8666666666666669,-0.5063063063063062,-0.9358091490408263,-1.2677824267782427,-0.765805387575591,-0.05883977900552484,0.14142792178262864,0.11363636363636354,0.08849557522123885,0.027944111776447178,0.21897810218978098,-0.33767899123744394,0.04937163375224429,0.0703125,0.020408163265306145,-0.013673853277384018
2006-12-31,0.0319074683418088,0.06510661123776318,0.037473123784171225,0.046069469835466226,0.02160523074007381,0.0677527799327644,0.097938144329897,0.097938144329897,0.06896551724137945,0.0714285714285714,3.1277372262773726,-3.003831417624521,0.2700892857142858,-3.5868544600938965,0.16172585852656285,0.19521912350597592,0.09013605442176864,0.07479674796747982,0.027184466019417375,0.16367265469061887,0.07550822846079375,-0.009980039920159722,0.058394160583941535,0.020000000000000018,0.018191153817941785
2007-03-31,0.0500209360002577,0.1265344664778092,0.090940491463535,0.07733310031457541,-0.02689917447361101,0.015742310486800637,-0.017214397496087663,-0.017214397496087663,0.0,0.0,0.9814323607427056,-1.4875717017208414,0.9261862917398946,-0.16606170598911074,0.11609398686205163,0.10099999999999998,0.06708268330733236,0.04992435703479581,-0.011342155009451682,0.07032590051457976,0.011101110111011225,-0.07315668202764991,0.04674329501915708,0.0,0.045673942799510314
2007-06-30,-0.005521472392638005,0.00022352612461573607,-0.02541951241575824,-0.050125719847514016,0.03641216280621484,-0.08202193609918929,-0.08917197452229297,-0.08917197452229297,-0.06451612903225812,-0.06666666666666654,-0.26372155287817933,-6.2823529411764705,-0.5793795620437956,1.808487486398259,0.292133559705716,-0.04511050560096885,0.10526315789473695,0.10662824207492783,0.03441682600382401,-0.033653846153846145,-0.09139465875370922,0.04226227470478561,0.10468521229868233,0.0,0.052979676197037584
2007-09-30,-0.029148673658235702,-0.04000223476171849,-0.01689330301202019,-0.00751430279224663,-0.05343511450381677,0.09272727272727277,0.3671328671328671,0.3671328671328671,0.3793103448275863,0.3928571428571428,-0.06727272727272726,-1.5412026726057908,2.6746203904555315,-1.3064703603254553,-0.06928871758934829,-0.09321496512365246,0.08906525573192248,0.0703125,-0.027726432532347522,-0.12271973466003316,-0.19464402351404309,-0.025044722719141266,0.06030483764082173,0.0,-0.03271394922795079
2007-12-31,0.00019062748212861358,-0.006809055461793667,0.010055232969834238,0.017293297771659555,-0.020112708900116627,0.09103874494889475,0.14322250639386191,0.14322250639386191,0.1499999999999999,0.15384615384615374,-0.5769980506822612,-1.260631001371742,-0.19598583234946876,-0.37673830594184576,-0.0464,0.18461538461538463,0.11578947368421066,0.0936739659367396,-0.0019011406844106071,0.21739130434782616,0.0819140308191404,-0.020183486238532056,0.06750000000000012,0.03921568627450989,-0.023741883116883078
2008-03-31,0.06270448842158771,0.05625219735145914,0.0988035146756403,0.08981732070365367,-0.013882002974714869,0.017211328976034945,-0.006711409395973145,-0.006711409395973145,0.0,0.0,2.2211981566820276,6.4,-0.3649045521292217,-6.580121703853956,0.271515988945914,-0.037780401416765086,0.1048621190130623,0.08342602892102335,-0.007619047619047636,-0.03571428571428581,-0.13943028485757114,-0.07209737827715357,0.060304449648711955,0.018867924528301883,-0.03076283516940348
2008-06-30,0.07924077118517414,-0.21618772883612558,0.12041684389621432,-0.0095452428992705,-0.018099547511312264,-0.06296851574212892,-0.9864864864864865,-0.9864864864864865,-0.9782608695652174,-0.9777777777777777,-0.27849308536003814,-6.015647226173542,-3.861271676300578,-2.0970556161395857,-0.23426220600791736,0.08773006134969319,-0.15599343185550074,-0.20123203285420954,-0.013435700575815779,0.09661835748792269,-0.016114982578397274,-0.09014463504877224,-0.20265046935394815,0.0,-0.20866395024662232
2008-09-30,0.005262283277017721,-0.04968504494302495,0.013932652518886979,0.040037608712685024,-0.018125960061443958,0.06674285714285721,57.166666666666664,57.166666666666664,36.0,35.0,-0.5023132848645075,-0.8053034600113443,-1.3656565656565656,-0.4161696487740225,-0.17861125190065885,-0.08262831359278056,-0.015175097276264649,-0.06683804627249357,-0.0058365758754862496,-0.07048458149779724,0.10756972111553775,-0.02329020332717202,-0.05678670360110816,-0.01851851851851849,-0.08626919602529348
2008-12-31,-0.00479391668503415,0.02524763536158492,-0.011532125205930832,-0.003465421124001833,0.013975803087192373,0.04649667880865649,0.20057306590257884,0.20057306590257884,0.21621621621621623,0.25,1.0557768924302788,-0.9927166788055353,-0.1977900552486188,-1.3473325766174802,0.0755275823768975,-0.23055640946818323,-0.013433425523508458,-0.05509641873278237,0.03131115459882561,-0.22590837282780407,-0.21223021582733803,0.018546555639666895,-0.038179148311306754,-0.018867924528301883,0.028868017795353307
2009-03-31,0.023614417806323118,0.1335900043585645,0.003409090909090917,0.007937707892349488,0.0784817938695741,-0.018632268632268634,-0.005966587112171795,-0.005966587112171795,-0.022222222222222254,-0.022222222222222254,0.28100775193798455,7.4,-0.628099173553719,1.4803921568627452,0.17418244406196215,0.17379145025968823,-0.03604325190228275,-0.0451895043731777,0.0759013282732448,0.1367346938775511,0.1735159817351597,0.05388331475288011,-0.02900763358778624,-0.019230769230769273,0.12462765446334223
2009-06-30,-0.016389452332657206,-0.0020506247997437166,-0.055907889769724384,-0.07515187879696994,0.0834525512637101,-0.06113081577300228,-0.010804321728691502,-0.010804321728691502,0.022727272727272707,0.0,-0.2168431669188099,17.80952380952381,0.45925925925925926,-1.173254281949934,-0.02570116290432911,0.13921034717494885,0.28915662650602414,0.3374045801526717,0.08818342151675496,0.05924596050269293,0.14829226113272798,0.10155148095909738,0.33176100628930816,0.019607843137254832,0.07903280929596712
2009-09-30,0.0303555225604224,0.04064727412829905,0.008556919508976746,0.0009731570837725467,0.07834507042253525,0.026222222222222147,0.14320388349514568,0.14320388349514568,0.1333333333333333,0.13636363636363646,-0.39858338699291695,-1.549367088607595,0.2614213197969544,-6.35361216730038,0.141223671013039,0.04571257842844334,0.011279407025459154,0.06849315068493156,0.08265802269043765,-0.03898305084745768,-0.22025602409638545,0.04641485275288093,0.07969303423848895,-0.019230769230769273,0.03967059941404716
2009-12-31,0.04464547807754915,0.04017030729359505,0.034769852912024835,0.016446568905452486,0.06497959183673463,0.10025985275010818,0.17515923566878988,0.17515923566878988,0.17647058823529416,0.17999999999999994,-0.1092077087794433,-2.487327188940092,-0.7404426559356136,-1.4140625,-0.051239233608718626,0.09114285714285697,0.0022307202039515417,0.056623931623931645,0.06886227544910173,0.008818342151675429,0.007725736359246671,0.01957785255429778,0.06670311645708038,0.0,0.023305407463823036
2010-03-31,0.05696622898891324,0.1300943228332443,0.0536015325670498,0.08488761358201824,0.06369768511421126,-0.03306435740995872,0.07317073170731714,0.07317073170731714,0.08333333333333348,0.0847457627118644,2.6478365384615383,-1.3175832687838884,3.395348837209302,-5.958833619210978,0.2678091709124595,0.0005236973029589809,0.022257551669316422,0.06370070778564196,0.07002801120448177,-0.06468531468531469,-0.07043603258265463,0.006300630063006185,0.08918503331624805,-0.019607843137254943,0.041679071152128655
2010-06-30,-0.0478538283062645,-0.06094488188976377,-0.0553838321393505,-0.0744250973477335,-0.03293218995460112,-0.06187665377569718,-0.21885521885521886,-0.21885521885521886,-0.2153846153846154,-0.21875,-0.4484349258649094,-0.20975609756097557,1.620811287477954,-0.8567969560705638,0.030249890398947876,-0.007589636220884599,-0.014618973561430715,0.0066539923954371805,-0.017015706806282727,-0.07289719626168223,-0.0994845360824742,0.015503875968992276,0.019764705882352906,-0.020000000000000018,0.014575593026578959
2010-09-30,0.02893694791349377,0.05355246240706579,-0.008584847551586061,-0.0008731544689632997,0.10156482861400895,0.089824256888696,0.42025862068965525,0.42025862068965525,0.4509803921568627,0.45999999999999996,-0.2407407407407407,-1.7561728395061729,-0.6695827725437415,0.6304347826086956,0.0478723404255319,-0.001054852320675037,0.04008838383838387,0.0689329556185081,0.10785619174434102,0.016129032258064502,-0.027475672581568467,0.07075748678802118,0.06783571758191043,0.0,0.05443661971830993
2010-12-31,0.0535326623248471,0.09226932668329169,0.033976624082631135,0.05211726384364823,0.08760062233646759,0.07485566394584908,-0.17223065250379366,-0.17223065250379366,-0.17567567567567566,-0.17808219178082196,0.4185680566483083,2.636734693877551,-0.42158859470468435,-0.013333333333333308,0.045076142131979635,0.1623548046462513,-0.05553869499241282,-0.02473498233215543,0.08173076923076916,0.04960317460317465,0.053560918187169015,0.032355360570331726,-0.019446845289541992,0.0,0.03820209710812783
2011-03-31,0.050297382100875865,0.10142815505683478,0.05997446297130837,0.0498376500792872,0.034270431645727184,0.04130394517503233,0.12282309807516034,0.12282309807516034,0.13114754098360648,0.1166666666666667,0.6106489184692179,-0.25476992143658805,3.042253521126761,0.7537537537537538,0.07564276925069624,0.1053826936179878,-0.037275064267352165,-0.013586956521739135,0.04444444444444451,0.022684310018903586,0.1005586592178771,-0.015405046480743811,-0.026443367122080064,0.0,0.04914763589578652
2011-06-30,-0.010634503054354094,-0.09001499514862843,-0.006554472984942383,-0.062001006976911466,-0.01755968488784654,-0.10636784062611171,-0.2187755102040816,-0.2187755102040816,-0.21739130434782594,-0.20895522388059706,-0.09986225895316803,1.6837349397590362,0.45296167247386765,-1.6678082191780823,-0.046962490216147845,0.07478939798643935,-0.03971962616822422,-0.02203856749311295,-0.009574468085106314,0.02772643253234741,0.061928934010152314,-0.007013757755597538,-0.01358080579447718,0.0,-0.02986081304801025
2011-09-30,-0.05590733938752057,-0.06310279649105799,-0.04907275320970039,-0.018786902844873832,-0.06763787721123826,0.10808121019108285,0.19853709508881923,0.19853709508881923,0.2222222222222221,0.2264150943396226,-0.381407804131599,-0.755331088664422,0.29916067146282965,0.5794871794871794,-0.07783182765809593,-0.10399541196711914,-0.04379562043795615,-0.04507042253521121,-0.03866809881847488,-0.0953237410071941,-0.11424474187380496,-0.012224938875305624,-0.06149609912804044,0.020408163265306145,-0.045190241435975276
2011-12-31,-0.02420278785564256,-0.05033366095908132,-0.01631413141314131,0.0037511722413254844,-0.03801207983193278,-0.01526854679360512,0.04533565823888397,0.04533565823888397,0.09090909090909083,0.0923076923076922,0.01607915893630185,0.3142201834862386,0.12551915089986165,0.13798701298701288,-0.09604713297252865,-0.2186899935993173,0.04761904761904767,0.03539823008849563,-0.003351955307262511,-0.18687872763419489,-0.1932002158661631,-0.014301430143014215,0.020537897310513475,0.0,-0.05388230621566159
2012-03-31,0.18986350961303256,0.18798344046192406,0.3033665027259904,0.10059171597633143,-0.01330785504674814,0.030098504195549047,-0.41034195162635534,-0.41034195162635534,-0.38888888888888884,-0.3943661971830986,0.295800365185636,5.7504363001745205,-2.4161541615416153,-2.265335235378031,0.1344448654793482,-0.016930638995084624,-0.08292852185981969,-0.1339031339031339,0.0067264573991032695,-0.012224938875305624,-0.059531772575250774,-0.1707589285714285,-0.1154767609008146,-0.020000000000000018,0.07940950115441114
2012-06-30,-0.041032809801825554,-0.06405612361868951,-0.034400046802784745,-0.05850311262026031,-0.05671600497994189,-0.10678236231627414,-0.2347949080622348,-0.2347949080622348,-0.22727272727272718,-0.2325581395348837,0.03147017379051187,-0.7696483971044468,-1.4226983207874928,-1.177001127395716,-0.020976685149308616,0.16416666666666657,-0.06205069996216406,-0.11513157894736847,-0.04788418708240527,0.15594059405940586,0.28449502133712645,-0.016150740242261152,-0.10455037919826649,0.0,-0.005898366606170491
2012-09-30,-0.027675355856628392,-0.0668724279835391,-0.026264768252044823,-0.018784281313396933,-0.031089602581023557,0.08683584456780324,0.8077634011090573,0.8077634011090573,0.8235294117647058,0.8484848484848484,-0.6971766848816029,-0.5420875420875421,0.2828767123287672,3.9140127388535033,-0.10528829750938251,-0.049391553328561044,-0.012505042355788754,-0.06443618339529111,-0.002339181286549863,-0.0021413276231262435,0.04042081949058707,-0.003761969904240714,-0.042952208106473044,-0.020408163265306145,-0.04903175327639053
2012-12-31,-0.04561589170359592,-0.1003832624560298,0.13514606601748436,-0.005743165632896896,-0.4853186014832753,0.05837285662167102,0.08691206543967289,0.08691206543967289,0.14516129032258052,0.14754098360655732,0.981954887218045,0.42156862745098045,0.7351841964762413,0.6416072585871679,-0.19318181818181823,0.04216867469879526,0.1172385620915033,-0.052980132450331174,-0.4419695193434935,0.045064377682403345,0.062267163384779334,-0.46069344318571925,-0.05372945638432369,0.0,-0.0951662667123756
2013-03-31,0.09044076880428764,0.2252115552961773,0.06936717186943286,0.08371842267406038,0.20349948536979845,-0.01999310582557734,-0.31514581373471307,-0.31514581373471307,-0.2816901408450704,-0.2857142857142857,1.6342943854324736,-0.20862068965517244,-1.0704615384615384,-2.2684563758389262,0.30371490689101055,0.052986512524084706,0.15722120658135275,0.013986013986013957,0.1953781512605044,0.8850102669404516,0.05811623246492981,0.10375556970082767,0.004676018704074858,0.0,0.1305599757520648
2013-06-30,0.0015253267800774406,0.011812898923502013,-0.02375826541596182,-0.07071281358823112,0.12205253512522907,-0.1494899753781217,-0.27884615384615385,-0.27884615384615385,-0.27450980392156865,-0.28,-0.23070276497695852,-1.026143790849673,-0.7510917030567685,-0.18082788671023964,0.19083526682134577,0.02698993595608412,0.11374407582938373,-0.006896551724137945,0.13708260105448145,-0.14052287581699352,-0.006628787878787956,0.12053056516724348,0.00465425531914887,0.0,0.08880697050938346
