Quarter end,Assets,Current Assets,Liabilities,Current Liabilities,Shareholders equity,Revenue,Earnings,Earnings available for common stockholders,EPS basic,EPS diluted,Cash from operating activities,Cash from investing activities,Cash from financing activities,Cash change during period,Cash at end of period,Price,ROE,ROA,Book value of equity per share,P/B ratio,P/E ratio,Cumulative dividends per share,Equity to assets ratio,Net margin,Asset turnover,Current ratio
1993-12-31,0.026338893766461702,0.09866578817328286,0.01871827411167515,0.08906015842432025,0.07003183265120505,0.0970785149117468,0.25,0.25,0.2486772486772486,0.04347826086956519,2.5592105263157894,-0.09302325581395354,-2.231343283582089,-6.7368421052631575,-0.22891566265060237,0.22304832713754652,0.032572383073496525,-0.04956268221574345,0.07037037037037042,-0.01642710472279263,0.0035056967572304476,inf,0.042424242424242475,0.06596701649175407,0.0219780219780219,0.008848195737477749
1994-03-31,0.026338893766461702,0.09866578817328286,0.01871827411167515,0.08906015842432025,0.07003183265120505,0.0970785149117468,0.25,0.25,0.2486772486772486,0.04347826086956519,2.5592105263157894,-0.09302325581395354,-2.231343283582089,-6.7368421052631575,-0.22891566265060237,0.22304832713754652,0.032572383073496525,-0.04956268221574345,0.07037037037037042,-0.01642710472279263,0.0035056967572304476,inf,0.042424242424242475,0.06596701649175407,0.0219780219780219,0.008848195737477749
1994-06-30,0.016319010330986483,0.0031484257871063903,0.0022578635938959035,0.012384509534106636,0.09307267318317036,0.0970785149117468,0.25,0.25,0.2486772486772486,0.04347826086956519,2.5592105263157894,-0.09302325581395354,-2.231343283582089,-6.7368421052631575,1.703125,0.050911854103343535,0.032572383073496525,-0.04956268221574345,0.09342560553633228,-0.01642710472279263,0.0035056967572304476,1.0,0.07558139534883734,0.06596701649175407,0.0219780219780219,-0.009151921903599813
1994-09-30,0.030301068306895385,0.054700343745329505,0.018721354773556964,0.059223300970873805,0.08825816485225513,-0.02662968099861307,0.016666666666666607,0.016666666666666607,-0.4915254237288136,0.04347826086956519,-0.11645101663585955,0.3369963369963369,-1.2787878787878788,0.4678899082568808,0.9248554913294798,-0.021691973969631295,0.032572383073496525,-0.04956268221574345,0.09177215189873422,-0.10647181628392477,0.0035056967572304476,0.7500000000000002,0.05645645645645647,0.06596701649175407,0.0219780219780219,-0.004233374384236321
1994-12-31,0.02117765349085654,0.049879552217656276,0.017157236541101017,0.007882676443629721,0.040014290818149334,0.11940723852949553,0.14344262295081966,0.14344262295081966,0.14166666666666683,0.04347826086956519,0.2259414225941423,0.5698630136986302,0.673913043478261,-0.4625,0.2582582582582582,0.02143385070214343,0.032572383073496525,-0.04956268221574345,0.05217391304347818,-0.0630841121495328,0.0035056967572304476,1.2857142857142856,0.01819215463331436,0.06596701649175407,0.0219780219780219,0.041663445930277376
1995-03-31,0.03372307692307697,0.07652854636253204,0.020841142514431477,0.0458348490360132,0.09275163174166945,-0.0038187372708757827,0.07526881720430101,0.07526881720430101,0.0948905109489051,0.04347826086956519,-0.2832764505119454,-0.5986038394415358,-1.7402597402597402,-0.4651162790697675,0.10978520286396187,-0.03111432706222861,0.032572383073496525,-0.04956268221574345,0.09641873278236912,-0.07980049875311712,0.0035056967572304476,0.375,0.05750977107761024,0.06596701649175407,0.0219780219780219,0.029311368358563517
1995-06-30,0.06429336825812593,0.06143430290872609,0.0648454138209591,0.029565217391304355,0.061930210625589455,0.0766675185279837,0.07666666666666666,0.07666666666666666,0.08000000000000007,0.04347826086956519,0.11428571428571432,3.5652173913043477,-14.859649122807017,4.021739130434782,0.49677419354838714,0.12247946228528739,0.0072795901860338574,-0.04956268221574345,0.0653266331658291,0.024390243902439046,0.0035056967572304476,0.27272727272727293,-0.0026399155227032622,0.035161744022503605,0.0,0.030999927907144453
1995-09-30,-0.02192638997650742,-0.019135364989369297,-0.035034482758620644,-0.007770270270270219,0.03433984606275908,-0.11393306432470929,-0.3405572755417957,-0.3405572755417957,-0.3395061728395061,0.04347826086956519,0.20512820512820507,-0.9742857142857143,-1.4126582278481012,-0.1298701298701299,0.2887931034482758,0.0924817032601466,-0.07922912205567456,-0.04956268221574345,0.04245283018867907,0.023809523809523947,0.007860262008733576,0.3214285714285714,0.057702488088935855,-0.040760869565217406,-0.010752688172043001,-0.011467729529403559
1995-12-31,-0.037515726867208055,-0.07911849710982655,-0.03930817610062898,0.02979230507320385,-0.03033772180881511,0.12858290918832038,0.408450704225352,0.408450704225352,0.42056074766355134,0.04347826086956519,0.3085106382978724,15.37037037037037,0.8865030674846626,-2.288557213930348,-0.2887402452619844,-0.13337393422655308,-0.017151162790697616,0.010736196319018454,-0.011312217194570096,-0.16795865633074936,-0.11265164644714032,0.29729729729729737,0.007507507507507505,0.0014164305949009304,0.010869565217391353,-0.10575086652047816
1996-03-31,0.03458110516934054,0.045508042369556634,0.02447552447552437,0.041163828732021734,0.07467532467532467,-0.08758604319962027,-0.013333333333333308,-0.013333333333333308,0.006578947368421018,0.04347826086956519,-0.6382113821138211,-0.1923076923076923,-1.1073170731707318,-0.8725868725868726,-0.051724137931034475,0.1229796205200282,-0.03667553978112992,-0.012139605462822334,0.07551487414187652,0.1366459627329193,0.0927734375,0.1875,0.03874813710879277,0.0,-0.010752688172043001,0.004192374624268469
1996-06-30,0.040776475993567596,0.04327704815509703,0.04110086413477587,0.09526833915528732,0.039549574292776724,0.08740894901144647,0.2635135135135136,0.2635135135135136,0.26797385620915026,0.04347826086956519,1.1048689138576777,1.2072829131652663,2.8484848484848486,-1.8484848484848486,0.046280991735537125,0.04693366708385471,0.015351550506601086,0.03993855606758823,0.044680851063829685,-0.02732240437158473,0.042001787310098404,0.1578947368421053,-0.0009564801530368428,0.0480905233380482,-0.010869565217391353,-0.04749901536037815
1996-09-30,0.026266416510319024,0.0878791511809136,0.019669386901025376,-0.0017396346767178938,0.05125495376486122,-0.035167464114832514,-0.17112299465240643,-0.17112299465240643,-0.1701030927835051,0.04347826086956519,-0.1832740213523132,-0.15862944162436543,0.311023622047244,3.5,0.19905213270142186,0.035863717872085976,0.04656788630178421,0.06646971935007384,0.05906313645621175,-0.008426966292134908,-0.018867924528301994,0.15151515151515138,0.023934897079942674,0.062078272604588536,0.01098901098901095,0.08972874627853122
1996-12-31,0.006989998924615604,-0.03206964954815961,-0.0004788289212668273,0.018443218123729288,0.03443076149786384,0.10711629060252914,0.2290322580645161,0.2290322580645161,0.2360248447204969,0.04347826086956519,0.07625272331154687,-0.13122171945701355,-1.6606606606606606,-3.1587301587301586,-0.35836627140974964,0.07674552798615131,0.013579890205142942,0.03462603878116344,0.04038461538461546,0.016997167138810276,-0.011363636363636243,0.14473684210526305,0.027582982702197167,0.04701397712833533,-0.010869565217391353,-0.049556044623207174
1997-03-31,0.030115335326783343,0.03370146874644209,0.021489186969614105,-0.10323684585769288,0.060738581146744464,-0.04546472564389703,0.034120734908136496,0.034120734908136496,0.045226130653266416,0.04347826086956519,-0.31174089068825916,-0.13194444444444442,-1.9681818181818183,-1.1139705882352942,0.06365503080082147,0.04715969989281876,0.023945267958951133,0.045515394912985174,0.06839186691312382,0.0055710306406684396,-0.02210433244915999,0.11494252873563227,0.029572338489535888,0.04490291262135915,0.0,0.15266687959118497
1997-06-30,0.046910636533278094,0.0815067738737747,0.05058287551922813,0.0332326283987916,0.03435639028859372,0.14265603003284832,0.10406091370558368,0.10406091370558368,-0.4471153846153847,0.04347826086956519,0.4794117647058824,0.8819999999999999,1.192488262910798,0.25806451612903225,0.07528957528957525,0.18781985670419665,-0.003062360801781905,0.014084507042253502,0.03806228373702414,0.11357340720221609,0.10126582278481,0.10309278350515472,-0.011931064958020321,0.0011614401858304202,0.01098901098901095,0.04675810473815467
1997-09-30,0.027776402436005432,0.03839494856910064,0.02493463427077347,0.00615574022776233,0.03764393268379096,-0.05544147843942504,-0.11494252873563215,-0.11494252873563215,-0.10434782608695647,0.04347826086956519,0.6282306163021869,-0.22848034006376194,-0.6980728051391862,4.897435897435898,0.4129263913824057,0.2253339077983627,0.007539793353811941,0.02020202020202011,0.04833333333333334,0.17910447761194037,0.17077175697865354,0.12149532710280364,0.00939177101967803,0.01740139211136893,0.0,0.03202964727681823
1997-12-31,-9.634839579919507e-05,-0.037465672812867834,0.0003111000497759697,-0.02431936371979193,-0.0014938113529663344,0.12891304347826082,0.17142857142857149,0.17142857142857149,0.18446601941747565,0.04347826086956519,-0.4700854700854701,-0.48484848484848486,-4.8936170212765955,-3.152173913043478,-0.6289707750952986,-0.0777074542897328,0.011640798226163929,0.017326732673267342,0.014308426073131875,-0.12025316455696211,-0.1269284712482469,0.1166666666666667,-0.0013291980505095724,0.003420752565564289,0.010869565217391353,-0.013465854440525837
1998-03-31,0.1359125072268259,0.1082127572855105,0.15494184238352937,0.16585671735381724,0.07052789057490916,-0.07683419988445983,-0.04656319290465627,-0.04656319290465627,-0.040983606557377095,0.04347826086956519,-0.7511520737327189,3.719251336898396,-4.0510018214936245,-1.0282828282828282,0.047945205479452024,-0.011056042699199353,-0.013150684931506729,-0.029197080291970767,0.07053291536050166,-0.023980815347721784,-0.06184738955823288,0.09701492537313428,-0.057231588287488866,-0.006818181818181723,-0.021505376344086002,-0.04946376340591485
1998-06-30,0.06485133816855404,0.07447591026112543,0.07566781559672564,0.032540002689256387,0.02475544020762621,0.16896120150187732,0.037209302325581506,0.037209302325581506,0.042735042735042805,0.04347826086956519,1.4629629629629628,0.1144475920679886,-0.024477611940298516,-7.071428571428571,-0.2777777777777778,0.07748650732459517,-0.02526374236535256,-0.048872180451127845,0.030746705710102518,0.004914004914004844,0.05222602739726012,0.08163265306122458,-0.03764705882352948,-0.029748283752860427,-0.01098901098901095,0.04061816192560186
1998-09-30,0.001115271249900518,0.008557247989046779,-0.0004506083212336698,-0.03568172939184788,0.007208260276641232,-0.0769093504639543,-0.24663677130044848,-0.24663677130044848,-0.23770491803278682,-0.23333333333333328,2.6466165413533833,-0.762582613116421,-1.302937576499388,-1.1647058823529413,0.06334841628959276,-0.14704830053667262,-0.05240672173170047,-0.07378129117259546,0.024147727272727293,-0.17114914425427863,-0.15622457282343372,0.09433962264150941,0.005867970660146771,-0.05542452830188671,-0.022222222222222254,0.04586673675910102
1998-12-31,-0.00023872045834327782,-0.027744781944680108,0.0016529753556402405,0.07292370020256578,-0.0075435203094778025,0.04504156195631159,-0.10416666666666663,-0.10416666666666663,-0.09677419354838723,-0.09782608695652184,-0.5525773195876289,-0.18415417558886504,-1.101010101010101,7.928571428571429,0.5319148936170213,-0.021392617449664475,-0.1103095882176135,-0.12944523470839264,-0.004160887656033285,-0.04424778761061943,0.0019286403085825299,0.10344827586206895,-0.007292173067574126,-0.09987515605493147,-0.03409090909090917,-0.09380497612465444
1999-03-31,0.023519579751671404,0.03874683654769173,0.02045306796019397,-0.022026431718061623,0.03547066848567537,-0.0997040325564188,-0.31893687707641194,-0.31893687707641194,-0.30952380952380953,-0.3132530120481928,-1.140552995391705,-0.17322834645669294,4.74,-1.928,-0.3222222222222222,0.01714530647235324,-0.16114864864864864,-0.16666666666666674,0.04038997214484685,0.021604938271604812,0.11453320500481223,0.078125,0.01175318315377094,-0.15117891816920948,-0.02352941176470591,0.06212299798932275
1999-06-30,0.040281503946498765,0.02932033941023282,0.05405272958933649,0.05624195624195627,-0.01261057782796915,0.04807889870556803,0.3804878048780487,0.3804878048780487,0.3793103448275863,0.3684210526315792,-12.147540983606557,3.803174603174603,2.2090592334494774,-1.6982758620689655,0.3319672131147542,0.18794774546986948,-0.13129279097865487,-0.14117647058823524,-0.012048192771084265,0.13897280966767367,0.383419689119171,0.07246376811594213,-0.05082284607938048,-0.10457516339869277,-0.036144578313252906,-0.025458580847313894
1999-09-30,-0.011063352644365532,-0.022445315050603987,-0.02082849039936774,-0.07396125258925312,0.028974456728936282,-0.07567143697314249,-0.22614840989399299,-0.22614840989399299,-0.2250000000000001,-0.21794871794871795,0.6573529411764707,-0.6807666886979511,-1.773072747014115,-1.5185185185185186,-0.12923076923076926,0.03263568641362169,-0.11358368103847938,-0.11643835616438358,0.031165311653116534,0.04509283819628651,0.17228464419475675,0.072072072072072,0.040285568587455245,-0.08394160583941601,-0.03749999999999998,0.055596490052917336
1999-12-31,0.0066518008995049005,-0.020288887033480862,0.00517544276150228,0.07605263157894737,0.01241200444609114,0.06447507953340392,0.091324200913242,0.091324200913242,0.06451612903225823,0.09836065573770503,-0.26885536823425027,0.4679089026915113,-1.2317415730337078,-7.309523809523809,0.9363957597173145,-0.12332531776021982,-0.07635983263598323,-0.07493540051679581,0.014454664914586024,-0.14974619289340096,-0.02609158679446233,0.0714285714285714,0.00588235294117645,-0.043824701195219085,-0.025974025974025983,-0.08953613807982741
2000-03-31,0.012314623615543363,0.020112493608317683,0.014029286726499723,-0.001956468574223491,0.005672461116194016,-0.019924287706714505,0.07949790794979084,0.07949790794979084,0.10606060606060597,0.08955223880596996,-1.1152912621359223,-1.1452750352609309,-1.7454545454545456,-1.4226415094339622,-0.2043795620437956,-0.1316614420062696,0.047565118912797244,0.04469273743016777,0.020725388601036343,-0.14328358208955227,-0.07873154729360299,0.06666666666666687,-0.006822612085769952,0.054166666666666696,-0.013333333333333308,0.022163367716754756
2000-06-30,0.0341579201127471,0.03241436925647445,0.044673219359947725,0.04079882381769173,-0.006914119359534232,0.09026224842447661,0.22093023255813948,0.22093023255813948,0.24657534246575352,0.23287671232876717,-14.48421052631579,-19.12621359223301,-6.186991869918699,-1.2946428571428572,0.07568807339449535,-0.11191335740072206,0.021621621621621623,0.021390374331550666,0.0012690355329949554,-0.12891986062717775,-0.16261127596439184,0.0588235294117645,-0.03974484789008825,0.01778656126482203,0.0,-0.00811400518205363
2000-09-30,-0.0015779658585568512,0.006635377892862948,-0.005841434049763672,-0.045673925838728646,0.015939904727006127,-0.10889427559201936,-0.3142857142857143,-0.3142857142857143,-0.3076923076923077,-0.3111111111111111,-0.6432474629195941,-0.7691483663631494,-1.1285266457680252,-3.1515151515151514,-0.15138592750533053,-0.08384146341463405,-0.00952380952380949,-0.015706806282722474,0.02281368821292773,-0.08399999999999996,-0.12189936215450026,0.05902777777777768,0.017884517118037735,-0.005825242718446533,-0.013513513513513487,0.05485667147865536
2000-12-31,0.022413793103448265,0.006511254019292645,0.025521417358151943,0.05686443813987907,0.009918845807033394,0.07009834693450512,0.22222222222222232,0.22222222222222232,0.22222222222222232,0.24193548387096775,-0.0897155361050328,0.2946635730858469,-2.3414634146341466,-0.09859154929577463,-0.16080402010050254,0.07487520798668879,0.018162393162393098,0.007978723404255428,0.00991325898389106,0.048034934497816595,0.0710250201775624,0.05573770491803298,-0.012550200803212674,0.01953125,0.0,-0.04763766699250571
2001-03-31,0.02673552557616632,0.03825573037297336,0.030003498950314844,0.07796451914098967,0.013392857142857206,-0.059444661712944824,-0.38636363636363635,-0.38636363636363635,-0.38961038961038963,-0.38961038961038963,-0.24038461538461542,1.236559139784946,7.036363636363637,0.359375,-0.26047904191616766,0.15325077399380826,-0.09863588667366208,-0.10817941952506616,0.014723926380368013,0.14166666666666683,0.1152976639035419,0.052795031055900665,-0.012709710218607007,-0.0862068965517242,-0.0273972602739726,-0.03688244149445741
2001-06-30,0.03599657827202729,0.057230769230769196,0.045350318471337525,0.042767431788653054,-0.002819383259911934,0.14095634095634102,0.6728395061728396,0.6728395061728396,0.6808510638297873,0.6595744680851066,0.4778481012658229,-0.15064102564102566,-0.26696832579185525,-1.2873563218390804,0.10121457489878538,0.09977628635346747,-0.054132712456344545,-0.06804733727810641,-0.0036275695284159193,0.08394160583941601,0.20337837837837824,0.05014749262536866,-0.03759011328527295,-0.052410901467505266,-0.014084507042253502,0.013925399644760361
2001-09-30,-0.012352610892756855,-0.02248253783469145,-0.024047444958973152,-0.03021493095213379,0.038522707192083505,-0.07871720116618075,-0.24354243542435428,-0.24354243542435428,-0.2405063291139241,-0.2435897435897436,0.5417558886509637,-1.039622641509434,-2.3472222222222223,-2.6,-0.1470588235294118,-0.022782750203417357,-0.026461538461538425,-0.02857142857142858,0.03883495145631066,-0.01683501683501687,0.021897810218978186,0.050561797752809,0.051364365971107606,-0.02433628318584069,-0.014285714285714346,0.007918155700371354
2001-12-31,0.025214861385145282,-0.002605135839225947,0.04245400815782907,0.10021413276231272,-0.04526118768078957,0.007911392405063333,-0.18536585365853664,-0.18536585365853664,-0.18333333333333335,-0.1694915254237288,-0.3277777777777777,-16.738095238095237,-1.411225658648339,-5.2,0.7241379310344827,0.004995836802664577,-0.10809102402022763,-0.1241830065359476,-0.04556074766355145,-0.03424657534246578,0.016483516483516425,0.048128342245989275,-0.06870229007633588,-0.10657596371882094,-0.014492753623188248,-0.09343715239154604
2002-03-31,0.015983299083406788,0.03604477611940293,0.01708855705501877,-0.022479564032697574,0.011049723756906049,-0.13481161695447408,-0.5209580838323353,-0.5209580838323353,-0.5306122448979591,-0.5306122448979591,-0.7871900826446281,0.05748865355521926,0.4066852367688023,-1.5833333333333335,-0.245,0.10563380281690149,-0.10205527994330255,-0.11567164179104483,0.009791921664626724,0.15957446808510656,0.23837837837837839,0.04336734693877542,-0.004918032786885185,-0.08375634517766495,-0.02941176470588236,0.059892638036809887
2002-06-30,0.05095193758628436,0.0693654109342361,0.05896207898249206,0.04818317570930808,0.014983254010223934,0.2000453617600364,1.5,1.5,1.5217391304347823,1.5217391304347823,5.067961165048544,0.8969957081545064,0.3386138613861387,-0.826530612244898,-0.056291390728476776,-0.01161483701760968,-0.1018153117600632,-0.11392405063291133,0.014545454545454417,-0.021406727828746086,0.10170231340026192,0.044009779951100114,-0.03404722679846239,-0.09141274238227137,-0.030303030303030276,0.020186672454959753
2002-09-30,-0.010997739353577285,-0.004108850868920877,-0.02150059311981023,-0.0023743945293950297,0.0382077110107677,-0.040824040824040786,0.06499999999999995,0.06499999999999995,0.06896551724137945,0.051724137931034475,0.011200000000000099,-1.0889894419306183,-1.9112426035502958,-10.411764705882353,0.5614035087719298,-0.18764215314632293,0.00790861159929701,-0.009523809523809601,0.0370370370370372,-0.20000000000000007,-0.10142630744849446,0.039812646370023685,0.05002842524161455,0.012195121951219523,-0.015625,-0.0017021276595744483
2002-12-31,0.014734045839253751,-0.01061887047683463,0.037240490983482255,0.07996953541508,-0.08464369354299095,0.059507389162561486,0.431924882629108,0.431924882629108,0.435483870967742,0.4426229508196722,0.5917721518987342,-7.788135593220339,-0.44805194805194803,-1.85,-0.30561797752808983,-0.013065795613625864,0.21621621621621645,0.1875,-0.0841013824884792,-0.046875,-0.023368606701940076,0.04054054054054057,-0.09799675148890097,0.19277108433734957,-0.015873015873015928,-0.083901676612674
2003-03-31,0.02091260540014006,0.030216024063439928,0.018992658606961532,-0.05782792665726377,0.030519005847953196,-0.10340338478705602,-0.5770491803278688,-0.5770491803278688,-0.5842696629213483,-0.5795454545454546,-0.7833001988071571,-0.5430711610486891,-1.5147058823529411,-1.1323529411764706,0.058252427184465994,0.11725768321512997,0.0630824372759855,0.044534412955465674,0.030188679245283012,0.21721311475409855,-0.0722347629796839,0.03679653679653683,0.009003601440576325,0.04040404040404044,0.016129032258064502,0.0934470725087242
2003-06-30,0.020335142226727942,0.027803583278035893,0.014014839241549781,0.04481661676646698,0.05160489448483774,0.23045011408421479,2.0930232558139537,2.0930232558139537,2.135135135135135,2.108108108108108,3.032110091743119,0.13387978142076506,-3.9885714285714284,-2.0,-0.05504587155963303,0.13457469318662718,0.22589345920431558,0.22093023255813948,0.04884004884004889,0.101010101010101,0.06958637469586382,0.03757828810020869,0.030933967876264123,0.19660194174757262,0.015873015873015817,-0.01631205673758873
2003-09-30,0.024751607247223806,0.03370133643230688,0.01714386709084481,-0.011104146144891192,0.06104553119730194,-0.06523937963587323,-0.443609022556391,-0.443609022556391,-0.4482758620689654,-0.4608695652173913,-0.6473265073947667,0.7132530120481928,-1.9961759082217974,-5.888888888888889,0.28478964401294493,0.18500559492726598,-0.004950495049504844,-0.012698412698412764,0.05471478463329471,0.13149847094801226,-0.03958143767060973,0.03420523138832987,0.03519907674552791,-0.012170385395537497,0.0,0.04534967555876013
2003-12-31,0.03986654119257427,0.048716507401161735,0.05602085143353608,0.14289595218690576,-0.03401144310235216,0.1659152389540126,0.572072072072072,0.572072072072072,0.578125,0.596774193548387,1.1258064516129034,0.5035161744022503,-0.3474088291746641,-1.625,-0.1385390428211587,0.21089077746301532,0.014925373134328401,0.016077170418006492,-0.02428256070640189,0.14864864864864868,0.2070108953102796,0.03696498054474717,-0.07079152731326654,-0.008213552361396204,0.015625,-0.0824194772053245
2004-03-31,0.03820101467160297,0.06402239294860346,0.03741731661565795,0.0458759210839077,0.04211911813096414,0.0003093580819799602,0.180515759312321,0.180515759312321,0.18811881188118806,0.1717171717171717,-0.8512898330804248,-0.14686623012160893,1.3735294117647059,-1.4727272727272727,0.07602339181286544,0.028073823758772987,0.2222222222222221,0.21835443037974667,0.04751131221719462,0.051764705882352935,-0.008241758241758323,0.03377110694183849,0.003599280143971262,0.1718426501035195,0.04615384615384621,0.017363199037883303
2004-06-30,0.02271646679697814,0.0481361244822569,0.018525567821342515,0.009469696969697017,0.04357436059362163,0.16963043142106082,0.3398058252427185,0.3398058252427185,0.3416666666666668,0.3362068965517242,3.8265306122448983,0.07346491228070184,-0.26641883519206944,2.8076923076923075,0.2690217391304348,-0.008849557522123797,0.08110516934046363,0.07792207792207795,0.04103671706263512,-0.053691275167785046,-0.20854768500197862,0.034482758620689724,0.020322773460848653,0.04063604240282692,0.02941176470588225,0.038271148873291416
2004-09-30,0.043287359884291554,0.0485955356189256,0.03939828080229235,0.03759849906191359,0.06217851739788194,0.01123744050766784,-0.09782608695652173,-0.09782608695652173,-0.09937888198757772,-0.09032258064516141,1.0380549682875264,0.4811031664964249,-0.285472972972973,-1.5050505050505052,-0.10706638115631695,-0.044642857142857095,0.14674361088211052,0.13734939759036147,0.06742738589211594,-0.0827423167848701,-0.133,0.03508771929824572,0.01816051552431186,0.09168081494057723,0.04285714285714293,0.010602718280794177
2004-12-31,0.06676734168440857,0.06213078019963336,0.06744973481556937,0.17242875741356856,0.06352371457057404,0.12053863250098051,0.1506024096385543,0.1506024096385543,0.16551724137931045,0.15602836879432624,-6.732365145228216,-4.7365517241379305,-0.8770685579196218,-1.56,0.06714628297362113,0.17142857142857126,0.06649892163910853,0.0783898305084747,0.05830903790087483,0.09793814432989678,-0.009803921568627305,0.03898305084745757,-0.0028768699654775354,0.046656298600311175,0.041095890410958846,-0.09407125756935641
2005-03-31,0.029147617832029793,-0.030303030303030276,0.027397260273972712,-0.08778531770512032,0.03749832596759073,-0.027068020067670062,0.013961605584642323,0.013961605584642323,0.00591715976331364,0.0,-1.0323923271806008,-1.1740494647471391,14.51923076923077,1.5714285714285716,0.16179775280898867,0.062001367677228414,0.029996629592180524,0.03929273084479368,0.04132231404958664,0.0046948356807512415,-0.05591147350029124,0.03262642740619914,0.008078476630121179,0.019316493313521477,0.013157894736842035,0.06303435411161207
2005-06-30,0.010733533271698237,0.03807357594936711,0.01415300546448095,0.16291336985189697,-0.005421453465857762,0.12243674301474994,0.3080895008605853,0.3080895008605853,-0.3411764705882352,-0.3374233128834355,3.5642458100558656,-0.3891834570519618,-0.9925650557620818,2.2222222222222223,0.44874274661508706,-0.004936681691350198,0.05431937172774881,0.056710775047258855,0.003527336860670305,-0.04439252336448607,-0.08019740900678596,0.033175355450236976,-0.01602747567258156,0.03644314868804677,0.025974025974025983,-0.10733347956423178
2005-09-30,0.023246993730897003,0.017528817757454407,0.009564092892936138,0.09635961851593389,0.08916288124594418,-0.040918803418803384,-0.12236842105263157,-0.12236842105263157,-0.1250000000000001,-0.12962962962962976,0.3880048959608322,0.9878472222222223,37.333333333333336,-0.06034482758620685,0.29105473965287043,0.15746333045729077,0.023277467411545683,0.03756708407871212,0.08435852372583463,0.15403422982885084,0.05365526492287054,0.03822629969418956,0.06457242582897038,0.029535864978903037,0.0,-0.07191416168400366
2005-12-31,0.026250953886405748,0.06684767343881659,0.031062364902729955,0.012677027528775309,0.004766444232602529,0.0764175114180683,0.26836581709145424,0.26836581709145424,0.2857142857142858,0.2872340425531916,-0.13315696649029984,-0.24803493449781655,-0.5217391304347826,-0.3532110091743119,0.14581178903826264,0.007267983600447225,0.07279344858962711,0.08103448275862069,0.018638573743922304,-0.07203389830508466,-0.057288351368555035,0.036818851251841034,-0.021311475409836023,0.07240437158469937,0.012658227848101333,0.053481599152766846
2006-03-31,0.01886592024474698,0.03703378674857394,0.00926572974092199,0.031793421328305094,0.06285578747628073,-0.028045120562972148,-0.007092198581560294,-0.007092198581560294,-0.007936507936507908,-0.008264462809917328,-0.4638860630722279,-0.6341463414634146,-5.654545454545454,-3.141843971631206,-0.27256317689530685,0.24199814986123958,0.051173310715295406,0.06858054226475274,0.06443914081145596,0.2191780821917808,0.12086428089128964,0.035511363636363535,0.04355108877721947,0.06114649681528661,0.012499999999999956,0.0051101616821647156
2006-06-30,0.040619721834143085,0.02949141067952943,0.058392101551481,0.07249098939032428,-0.03671055567953585,0.12915247018739362,0.24523809523809526,0.24523809523809526,0.264,0.26666666666666683,1.6963946869070208,1.6476190476190475,0.490234375,-0.4768211920529801,-0.19602977667493793,0.09071949947862357,0.0623991393222163,0.06417910447761188,-0.015695067264574036,0.02434456928838946,-0.004216867469879482,0.03429355281207136,-0.07437132156233273,0.056422569027611,0.0,-0.04009001500250042
2006-09-30,0.011582005811040963,-0.009658460400312374,0.004433998836983921,-0.1155866900175131,0.0457546623421754,-0.008297972654408348,-0.26481835564053535,-0.26481835564053535,-0.25316455696202544,-0.2500000000000001,0.1386347642505279,0.3621103117505995,-0.27260812581913496,-0.3987341772151899,-0.14660493827160492,-0.06091231903851402,0.0113924050632912,0.005610098176717981,0.05391040242976475,-0.04570383912248632,-0.14579552329098622,0.039787798408488007,0.03352601156069346,-0.010227272727272751,0.012345679012345512,0.11973604237214563
2006-12-31,0.00784422478854263,-0.04162516600265609,0.06187432155349182,0.030345196681830444,-0.2402525476295968,0.04621089664352951,0.14694408322496755,0.14694408322496755,0.15254237288135597,0.1491228070175441,0.3800988875154512,0.330105633802817,0.3747747747747747,-0.7578947368421053,-0.04159132007233268,-0.056573589296102345,0.05782227784730898,-0.009762900976290179,-0.24639769452449567,-0.1053639846743295,-0.09419263456090654,0.03826530612244916,-0.24608501118568227,-0.021814006888633775,0.012195121951219523,-0.06986662531017374
2007-03-31,0.02690697537294362,0.03745723812410695,0.01671967287596554,0.036255973405360464,0.09228750546726938,-0.08970280832500233,-0.07482993197278909,-0.07482993197278909,-0.06617647058823539,-0.06106870229007644,-0.3958799820868787,-0.585043017868961,-0.14678899082568808,-4.3478260869565215,0.1452830188679246,-0.025743795282873516,0.03880738286796026,-0.028169014084506894,0.11854684512428282,0.29336188436830835,-0.044566067240031204,0.03685503685503666,0.06379821958456966,-0.021126760563380254,0.0,0.0011671529804084813
2007-06-30,0.02407747664982396,0.007179230319726226,0.02053355974617932,-0.007268170426065201,0.04524826481580346,0.1337859424920127,0.008578431372548989,0.008578431372548989,0.007874015748031482,0.008130081300812941,0.39881393624907346,1.2232854864433813,-0.17050691244239635,-1.5844155844155843,-0.07413509060955514,0.17689873417721502,-0.03940774487471521,-0.07971014492753625,0.047008547008547064,0.052980132450331174,0.17021276595744683,0.035545023696682554,0.02092050209205021,-0.08033573141486805,0.0,0.01457240403031057
2007-09-30,0.024165514147945988,0.032822213012847046,0.011297208538587844,0.06402423630396359,0.09922104456646652,0.007573089115885834,0.12636695018225996,0.12636695018225996,0.1328125,0.12903225806451601,0.16269210386857447,-0.5767575322812052,1.311111111111111,-8.733333333333334,0.6192170818505338,0.059424576499058857,0.06212947593075646,0.026771653543306906,0.10530612244897952,0.011006289308175932,0.12027972027972011,0.041189931350114284,0.0730874316939889,0.026075619295958363,0.0,-0.02930072225869984
2007-12-31,0.024325261409879673,0.022269480780033657,0.02290489489294445,0.0556161913348836,0.031947026022304925,0.06135291033036183,0.05177993527508096,0.05177993527508096,0.06896551724137945,0.0714285714285714,0.14175022789425706,2.045762711864407,-0.5753205128205128,-0.3908045977011494,0.23296703296703303,-0.04987309644670046,-0.036392051797276226,0.0030674846625766694,0.026587887740029625,-0.13996889580093308,-0.09800249687890139,0.03956043956043964,0.007638446849140612,0.0012706480304953693,0.0,-0.03162255855246476
2008-03-31,0.03691299080738264,0.056129057581347785,0.0367626828081018,0.09309957293773885,0.03771248452099507,-0.028656126482213384,-0.05435897435897441,-0.05435897435897441,-0.03870967741935483,-0.033333333333333326,-0.7181636726546906,-0.3761825264329438,-1.0773584905660378,-2.6273584905660377,-0.3074866310160428,-0.07693335114197952,-0.02131603336422605,0.001529051987767538,0.07841726618705036,-0.10126582278481022,-0.10934256055363323,0.038054968287526414,0.0006317119393557391,-0.01015228426395931,0.012048192771084265,-0.03379027329084083
2008-06-30,0.038639956016768506,0.0353439625376295,0.04076674968358307,0.08545813456160545,0.027337817313950907,0.15496778569006442,0.19956616052060738,0.19956616052060738,0.20805369127516782,0.19999999999999996,0.6983002832861189,0.5254237288135593,11.658536585365853,-1.0144927536231885,0.006435006435006496,0.14686731297930833,0.02864583333333326,0.04580152671755733,0.038025350233489075,0.06438631790744465,0.10178710178710193,0.03665987780040725,-0.010732323232323315,0.028205128205128105,0.011904761904761862,-0.0461774805711187
2008-09-30,0.06246174714240804,0.09569961949888728,0.06153031402624398,0.03659922709706742,0.018479408658922836,-0.04719612448620081,-0.21518987341772156,-0.21518987341772156,-0.2055555555555556,-0.20114942528735635,0.13844870725604674,0.12046783625730995,2.7514450867052025,270.2,1.734015345268542,-0.15480696442089337,-0.04234752589182966,-0.05401459854014612,0.027634961439588768,-0.18525519848771277,-0.2242595204513399,0.04125736738703334,-0.04148053605615831,-0.0448877805486283,0.0,0.05693983893889132
2008-12-31,0.055317691385511125,0.03633206657056731,0.13028455284552853,-0.047185672514619914,-0.368895800933126,-0.004468068715815399,-0.23847926267281105,-0.23847926267281105,-0.23076923076923073,-0.2302158273381294,0.1113553113553114,-0.19154488517745305,-0.7647663071391885,-0.5589970501474926,0.27970065481758644,-0.3209434243917002,-0.006488824801730408,-0.12345679012345667,-0.37460913070669166,-0.3410672853828306,-0.31999999999999995,0.039622641509434064,-0.4021304926764314,-0.09530026109660572,-0.03529411764705881,0.08766583004661177
2009-03-31,-0.04930512525449238,-0.061992223311099215,-0.05852446420689539,-0.15267175572519087,0.04090685066535249,-0.28615646521705485,-1.1694402420574885,-1.1694402420574885,-1.1727272727272726,-1.1775700934579438,-0.4100197758734344,-1.3247256294383474,-2.1681222707423577,0.38795986622073575,0.30336257309941517,-0.2435700153879975,-0.22593130140299944,-0.30809859154929575,0.052999999999999936,0.21126760563380276,-0.18582887700534767,0.038112522686025496,0.09465478841870811,-0.2525252525252526,-0.07317073170731703,0.10705455744189862
2009-06-30,-0.036436995654872795,-0.07714343488811004,-0.05825563021999969,-0.11766037394178097,0.14820075757575757,-0.1355013550135501,-4.3125,-4.3125,-4.2105263157894735,-4.157894736842105,1.1318435754189946,-0.31411530815109345,2.4560747663551403,-0.4879518072289156,0.11918115535614127,-0.006102877070618851,-0.23843749999999997,-0.2951653944020357,0.11206077872744546,-0.05523255813953487,0.40065681444991785,0.036713286713286664,0.1922685656154628,-0.19884169884169878,-0.11842105263157887,0.04593166083525646
2009-09-30,-0.020195838433292534,-0.04236204944673705,-0.03523489932885904,-0.07865572088250383,0.09635738831615126,-0.08489028213166139,0.08894878706199472,0.08894878706199472,0.06557377049180335,0.06666666666666665,-0.10115303983228507,0.25217391304347836,0.06165494862087617,-0.5364705882352941,0.04936106239037841,0.23859649122807003,-0.2146081247435372,-0.2490974729241877,0.09393680614859101,0.11384615384615393,0.7303634232121923,0.03541315345699836,0.11860068259385659,-0.1469879518072289,-0.11940298507462699,0.03935943060498204
2009-12-31,-0.013149676189223802,0.02158410555619117,-0.030329670329670377,0.07434426685972051,0.09578736208625882,0.08221430528912022,-0.4257425742574258,-0.4257425742574258,-0.4307692307692308,-0.4375,0.06413994169096204,-1.6435185185185186,-0.5578196637799286,2.446700507614213,0.16212989493791796,0.28399433427762033,-0.3834900731452455,-0.3028846153846153,0.0983606557377048,0.17403314917127077,0.7384823848238482,0.03420195439739415,0.11060259344012224,-0.22033898305084754,-0.11864406779661008,-0.049099500102718574
2010-03-31,-0.020020653586062198,-0.014072940385979282,-0.027119713035594573,-0.045355587808417974,0.023112128146453026,0.04304887313243855,0.004310344827586299,0.004310344827586299,0.0,0.0,-0.698082191780822,-1.39568345323741,1.230414746543779,-2.9572901325478647,-0.2730634888021368,0.05644419930134226,0.27627118644067816,0.4137931034482758,0.012082444918265711,-0.040000000000000036,0.588074824629774,0.03307086614173227,0.0439560439560438,0.4311594202898552,0.0,0.0327668154976235
2010-06-30,-0.0007308450608470851,0.03649856126003326,-0.005530570074146146,0.07422490090677081,0.027175128606575782,0.26353483855304694,2.0343347639484977,2.0343347639484977,2.027027027027027,2.027777777777778,1.163339382940109,-2.9727272727272727,-0.5609504132231404,-1.0443942814145974,0.01667608818541555,0.11138183083884434,0.20119521912350602,0.2878048780487805,0.0231741573033708,0.0980392156862746,-0.2004907975460123,0.03201219512195119,0.02763157894736845,0.17974683544303804,0.09615384615384603,-0.03514399274806501
2010-09-30,0.048458149779735615,0.04387054354178832,0.04524435209517397,0.019915082895269,0.07098530212302667,0.06965126332981075,0.12022630834512027,0.12022630834512027,0.125,0.12844036697247696,-0.08640939597315433,3.5852534562211984,0.7482352941176471,-23.576271186440678,-0.37030859049207676,0.08158471656749122,0.18297401879491426,0.24242424242424243,0.06382978723404253,0.05803571428571419,-0.13474524248004904,0.03249630723781394,0.02176696542893719,0.11802575107296143,0.10526315789473695,0.02348775023487759
2010-12-31,0.03857759319944187,0.11313293907688005,0.026992788930033207,0.09128754088611357,0.10033546813052752,0.15026046344530264,0.22222222222222232,0.22222222222222232,0.20634920634920628,0.1869918699186992,0.9990817263544536,-0.5045226130653266,-0.7705248990578735,-1.9962462462462462,0.5858719646799118,0.2407702330968584,0.30093457943925217,0.3536585365853657,0.10774193548387112,0.16666666666666674,0.0,0.03147353361945626,0.059523809523809534,0.21689059500959695,0.11111111111111094,0.02005366473661918
2011-03-31,0.03697282099343946,0.0879597610814209,0.010646171363506873,0.05118074477747503,0.1667590539541759,0.011087686421488163,0.265495867768595,0.265495867768595,0.256578947368421,0.2602739726027399,-0.6485989894350023,-0.11967545638945232,-3.6099706744868034,-0.03767897513187646,0.35551224944320703,0.19183197199533253,0.24892241379310365,0.32657657657657646,0.141525917297612,0.07594936708860756,-0.12486697410429226,0.030513176144244092,0.12477823772915442,0.23186119873817046,0.0714285714285714,0.03495777377820852
2011-06-30,0.10881648515522624,0.1776178918169209,0.12128210905813419,0.015682377845941176,0.060337318869269074,0.09892655803536954,-0.17142857142857137,-0.17142857142857137,-0.17801047120418845,-0.17391304347826086,2.3058823529411763,0.7327188940092166,3.537078651685393,3.5779169929522316,1.2006572191415077,0.031721167025650976,-0.014092608570606902,0.022071307300509213,0.057653061224489655,-0.09579831932773109,-0.2399675719497366,0.02960969044414541,-0.0436382754994743,0.001280409731114096,0.026666666666666616,0.15945421710922347
2011-09-30,0.056458953145589685,-0.095472948104527,0.05606631499623216,0.07264993619736293,0.05757598386976337,0.1044272663387209,0.12413793103448278,0.12413793103448278,0.1273885350318471,0.13157894736842102,-0.12178726769474102,9.98936170212766,-1.3259039128281327,-2.2805336982552173,-0.6986467568828745,-0.12099070032264192,-0.004959159859976636,0.024916943521594792,0.05643994211287984,-0.16914498141263945,-0.18346666666666667,0.030065359477124076,0.0010995052226498991,-0.0012787723785167016,0.025974025974025983,-0.1567349293337179
2011-12-31,0.04730798410636905,0.03428819444444442,0.07898450755593611,0.13256404155761747,-0.09031210281033752,0.0971621277678798,0.4022787028921999,0.4022787028921999,0.3502824858757063,0.34883720930232553,-0.3268797838811346,-0.7607696030977735,-1.2689969604863223,-0.9770237777184076,-0.0532672654072468,-0.10536543236532436,0.10085019055995303,0.07941653160453832,-0.0894977168949771,-0.15436241610738255,-0.17243631613324628,0.030456852791878042,-0.1312465678198792,0.060179257362355854,0.012658227848101333,-0.08674237241756744
2012-03-31,0.030228617734449736,0.05457931179185893,0.005775674563517796,0.010083680543398366,0.16191880773111844,-0.07318912022269908,0.0068749999999999645,-0.008750000000000036,0.02092050209205021,0.02155172413793105,-0.7792642140468228,-0.22306525037936265,1.7570621468926553,0.12209302325581395,-0.06313379129865881,0.26535537588994806,0.027163781624500727,0.018018018018017834,0.15095285857572716,0.3915343915343916,0.11838989739542227,0.02832512315270952,0.1276864728192162,0.021739130434782483,0.0,0.044044943820224614
2012-06-30,0.05875482671497356,0.10159417045934993,0.0645849467393369,0.08402370966064687,0.0639321263945487,0.08716600963644328,0.06083178150217261,0.07124842370744,0.06557377049180335,0.07172995780590719,4.081818181818182,0.28125,1.762295081967213,-12.601036269430052,0.7817737430167597,-0.09059698645813463,0.07855846512833797,0.07669616519174038,0.06230936819172106,-0.209125475285171,-0.15102328863796755,0.05868263473053892,0.0050448430493272856,0.07446808510638303,0.0,0.01621466494475543
2012-09-30,0.0191697246673721,0.007788865309071191,-0.003458830311432015,0.01512486809708058,0.12294361421574784,-0.05347070334983306,-0.0040959625511994835,0.0,0.0,0.0,-0.2516398330351819,-0.5691056910569106,-0.9350890207715133,-0.7382760160786066,0.11483441113070736,-0.09532298657718119,0.02668269230769238,0.05205479452054784,0.12182116488925354,-0.14903846153846156,-0.19866999168744792,0.0,0.10150585610708318,0.08030803080308035,-0.025000000000000022,-0.007271957074272972
2012-12-31,-0.013087993284810251,-0.04738009364009055,-0.011445492734660112,-0.06271656271656267,-0.019682397673898455,-0.022499239890544254,-0.5887191539365453,-0.5897586815773985,-0.5884615384615384,-0.594488188976378,0.5768924302788845,1.167452830188679,-2.702857142857143,-1.3395904436860069,-0.0349797855510634,-0.003129709052973162,-0.19761180051510185,-0.15494791666666663,-0.0186471663619745,-0.11299435028248583,-0.08713692946058094,0.0328054298642535,-0.006582278481012671,-0.12219959266802438,-0.03846153846153855,0.016357300334257863
2013-03-31,-0.006860199650834842,-0.008912614053240508,-0.01879510686320951,-0.026247689463955615,0.042322610084416956,-0.17822706065318816,0.26,0.26255380200860823,0.25233644859813076,0.27184466019417486,-0.28044466902475995,-0.20620239390642003,-2.8288590604026846,-3.472361809045226,0.08961748633879774,0.07848837209302317,-0.16574263203968487,-0.13867488443759635,0.035394932935916446,0.10191082802547768,0.24318181818181794,0.0,0.049439347604485206,-0.08584686774941996,-0.053333333333333344,0.01784339794276102
2013-06-30,-0.015415300361718676,-0.031794993474908106,-0.010337238196663101,0.03261544833298813,-0.035733829484513535,0.10681302043906138,0.0941043083900226,0.09090909090909083,0.10447761194029836,0.10687022900763354,1.2254213483146068,-0.08087731322823855,-4.077064220183486,-0.7398373983739837,0.021397525911066584,-0.0825876010781671,-0.16894018887722972,-0.146690518783542,-0.020870816840590112,-0.11560693641618491,0.04844606946983565,0.06133625410733834,-0.02039825157843622,-0.10913705583756339,-0.042253521126760396,-0.06242265915028189
2013-09-30,-0.0011788268955651438,-0.01757137605685577,-0.008637387548961928,-0.026738861592967678,0.02775097894557632,-0.08193694001778262,-0.015544041450777257,-0.014583333333333282,0.0,0.0,-0.047649100662669586,-0.046979865771812124,-0.10793082886106142,0.9296875,0.04042553191489362,0.0009401809848395004,-0.18013468013468015,-0.1677148846960168,0.04593899301727311,0.02287581699346397,0.17262423714036612,0.0,0.028755577590480863,-0.1339031339031339,-0.044117647058823595,0.009458864936207734
2013-12-31,-0.027225226876890662,-0.04372879664737572,-0.07347854403357701,-0.06257083004224051,0.14914411927112092,0.07293451538404239,0.05894736842105264,0.060253699788583415,0.06081081081081097,0.0620689655172415,-0.14512922465208744,-0.24256651017214392,0.2586898395721926,-2.1174089068825914,-0.04341670599339309,0.018785957496771033,0.04004106776180705,0.10075566750629728,0.12895291637385808,-0.025559105431309903,0.23122676579925638,0.0619195046439629,0.18120481927710852,0.12006578947368407,-0.015384615384615441,0.02012057819423263
2014-03-31,-0.005877779871843236,-0.009573496804486714,0.000156206067043696,-7.326812470231925e-05,-0.024314064677334102,-0.08061380363838355,-0.08051689860834987,-0.08075772681954141,-0.06369426751592366,-0.06493506493506496,-0.2647286821705427,-0.02066115702479343,-0.12320764737121614,1.6666666666666665,-0.12103272488077621,0.07468018900541673,-0.015794669299111552,0.022883295194507935,0.012449424214129978,-0.0491803278688524,-0.020531400966183555,0.0,-0.01835985312117505,0.010279001468428861,0.015625,-0.009541441184847677
2014-06-30,0.04064125502091298,0.08712600084281497,0.04491784844130686,0.08961348232276967,0.02713617335631624,0.06865040404803269,0.08324324324324328,0.08351409978308033,0.08843537414965996,0.0902777777777779,0.1792303637322088,0.5126582278481013,-2.1096305269533615,-4.508152173913043,0.4830682881197381,0.1194638069705094,-0.0305917753259779,0.008948545861297674,0.021211189671072717,0.10689655172413803,0.09432799013563509,0.06316812439261432,-0.012884455527847116,0.018895348837209225,-0.015384615384615441,-0.002300503235082685
2014-09-30,-0.03801792159586459,-0.05412346157573411,-0.01961018773167522,-0.0723580242762516,-0.09747794399693133,-0.042473498233215556,0.01896207584830334,0.018018018018018056,0.03749999999999987,0.03821656050955413,-0.08270004470272685,-0.5669456066945606,-2.7685589519650655,-1.714562354763749,-0.2327488331020563,0.004502346968100479,0.009311950336264863,0.026607538802660757,-0.06411800120409394,-0.015576323987538832,-0.015211267605633738,0.0,-0.061894736842105225,0.015691868758915817,0.015625,0.019671422395157956
2014-12-31,0.002284348073099185,-0.004482352338507245,0.03450115867788761,0.010438943057015537,-0.11034372841736173,0.05129529854601822,-0.25269343780607245,-0.255653883972468,-0.24096385542168675,-0.23926380368098155,-0.08820662768031184,0.004830917874396157,-1.0194444444444444,-1.6823848238482384,0.2070042749095693,-0.06942590120160219,-0.012813941568426412,-0.06047516198704117,-0.11128980379543263,-0.006329113924050667,-0.09668192219679639,0.06398537477148092,-0.11220825852782768,-0.0589887640449438,0.0,-0.014769274256236198
2015-03-31,-0.02587357258416878,-0.009674016517868589,-0.03541374990789181,-0.04702801592710837,0.012898602651379543,-0.10825610783487782,0.46002621231979024,0.46763540290620864,0.46031746031746046,0.45967741935483875,-0.3212185996793159,-0.3846153846153846,-10.873015873015873,-0.8236695790309769,0.030241111565181944,-0.12605042016806722,0.09916926272066462,0.05747126436781613,0.01701049583785741,-0.015923566878981,-0.08169727675744132,0.0,0.039433771486349745,0.06119402985074607,-0.015384615384615441,0.03923396930139145
2015-06-30,-0.0030064250212147314,-0.006858746200410493,-0.005668275988510718,-0.03613641496649855,0.007664190543567928,-0.030310187372067365,-0.3617594254937163,-0.36093609360936096,-0.3586956521739131,-0.3591160220994476,0.6440944881889763,0.8411458333333333,0.8183279742765273,0.16216216216216206,0.03411344704482344,-0.009146341463414642,-0.02456306093528582,-0.060869565217391286,0.0092526690391459,-0.02588996763754048,-0.0675862068965517,0.06314432989690721,0.010700389105058328,-0.04219409282700426,-0.015625,0.030367865277106665
2015-09-30,-0.03979718392062448,-0.07709210767258745,-0.03196017270785634,0.00886510973990462,-0.06997425696232151,-0.11001055451814568,-0.4781997187060478,-0.48169014084507045,-0.4661016949152542,-0.4655172413793103,-0.27873563218390807,0.24752475247524752,1.0353669319186563,-7.87984496124031,-0.22695307505434092,-0.12165680473372786,-0.14430992736077475,-0.16666666666666674,-0.03737658674188993,-0.1295681063122922,-0.059911242603550185,0.0,-0.03128007699711266,-0.13803230543318634,-0.031746031746031744,-0.08520329559916939
2015-12-31,-0.005977028960731379,-0.02443310657596376,0.009698258757797396,0.01819378314558895,-0.06838198288877706,0.006203247582557969,-1.2237196765498652,-1.2364130434782608,-1.253968253968254,-1.2580645161290323,0.202523240371846,0.7505668934240364,-1.080364900086881,-1.2332394366197184,0.06847502480979162,-0.06332524925895988,-0.2654216185625353,-0.27222222222222214,-0.09999999999999998,-0.026717557251908497,0.13217938630999204,0.06222222222222218,-0.0625931445603577,-0.23850085178875646,-0.049180327868852514,-0.04188328329794244
2016-03-31,-0.0024204746678216926,-0.019466558196292616,-0.016632081997107417,-0.0033456259742234984,0.05854547910054686,-0.14224841341795103,-4.27710843373494,-4.114942528735632,-3.875,-3.875,-0.7299834345665378,-0.6295336787564767,-3.7135135135135133,-2.3864734299516908,-0.08885448916408667,-0.03898158803222085,-0.38751926040061635,-0.3893129770992366,0.09279609279609291,0.06666666666666687,0.35371785962473945,0.0,0.06094329623741368,-0.3557046979865771,-0.051724137931034364,-0.016125334352311782
2016-06-30,-8.939175297228985e-05,-0.0042076567500296536,0.0070818812545960785,0.03692542437535762,-0.028323551926511814,0.09311912060035943,1.0330882352941178,1.029520295202952,1.043478260869565,1.0217391304347827,3.7259713701431494,0.5472027972027973,0.0717131474103585,-2.529616724738676,0.14916751613999324,0.12213740458015265,-0.10062893081761015,-0.11249999999999993,-0.02905027932960902,0.025735294117646967,0.8501026694045173,0.05857740585774063,-0.02847152847152834,-0.08333333333333326,-0.036363636363636376,-0.0396924032934598
2016-09-30,-0.0242401021711367,-0.04781884187347496,-0.03666841278156108,-0.06963911268071954,0.02711397058823528,-0.11429123960549215,-0.4882459312839059,-0.48545454545454547,-0.4893617021276596,-0.4838709677419355,-0.49675465166594546,-0.8180790960451978,2.050185873605948,-1.7414578587699316,-0.09624482554701363,0.08336668000533543,-0.07272727272727264,-0.07042253521126762,0.025700038358266175,0.11827956989247324,0.2180910099889013,0.0,0.05295629820051406,-0.037878787878787956,-0.037735849056603765,0.023457089703146528
2016-12-31,-0.022224549095573365,-0.0010000312509765852,0.013248306886153527,0.033293792012653256,-0.16030680728667301,0.04519650655021845,-5.123674911660777,-5.137809187279152,-5.125,-5.125,0.41444539982803086,-0.11801242236024845,-0.7373552711761121,-2.6205837173579107,0.1725830197938818,0.09418862349175083,-1.0678733031674208,-1.0606060606060606,-0.15893792071802548,0.0641025641025641,0.18382687927107066,0.055335968379446765,-0.14111328125,0.0,-0.019607843137254943,-0.03319370900181773
2017-03-31,0.03808363675305215,0.11202177245284206,0.03899757688116967,0.05751568957599873,0.03433051686077482,0.025903488614998915,-1.1662382176520993,-1.1639624252775405,-1.1666666666666667,-1.1616161616161615,-0.06322188449848021,-0.11971830985915488,-3.039443155452436,1.1838862559241705,0.3214285714285714,0.06785191853268824,1.2444444444444445,1.25,0.025789239662072028,0.27108433734939763,0.0,0.0,-0.003979533826037551,0.0,0.020000000000000018,0.05150004087304816
2017-06-30,0.012392164953771267,0.040593001012715124,0.008483463507019895,0.018020626017731134,0.03098322048866642,0.15363469761759307,3.139175257731959,3.177083333333333,3.121212121212121,3.21875,0.5444516547696301,-0.5680000000000001,-2.7861205915813425,-0.6701388888888888,0.0802364864864864,0.04942044257112754,-1.7425742574257426,-1.8333333333333335,0.02730819245773719,0.02369668246445511,0.0,0.05277494041538988,0.0182648401826484,-0.8937007874015748,0.019607843137254832,0.022234315478504296
2017-09-30,0.0006368615462999383,0.0052445189370387,-0.02433611149912307,-0.07926634201827032,0.11549718038403878,0.007236784043773703,0.3212951432129514,0.32044887780548637,0.3161764705882353,0.3111111111111111,-0.4789915966386554,4.351851851851852,0.031210191082802652,-1.8434210526315788,-0.06264659890539481,0.15804799678682602,7.346666666666668,6.666666666666666,0.10843881856540083,0.12731481481481466,12.053877236867423,0.0,0.1149103139013452,6.74074074074074,0.03846153846153855,0.09171800136892538
2017-12-31,-0.02034114052953162,-0.02530590291784318,0.005297233666862855,0.03968652279658724,-0.12350419146349267,0.12993954262682905,-2.2243166823751177,-2.226628895184136,-2.223463687150838,-2.2372881355932206,-0.5637096774193548,0.820069204152249,-0.1704756022235948,1.074882995319813,-0.13867167135856528,0.22509321078643896,-0.15335463258785953,-0.15652173913043477,-0.1176246669204416,0.10472279260780293,-0.8573576450818826,0.05045278137128051,-0.10507792860734022,-0.20574162679425834,0.07407407407407396,-0.062486938349007204
2018-03-31,0.013669083443777374,0.030708531067211053,-0.007183998987277729,0.01748913891054915,0.11017011024311896,-0.002869106699751822,-2.2832948421862973,-2.28175519630485,-2.269406392694064,-2.251141552511416,0.7282809611829943,0.520912547528517,-0.5994043186895011,-0.7045112781954888,-0.04043094056409635,0.11862127539103984,1.8716981132075472,1.9484536082474224,0.09706643658326142,0.26765799256505574,0.3066032861423995,0.0,0.09494382022471903,1.7650602409638556,0.06896551724137945,0.013003418041313664
2018-06-30,0.0124721203886482,0.03437106834060555,0.020767587899652495,0.03277133055981318,-0.021504669209522542,0.08958705964693991,0.02279544091181762,0.02522522522522519,0.02877697841726623,0.029197080291970767,1.2973262032085562,0.585,-0.9349442379182156,-2.9516539440203564,0.09675791598334804,-0.06902878835811466,0.3856767411300921,0.40209790209790186,-0.015336217066456936,-0.1510263929618768,-0.682932616260677,0.05049261083743839,-0.03335043612108768,0.33333333333333326,0.06451612903225823,0.001540379960390137
2018-09-30,-0.009849722106169412,-0.0048394192696876726,-0.02694980092122723,-0.08010600706713777,0.0652597620807851,-0.03575761901363217,0.012903225806451646,0.011716461628588082,0.020979020979021046,0.02127659574468077,-0.35195530726256985,-0.7271293375394321,46.0,-1.8448500651890483,-0.07453416149068326,-0.02426260704091332,0.2086296823138929,0.21446384039900268,0.07268370607028762,-0.01036269430051806,-0.3033175355450237,0.0,0.0759023354564754,0.16503267973856217,0.030303030303030276,0.0818075289292517
2018-12-31,0.003835875666483357,0.0038747594528527607,0.033858052921259985,0.0839319325471517,-0.11425867507886434,0.06158401184307927,-0.3925883034163289,-0.3931673422119282,-0.38013698630136983,-0.375,0.4964080459770115,1.30635838150289,-0.12948328267477205,-0.7592592592592593,-0.01938851603281133,-0.05467716096677577,0.6084739113377793,0.6098562628336754,-0.12062546537602381,-0.11867364746945908,-0.22234156820622986,0.05041031652989458,-0.11790823877651702,0.5750350631136043,0.02941176470588225,-0.0738609437411143
2019-03-31,0.0027640143168299325,0.013548169831360202,-0.01833025500939023,-0.02941384931603941,0.09957974214687648,-0.061079347371356896,0.7959961868446139,0.7948473282442747,0.8176795580110496,0.8055555555555556,-0.46183389342294767,-0.7731829573934837,0.16969273743016755,3.6923076923076925,-0.09277566539923954,-0.031093427645151772,0.03121951219512198,0.03316326530612246,0.14309906858594412,0.10297029702970306,-0.4088397790055248,0.023995535714285587,0.09675615212527977,0.024042742653606508,0.0,0.04429824561403506
2019-06-30,0.005855752864365016,0.016945253795430215,0.016775233999493988,0.01266978238644656,-0.03886765563257111,0.0717362245655726,-0.14012738853503182,-0.13875598086124397,-0.13373860182370823,-0.12923076923076926,1.3086529884032112,3.961325966850829,-0.17850746268656714,-1.4112021857923498,0.04205085219335003,0.0019011406844107182,-0.013008514664143767,-0.014814814814814947,-0.023333333333333317,-0.12387791741472176,-0.04517133956386299,0.051498637602179764,-0.0443651198368179,-0.02086956521739125,0.014285714285714235,0.004199916001679904
