Quarter end,Assets,Current Assets,Liabilities,Current Liabilities,Shareholders equity,Revenue,Earnings,Earnings available for common stockholders,EPS basic,EPS diluted,Cash from operating activities,Cash from investing activities,Cash from financing activities,Cash change during period,Cash at end of period,Price,ROE,ROA,Book value of equity per share,P/B ratio,P/E ratio,Cumulative dividends per share,Equity to assets ratio,Net margin,Asset turnover,Current ratio
1993-12-31,1.5458214194214372,0.37478023505868285,2.120131806548908,2.4646205849518132,0.2914837273197519,0.9676684881602915,-1.5658016682113067,-1.4882184540850032,-1.4317548746518107,-0.08333333333333326,0.3993453355155483,-1.0344208938636184,-1.0156685725749826,-0.977510096086896,-0.762959783380729,-0.31048458149779734,24.91304347826087,-0.5845070422535212,0.8624999999999998,-0.5973813420621932,1.13870381586917,inf,-0.26834381551362685,27.6,0.09090909090909083,-0.6031991373112868
1994-03-31,1.5458214194214372,0.37478023505868285,2.120131806548908,2.4646205849518132,0.2914837273197519,0.9676684881602915,-1.5658016682113067,-1.4882184540850032,-1.4317548746518107,-0.08333333333333326,0.3993453355155483,-1.0344208938636184,-1.0156685725749826,-0.977510096086896,-0.762959783380729,-0.31048458149779734,24.91304347826087,-0.5845070422535212,0.8624999999999998,-0.5973813420621932,1.13870381586917,inf,-0.26834381551362685,27.6,0.09090909090909083,-0.6031991373112868
1994-06-30,0.0005570450900453938,0.12336185421856394,0.004211219520648735,0.053564489612912825,0.06278486782133097,0.9676684881602915,-1.5658016682113067,-1.4882184540850032,-1.4317548746518107,-0.08333333333333326,0.3993453355155483,-1.0344208938636184,-1.0156685725749826,-0.977510096086896,-0.07238906320035854,-0.24916943521594692,24.91304347826087,-0.5845070422535212,-0.16694630872483218,-0.5973813420621932,1.13870381586917,inf,0.12798471824259794,27.6,0.09090909090909083,0.06631035419874975
1994-09-30,0.7103142799459172,0.2926870420362515,0.36432195492354946,0.21230175617783065,2.2203548836710625,0.23293219162230971,0.34029484029484025,0.40866035182679306,-0.09032258064516141,-0.08333333333333326,-2.849707602339181,-1.3791512915129152,1.4878361075544175,-2.2321981424148607,0.09615849238946605,0.2869298842750172,24.91304347826087,-0.5845070422535212,2.047331319234643,0.5487804878048781,1.13870381586917,inf,2.275190516511431,27.6,0.09090909090909083,0.06626454846657048
1994-12-31,0.011378757744423318,-0.020118961048647188,0.04241876114702059,-0.033185115843669566,-0.018552582296391895,0.23200375410605356,-1.1536816376413077,-1.2090938200448287,-1.1205673758865249,0.0,-0.0006323110970597456,0.6399026763990268,-0.8080288214101904,2.6180904522613067,0.31739034604364114,0.05950806664903463,24.91304347826087,-0.5845070422535212,-0.026768010575016543,-0.6535433070866141,1.13870381586917,inf,-0.03154084798345391,27.6,0.09090909090909083,0.01354473747111773
1995-03-31,-0.006221329362623207,-0.109643781397473,-0.017079134333610413,-0.024593338497288952,0.008955527663760732,0.02673878266168961,-2.4155069582504973,-1.8606431852986218,-1.8823529411764706,-0.8863636363636364,-2.426130971211642,-6.706231454005935,7.965147453083111,-1.1111111111111112,-0.02676928224861974,0.11557663504742877,24.91304347826087,-0.5845070422535212,0.12258064516129052,0.15151515151515138,1.13870381586917,inf,0.13027229044313948,27.6,0.09090909090909083,-0.0871786809213112
1995-06-30,0.025816967876488572,0.06627484505236159,0.04112810636643083,0.030027794322017076,0.004967555391184542,0.06291734678735716,-0.2556179775280899,-0.3238434163701067,-0.33333333333333326,-0.33333333333333326,-0.48890860692102933,-1.4269370774830994,-2.2323564593301435,8.16875,-0.2521918514698298,0.012530767509510099,-0.49328859060402686,-0.5845070422535212,0.001814882032667775,-0.09868421052631571,1.13870381586917,inf,-0.02031176192725559,-0.42132867132867136,0.0,0.03513606613847742
1995-09-30,0.016934275167226343,0.09230121665230206,0.024349465521227964,0.0403797041391607,0.006473574600837972,0.06882591093117418,0.769811320754717,1.0736842105263156,1.0999999999999996,1.0999999999999996,-0.8984375,-0.9576735688185141,-0.6333414219849551,-1.7757327880027267,0.26160919540229877,0.09259668508287278,-0.6920529801324504,-0.5845070422535212,-0.01388888888888895,0.0875912408759123,1.13870381586917,inf,-0.010366441658630765,-0.7099697885196374,0.08333333333333348,0.04991680532445919
1995-12-31,-0.009733447510004711,-0.04598502642395774,-0.019991202481826176,-0.05085452271779911,0.0049943076526755,0.0010122779519330383,-0.9520255863539445,-1.133248730964467,-1.1904761904761905,-1.1904761904761905,-33.48717948717949,35.43884892086331,-3.2395764394440767,-1.7442882249560632,-0.15433673469387754,-0.04308252427184456,0.4516129032258065,0.30508474576271194,0.0009185548071035665,-0.02684563758389269,3.620220900594732,inf,0.015103532277710219,0.44791666666666674,0.0512820512820511,0.005150554675118713
1996-03-31,0.005777578722524712,-0.01675322177341798,0.0057996007606808675,-0.14931927975406234,0.005746746266682035,-0.08722883705757623,5.177777777777778,-2.219047619047619,-1.75,-1.75,-1.7111286503551697,-0.48193484698914113,-3.0381205673758864,0.33766233766233755,-0.24412842059900886,-0.11879095328683165,-0.2666666666666666,-0.19480519480519487,0.0015295197308047292,-0.11724137931034473,-0.3915655265416206,inf,-0.0002399808015358662,-0.27338129496402874,0.0,0.15585337012219158
1996-06-30,0.004192685408153096,0.2149885561141649,0.005642850432168389,0.4387942408076637,0.0021622421546785286,0.01740466745291447,0.47841726618705027,1.0390625,1.3333333333333335,1.3333333333333335,-0.9358120606733259,-0.23056402439024393,-0.7672901261418008,-0.3283318623124448,-0.21693272519954387,-0.043415687215159426,-0.11111111111111116,-0.08064516129032251,0.04398289554062296,-0.046875,0.33921015514809594,inf,-0.001920307249159925,-0.09900990099009888,-0.024390243902438935,-0.15557222752694033
1996-09-30,-0.010704015882057938,-0.08667020882641807,-0.062493796163839654,-0.24493172530648855,0.06206110126665365,0.1773921596178165,33.21897810218978,52.310344827586206,53.57142857142856,51.71428571428571,0.42939481268011526,-8.902922238732046,-10.423676012461058,-1.4402102496714848,0.12195121951219523,-0.14719157472417266,12.068181818181818,7.912280701754385,0.0705090696313635,-0.180327868852459,-0.052433611675317904,inf,0.07359307359307365,11.934065934065933,0.02499999999999991,0.20959534771020127
1996-12-31,-0.005802988038879686,0.007950498889398139,0.011422378894134333,0.12696024077300816,-0.027166482570040396,-0.07885315352944688,-1.161689419795222,-1.1742130228546788,-1.1780104712041886,-1.1842818428184283,-15.02016129032258,-1.182815241915267,-0.667504132231405,-3.961194029850746,-0.32186891628812464,0.01617171420170549,-0.1721739130434783,-0.155511811023622,-0.022957092101667187,-0.06000000000000005,-0.9268021594156876,inf,-0.021505376344086002,-0.16482582837723025,0.024390243902439046,-0.10563568376068388
1997-03-31,0.008500381494069398,0.028612903789985378,0.017802162614842798,-0.12664277180406214,-0.0034936162103792467,-0.054995951417004085,-0.9177660510114336,-0.860973597359736,-0.8529411764705882,-0.8529411764705882,-1.7086568881219442,0.15872471717518,-2.755418572280772,-1.5241935483870968,0.24880382775119614,0.0,-0.04621848739495804,-0.037296037296037254,-0.00419580419580412,0.03191489361702127,0.2049891540130151,inf,-0.011904761904761973,-0.04883011190233977,0.0,0.17784082424966408
1997-06-30,0.004061336148642791,0.01948548790233451,0.019190861955265648,0.04313189023899566,-0.015864036206017285,0.038797683106556624,9.427807486631016,5.231454005934718,4.999999999999999,4.999999999999999,-1.2244318181818181,-0.3579881656804734,-0.9467603081105573,-2.1423076923076922,-0.22758620689655173,-0.12181712962962965,-0.20925110132158597,-0.19370460048426152,-0.016853932584269704,-0.12371134020618557,-0.08370837083708371,inf,-0.019925857275254866,-0.21818181818181814,0.023809523809523725,-0.022692697768762593
1997-09-30,-0.004911429863137529,-0.01030704314614983,-0.03425165767338045,0.04286559181259486,0.03510561641284715,0.20340492922894193,-3.227179487179487,-2.9966666666666666,-2.9833333333333334,-2.95,-1.8354430379746836,-5.692165898617511,-20.338297872340426,-1.2845117845117846,0.08382936507936511,0.02570016474464576,-1.073816155988858,-1.006006006006006,0.034285714285714475,0.04705882352941182,0.32416502946954817,inf,0.04018912529550822,0.0,0.023255813953488413,-0.05097937475677783
1997-12-31,-0.026333904687166565,-0.037174971773310195,-0.08382865467241174,0.24580826511490295,0.04682868070927415,-0.010226462685748783,0.31936449458899374,0.33078941092296676,0.34453781512605053,0.36752136752136777,-9.816017316017316,0.4168139854645452,1.4022444713389812,3.3668639053254434,0.3377574370709382,0.08833922261484117,-11.849056603773585,-138.5,0.0395027624309392,0.05617977528089879,0.0,inf,0.0752272727272727,-0.23939808481532154,0.045454545454545414,-0.22717331875341717
1998-03-31,-0.01567763806749689,-0.058248009101251386,-0.03470624148781287,-0.1766650173181593,0.005514211422935622,-0.14476053294922575,-0.9975567190226876,-1.0243727598566308,-1.025,-1.025,-1.326540633439725,-1.1311520865104672,-1.221672620683338,-0.6097560975609756,0.09852890865549102,0.389315230224321,0.008695652173912993,0.036363636363636376,0.002923199574807356,0.32978723404255317,0.6869436201780414,inf,0.021559923906150802,0.0125899280575541,0.021739130434782483,0.1438804386275203
1998-06-30,-0.012292962521368134,0.044585277008567736,-0.003732328778548455,-0.04863097670617078,-0.021445450086940987,0.07656680161943319,-201.5,20.74264705882353,19.75,19.75,-1.7466165413533834,0.0042283298097252064,-0.9871900826446282,-0.48611111111111116,0.04609156026160077,0.20310176333120888,-0.12758620689655176,-0.09473684210526323,-0.025437201907790197,0.19999999999999996,0.1693051890941073,inf,-0.009310986964618295,-0.13143872113676736,0.042553191489361764,0.09795129493621935
1998-09-30,0.011351530202269533,0.033661886631320526,0.03316566788288067,0.11992116434202549,-0.012392928740659781,0.20915189987665084,-1.4930530815817598,-1.4173148461278322,-1.4216867469879517,-1.4096385542168675,0.4521651560926485,-0.5963157894736841,-38.854838709677416,-2.554054054054054,-0.06847275974992562,0.04750132438636756,-0.44466403162055335,-0.39922480620155043,0.016585100598151215,0.07333333333333347,0.17412561113200442,inf,-0.023391812865497075,-0.458077709611452,0.020408163265306145,-0.07703140402760167
1998-12-31,-0.15106902365981068,-0.12828324555062132,-0.21918363212802594,0.2708361536031767,-0.07350679707203056,-0.5855788609390162,-0.8663294797687862,-0.7058346839546191,-0.8571428571428571,-0.8235294117647058,1.229889042995839,-61.942633637548894,19.72006817213464,-20.756521739130434,1.4522211569191437,0.051078894133513186,-1.4128113879003559,-1.2967741935483872,-0.07408397967370961,0.03726708074534146,0.8664317745035235,inf,0.09131736526946099,0.0,-0.09999999999999998,-0.31408300274641443
1999-03-31,-0.023702944551964755,-0.1322539243755554,0.0005707614476586631,-0.3135674466498597,-0.04699741070242991,0.7717939481268012,1.427027027027027,-0.10468319559228645,0.0,-0.16666666666666663,-2.43850101072928,-1.0626617889309629,-1.1713756940160396,-1.8463908450704225,-0.5012381076502019,0.2960705693664796,-0.2844827586206896,-0.32608695652173914,-0.038994800693240794,0.39520958083832336,0.0,inf,-0.023907505388986894,0.0,0.04444444444444429,0.2641530419308198
1999-06-30,0.03253316213660451,0.09570619154891125,0.08802862550885471,0.10891268363335405,-0.02338178049863715,0.017688319609637126,0.32071269487750564,0.8246153846153845,0.7999999999999998,0.5999999999999999,-1.0207545130256188,0.3045407989074769,-0.2846172306215503,-1.6066042641705667,0.609615887117847,0.057294889246380265,-3.5421686746987953,-4.419354838709678,-0.03216110610159306,0.10300429184549342,0.0,inf,-0.05420598273439059,-0.18490566037735845,0.0,-0.011877529473869441
1999-09-30,0.019526622247241887,0.03461881918052878,0.06049918179940583,-0.023836734693877593,-0.026465028355387554,0.109446275763327,0.6306913996627319,0.6306913996627319,0.5555555555555558,0.7500000000000002,31.166666666666664,-0.5260403035854488,-1.6345186179134519,-0.7505357908272611,0.09448051948051939,0.030781835205992536,-0.06635071090047406,-0.12264150943396235,-0.027018633540372816,0.0661478599221792,1.0991934099879868,inf,-0.04500106134578641,-0.05092592592592593,-0.02127659574468077,0.0599234262309678
1999-12-31,0.008991190117108028,0.04343637093536734,-0.09305478569609449,0.05122691324397288,0.01960065946143974,0.07214885954381756,0.37642192347466397,0.37642192347466397,0.2857142857142856,0.2857142857142856,-0.05699481865284972,0.38873550524572065,-0.14274385408406032,-0.8865979381443299,0.00978938000593299,0.14397638242307265,0.4568527918781726,0.5053763440860217,0.017235876157038144,0.17518248175182483,0.24795618051013757,inf,0.010446765947988323,0.2195121951219512,0.17391304347826098,-0.0074764784946236285
2000-03-31,-0.0066526725039205425,-0.04747614650661747,0.14720141395287367,-0.09368820601404637,-0.06276500179662237,-0.1530063822640242,-0.42900075131480087,-0.42900075131480087,-0.38888888888888884,-0.38888888888888884,-0.8135302197802198,-0.22982107355864811,-1.3139068763490596,1.5303030303030303,0.024529964747356026,0.12029776674937964,0.16376306620209058,0.07857142857142851,-0.03765296517100725,0.0993788819875776,-0.1784474287585982,inf,-0.05653321601407835,0.1279999999999999,-0.01851851851851849,0.05103681760473977
2000-06-30,2.442152650728719,0.45492366103885606,0.9837871304948813,0.7787836990595611,3.7175677877565105,0.6235375768391831,-7.521052631578947,-7.521052631578947,-4.727272727272727,-4.727272727272727,2.9318600368324126,1.2612287041817245,1.1660117878192535,11.544910179640718,0.3003584229390681,0.03933729068840264,-1.278443113772455,-1.3178807947019866,1.116400391261819,0.07909604519774005,-0.08292799617255397,inf,0.37071578456516674,0.0,-0.28301886792452835,-0.18207440811724918
2000-09-30,-0.015548484805052665,0.04380777879570252,-0.01220459296248988,-0.004751230103342774,-0.02081479404629849,0.21363867684478377,-1.0673930589184826,-1.0673930589184826,-1.048780487804878,-1.048780487804878,0.42693208430913354,2.5773972602739725,3.731519274376417,-0.5909307875894988,0.09448732083792732,0.11721080896769243,-0.0860215053763439,-0.02083333333333326,-0.018487136034509244,-0.47120418848167533,27.488827058516648,inf,-0.005443102568464031,0.0,-0.13157894736842102,0.04873486265629601
2000-12-31,0.002701902615034113,0.04157025452804586,0.01543412849159953,0.09901971894832284,-0.004739051318282117,0.030426031533042686,-13.87125748502994,-13.87125748502994,-15.499999999999998,-15.499999999999998,0.9340226489414081,-0.5773182717467611,-1.5504648710821431,-1.6791131855309218,-0.0586279842852826,-0.20364718449565078,1.4705882352941178,1.5531914893617023,-0.15507769580913522,-0.18811881188118817,0.0,inf,-0.007354198734393691,0.0,-0.12121212121212133,-0.05219677055951921
2001-03-31,0.11983747569455794,0.0030386599254379476,0.00741705560982675,0.0018432110541104496,0.3229602079767506,-0.06367809356382459,-0.9830193068155385,-0.9830193068155385,-1.0,-1.0,-0.6154107264086898,-0.2314661029744829,-1.1203203900400487,-1.2285223367697595,0.014232209737827795,-0.06199099358053084,-0.18095238095238098,-0.125,0.3243544491919006,0.10975609756097571,0.0,inf,0.1814266023432114,0.0,-0.06896551724137923,0.0011885895404120106
2001-06-30,-0.0047001519175539075,-0.10408339909880093,-0.010982617440022935,0.0020585397233836566,-0.002045437712639653,-0.006136782448454503,-3.287671232876712,-3.287671232876712,inf,inf,1.0948808473080316,-0.593713163064833,-12.960926193921852,-7.30827067669173,-0.08852078497573324,0.018283963227783362,-0.5988372093023255,-0.5809523809523809,-0.0029457146864918515,-0.23076923076923084,0.0,inf,0.0026250546886392723,0.0,0.0,-0.10595567867036004
2001-09-30,-0.005780804905162196,0.005285217020672084,0.0004539149254489949,-0.018707068113243852,-0.007974292774974967,-0.0005422519197466613,-12.401197604790418,-12.401197604790418,-12.0,-12.0,-0.42816515694122603,-0.20986460348162472,-0.13115547489413193,3.035756853396901,-0.3919435119805533,-0.17724947336743913,0.49275362318840576,0.5454545454545452,-0.0032357906584130625,-0.1785714285714286,0.0,inf,-0.0021818181818182847,0.0,-0.03703703703703709,0.024455018258271455
2001-12-31,-0.008438274914366994,0.018471670647427052,-0.024297023306122933,-0.01061129429005081,-0.0016984090348356462,0.057072351149847655,-0.7767857142857143,-0.7767857142857143,-0.7272727272727273,-0.7272727272727273,1.8800884140725733,0.9051407588739291,0.462470408021167,-1.5968694624926165,0.3847325337902152,-0.014264813460131642,-0.6601941747572815,-0.6470588235294118,0.003528581510232831,-0.008695652173913104,0.0,inf,0.006705539358600632,0.0,-0.03846153846153855,0.029379995679412296
2002-03-31,-0.026081958024400387,-0.052647646536412074,-0.027892996246461244,-0.06194374280915671,-0.018843435889586257,-0.060878491365751075,25.2,25.2,20.333333333333336,20.0,-0.6985162445638271,-0.5566977192418889,-0.5091411159779089,-1.901039089559624,-0.25034368985427546,0.09325912183055052,5.057142857142857,5.125,-0.020675105485232104,0.08771929824561409,0.0,inf,0.007529684332464592,0.0,0.040000000000000036,0.009968520461699937
2002-06-30,0.00625159710271439,-0.0051559982422733075,-0.005388133096071779,0.0038205066753134176,0.010922239375964926,0.03125771305666225,-1.4907947911989223,-1.4907947911989223,-1.484375,-1.492063492063492,1.4255409418752651,4.6326086956521735,-0.5022308438409311,-1.6013179571663922,0.2008068952869979,0.022174454123769616,-0.39622641509433965,-0.3945578231292517,0.012494614390349046,0.048387096774193505,0.0,inf,0.004599022707674649,0.0,0.0,-0.008935064935065018
2002-09-30,0.008920796050982949,0.06930416089990876,0.015855671451711517,0.0037357451828547994,0.005825701567827357,0.07812633558423787,0.1716376944190301,0.1716376944190301,0.19354838709677424,0.16129032258064502,-0.7036907468952247,-0.6655088125562846,-0.17147310989867504,-2.221917808219178,-0.20433720219914475,-0.17221914775871594,-1.0390625,-1.0337078651685394,0.007943262411347574,-0.18461538461538463,0.0,inf,-0.0030042918454936673,-0.9539007092198581,0.03846153846153855,0.0653108292273823
2002-12-31,-0.00037866891195059704,-0.013177280550774495,0.0006968957837805156,0.02715824821603463,-0.0013057480082148132,0.0746848489653531,0.018897391847571443,0.018897391847571443,0.0,0.0277777777777779,2.4557260920897286,0.0707692307692307,2.67826904985889,-1.8251121076233185,0.21190019193857967,0.13344029950528125,22.4,26.0,0.0012665353222629516,0.12264150943396213,0.2936059819929804,inf,-0.001004448270913949,21.692307692307693,0.03703703703703698,-0.03926392442432591
2003-03-31,-0.006560138689888584,-0.07626834849584196,-0.03818146034245229,-0.05466483224584873,0.006462061394384211,-0.1072224271486536,-0.3208154506437768,-0.3208154506437768,-0.32432432432432434,-0.32432432432432434,-0.4026306798770072,-0.4267241379310345,-0.35153452685421993,-0.7038043478260869,0.05178967374089316,-0.08918249380677135,2.1196581196581192,2.148148148148148,0.00674631061138431,-0.08403361344537807,-0.9777845936062286,inf,0.013070956621660468,2.0949152542372884,0.0,-0.02294376728464609
2003-06-30,0.0173879105572341,0.07058699132956714,0.03020572633832308,0.02880486469350707,0.012221027927417971,0.060735770476631146,0.4886030241480479,0.4886030241480479,0.52,0.48,0.44595367457821,7.453634085213032,-2.0946558864129363,5.6422018348623855,0.32705917783466343,0.09649009195700042,0.043835616438356206,0.04705882352941182,0.012704174228675313,0.08256880733944949,-0.6515505522514868,inf,-0.004962427335885478,0.026286966046002114,0.0,0.04067512317853028
2003-09-30,0.0024218493360583793,0.059880070546737274,-0.0089763177998472,0.04214462792554308,0.0072588524698320445,0.028278516117975272,0.06064281382656156,0.06064281382656156,0.05263157894736836,0.08108108108108114,-0.17185800454860078,-0.885117106433442,-2.4500090073860568,-1.56353591160221,-0.13888573697946216,0.0007087172218285254,0.018372703412073532,0.01872659176029945,0.01061483319547829,-0.008474576271186418,-0.04358427308747348,inf,0.004702194357366629,0.01387406616862319,0.03571428571428559,0.01702427722373323
2003-12-31,-0.01195352750026113,0.029872602137941184,0.002755829639622176,0.019380157514178986,-0.014305475630162934,0.13888299645443802,-1.5508862206975413,-1.5508862206975413,-1.5499999999999998,-1.5499999999999998,0.13337313432835818,0.3561290322580646,-0.19592495962231338,-1.75,0.12096455395967842,-0.03623701605287999,-0.42525773195876293,-0.4227941176470589,-0.008320829354794723,-0.0512820512820511,-0.06405353728489482,inf,-0.002269181676357923,-0.43894736842105264,0.0,0.010301109350237647
2004-03-31,-0.0013021920232391127,-0.03431873117640216,-0.01628197490054384,-0.052657947473895184,0.004556601534688731,-0.0989835559576393,-2.8435391800726517,-2.8435391800726517,-2.8636363636363633,-2.8636363636363633,-0.021702486304256197,-0.36441484300666027,-0.09394313967861556,1.272331154684096,0.2452098272011285,0.0025719534598895866,0.18834080717488777,0.19108280254777088,0.00811554332874831,0.018018018018017834,0.741913517194416,0.5,0.0058280028429282815,0.1575984990619137,0.034482758620689724,0.019313725490196054
2004-06-30,-0.0006686615068287605,0.05959201156502658,-0.02105271383860363,-0.03625407075458564,0.0074401902571936684,0.010247475045773946,0.060942997888810746,0.060942997888810746,0.07317073170731714,0.04878048780487809,0.23928494507861298,0.0553892215568863,-0.39324693042291947,2.135186960690316,0.6173888416879072,-0.045687759589543075,0.05283018867924527,0.05882352941176472,0.0061399918133440146,-0.05309734513274322,-0.20465207193119628,0.33333333333333326,0.008055398530243174,0.03889789303079416,0.03333333333333344,0.09945176493219199
2004-09-30,0.009983104999916392,0.19345629105608886,0.08034213960988423,0.1036693670666724,-0.007571280723641216,-0.1983688503025519,-1.6468559299548953,-1.6468559299548953,-1.6363636363636365,-1.6511627906976745,-0.3314216197427876,-3.1858156028368794,-0.5874086565486228,0.4232415902140674,0.5432790521216366,-0.11290322580645173,-0.6666666666666667,-0.6666666666666667,0.009764035801464566,-0.12149532710280386,-0.16515114278692555,0.25,-0.017383989906070485,-0.6536661466458659,-0.032258064516129115,0.0813577114863091
2004-12-31,-0.24914676144764025,-0.20681880729089486,-0.040636199061587885,-0.09987177474224107,-0.33800296466192303,-0.3751413047441928,36.815627563576705,36.815627563576705,38.32142857142857,38.32142857142857,0.029113595009097937,-2.8406878650227125,12.217983651226158,-2.843467984529437,-0.6489542755569002,0.03318903318903321,-33.23655913978495,-32.31818181818181,-0.3064732742412033,0.02127659574468077,2.0994995584339127,0.2333333333333334,-0.11827650164074754,0.0,-0.09999999999999987,-0.11876061807297145
2005-03-31,-0.01668914139668809,-0.11712817775405349,-0.009400356605088755,-0.03068536957627732,-0.02113301113879351,0.6272358553879374,-1.0317264045035224,-1.0317264045035224,-1.0326975476839237,-1.0326975476839237,0.15092194998737063,-0.9911863211704566,-0.2954545454545454,-0.7314528818695728,-0.4964447317388494,-0.6417597765363128,0.114076050700467,0.08030962747943882,-0.011812548412083679,-0.47916666666666663,0.0,0.18918918918918926,-0.0045307443365696365,0.0,0.0,-0.08923161663453594
2005-06-30,0.004947104269045877,0.016566401644547923,0.02290168331843101,-0.004918721132505577,-0.006198919686310367,0.053687664747969155,0.28854700854700854,0.28854700854700854,0.3055555555555556,0.3055555555555556,0.13617908482387797,97.04,-0.7474946968034526,-1.4340277777777777,0.42789901583226353,-0.00038986354775816245,0.12335329341317358,0.07657859381997323,0.010777973740936586,0.0,0.0,0.15909090909090917,-0.011053315994798307,0.0,0.03703703703703698,0.021570406209051596
2005-09-30,0.0017336773901681646,0.039804323906384775,0.02444882772564716,-0.004792332268370614,-0.012876334354177454,0.011368084273582824,-0.06009551605200314,-0.06009551605200314,-0.04255319148936165,-0.04255319148936165,-0.021730732084218607,-1.48531211750306,2.207995365005794,-0.28300000000000003,0.2148636499850165,0.07878315132605307,0.06289978678038377,0.012479201331114798,0.012407910042652182,0.08000000000000007,0.0,0.13725490196078427,-0.014628533859303072,0.0,0.10714285714285698,0.04489393191909241
2005-12-31,-0.3607696387267566,-0.028256424189558316,-0.21014342209724213,-0.1855295435961113,-0.4613528006581621,-0.3558532029817093,-13.895412844036697,-13.895412844036697,-27.666666666666664,-27.666666666666664,-0.42995359857833937,20.12274064733081,3.296550478598519,4.889121338912134,1.0415638875185,0.07302964569775838,-0.506519558676028,-0.5234182415776499,-0.460934507851398,0.05555555555555536,0.0,0.12068965517241392,-0.15729774812343622,0.0,0.12903225806451601,0.19301227573182245
2006-03-31,-0.012231115325264441,-0.0881759988227504,-0.043060650324786676,-0.17389283456661586,0.01796476054653362,-0.06434001201640505,-1.0248347270259621,-1.0248347270259621,-1.025,-1.025,0.12192587461032223,-1.0325764661399772,-0.8208070617906683,-1.4363528715216103,-0.22261825650939404,-0.13443396226415094,0.20985772357723587,0.16724137931034466,0.01740674955595023,0.5964912280701757,0.0,0.12307692307692308,0.030482977038796433,0.0,0.0,0.10376761120785183
2006-06-30,0.013321318579968988,0.21202975969530202,-0.02049170270097822,-0.039835257578826555,0.04445147440967112,-0.027555977441509838,2.4451300132216836,2.4451300132216836,2.4000000000000004,2.4000000000000004,0.06468045693115165,-8.77031154551008,-0.7810227539291579,-5.8168249660786975,1.3793907367112217,0.010120669521214376,0.16127677446451072,0.11890694239290989,0.03386871508379885,0.0,0.0,0.12328767123287676,0.030733768728390398,0.0,-0.02857142857142847,0.26231624238078166
2006-09-30,0.009665772762627922,0.04825501657767539,0.014075543930328838,-0.003914398893654969,0.005906252839544601,-0.029944589589733228,-0.5946015095305104,-0.5946015095305104,-0.5980392156862746,-0.5980392156862746,-0.4094533855299406,-1.1351415094339623,-0.3540439207284414,-0.9353239436619718,0.03749428440786473,0.06551059730250475,0.25244122965641935,0.1986798679867987,0.004728132387706863,0.0219780219780219,0.0,0.12195121951219523,-0.00372717107715248,0.0,-0.02941176470588236,0.05237743566437536
2006-12-31,0.0005289082873030093,0.034499841219434835,-0.012462013588634968,0.035273908132530174,0.01182487654639619,0.14730081685805607,0.057115809403597284,0.057115809403597284,0.07317073170731714,0.024390243902439046,-0.6474343235944022,-0.29377545084351364,0.029850746268656803,-1.8885017421602788,-0.03210980293395449,0.07992766726943956,-1.2084897487727404,-1.2120044052863437,0.007058823529411784,0.07526881720430101,0.0,0.10869565217391308,0.011223344556677839,4.225225225225225,0.0,-0.0007557354925776805
2007-03-31,-0.004210642444746782,0.013924190518289414,0.04373214312519691,0.2104557336060917,-0.04493569986183443,-0.0564168708886883,-0.36268656716417913,-0.36268656716417913,-0.36363636363636354,-0.33333333333333326,4.905292479108635,-3.2891268533772653,5.617552334943639,-3.980392156862745,0.0988746503610225,0.021433355659745468,-0.012465373961218829,-0.012987012987012991,0.02369826435246991,0.020000000000000018,-0.8652293665115396,0.1078431372549018,-0.04088050314465408,-0.01379310344827589,0.0,-0.16233590837880174
2007-06-30,-0.014628764517975568,-0.10035725098395398,-0.03841931416682243,-0.1743343223044278,0.007469230598028176,-0.07734157143638254,0.8922716627634661,0.8922716627634661,1.0,0.9642857142857142,-0.19575471698113212,-2.1547319179560995,0.14721985643022273,-2.9138157894736842,-0.1722015035813651,0.058032786885245935,-0.2244039270687237,-0.22894736842105257,0.003260515161395361,0.02941176470588247,0.06765327695560264,0.09734513274336298,0.022565091610414756,-0.22377622377622375,0.0,0.08957822778279367
2007-09-30,-0.037246028511330076,-0.22688724962308848,-0.007747570782584368,-0.030429838526267905,-0.06341099176876552,-0.02770452457850603,-0.15024752475247527,-0.15024752475247527,-0.1250000000000001,-0.12727272727272743,-0.46348973607038124,-0.7220317856029916,0.9593806342135964,1.6998968717772431,-0.561641876430206,-0.002169197396963085,0.04339963833634708,0.03754266211604107,0.005524861878453136,0.0,0.2805280528052805,0.10080645161290325,-0.027348170501697355,0.028153153153153143,0.0,-0.20260432080497193
2007-12-31,-0.01633752375205888,0.05007574042797702,-0.04754176610978522,0.03316757365359346,0.012939838947830129,0.14548668251356123,-0.16632682784736386,-0.16632682784736386,-0.12244897959183676,-0.10416666666666663,-0.20934681606996453,-0.9674887892376681,-0.9104194857916103,-1.0769671504965623,0.09861337683523663,-0.10931677018633545,-0.01559792027729634,-0.019736842105263164,0.019392372333548735,-0.11428571428571432,-0.14536082474226808,0.09157509157509147,0.029862323056040196,-0.0295728368017526,0.030303030303030276,0.016330166270783764
2008-03-31,0.014867598973044904,0.15932945331542547,0.021433507593781487,0.0754438541524769,0.009062796892755243,-0.02785463445780567,-0.1464011180992313,-0.1464011180992313,-0.13953488372093026,-0.16279069767441867,2.549256826823367,-15.689655172413794,-0.04894259818731117,6.543424317617866,0.6771104016630782,-0.1617852161785216,0.035211267605633756,0.03691275167785246,0.00887761572606216,-0.18279569892473124,-0.166465621230398,0.08389261744966436,-0.005648653737525877,0.02483069977426644,0.0,0.07800175284837851
2008-06-30,0.005276459678343226,-0.2514660030321233,-0.0022775866877382533,-0.007705461377694234,0.012009046014676672,-0.07126241755835905,0.6717151043798608,0.6717151043798608,0.6486486486486487,0.6944444444444444,-0.41994546162836,-43.98826291079812,0.32973316391359586,-2.5844298245614032,-0.6396918854309619,-0.07861896838602334,0.011904761904761862,0.012944983818770295,0.013513513513513598,-0.07894736842105265,-0.11939218523878437,0.08359133126934992,0.0066275326642679655,0.0022026431718060735,0.0,-0.24566395663956642
2008-09-30,-0.34120850081701326,-0.0030189544481810104,-0.06837487382560758,-0.0059994894051570435,-0.5816383304753914,-0.0053039455461590945,-31.514691478942215,-31.514691478942215,-31.45901639344262,-31.45901639344262,-0.8467092008059101,-0.909135586741659,-0.11275680840898228,-0.8195155709342561,-0.32043248556333703,-0.24288939051918734,-11.435294117647059,-10.824281150159743,-0.5813953488372092,-0.2571428571428571,-0.2670501232539031,0.07714285714285718,-0.36493604213694497,0.0,0.11764705882352944,0.0030537093587210684
2008-12-31,-0.010466002053456047,-0.004791291348844373,0.016357736587100602,0.027545909849749473,-0.06281135880525424,0.04479071007494739,-1.0109210251801448,-1.0109210251801448,-1.0107642626480087,-1.011302475780409,3.740416210295728,0.19591346153846145,0.9784598815293484,-0.4877300613496932,-0.24154764057132527,-0.4347048300536672,0.225479143179256,0.11382113821138229,-0.06222222222222218,0.34615384615384603,0.0,0.07161803713527859,-0.053021327014218134,0.0,0.07894736842105265,-0.03151862464183397
2009-03-31,-0.01798113004057378,-0.04415729471576024,-0.019456593046140336,-0.07069507800620722,-0.014841868958859195,-0.10405738750744276,-1.4063188831741367,-1.4063188831741367,-1.4,-1.380952380952381,-1.0496765249537894,-0.45879396984924625,-0.862003266194883,0.346556886227545,-0.42884386174016687,-0.3554852320675106,0.30674201603364426,0.148905109489051,-0.01579778830963663,-0.3142857142857143,0.0,0.012376237623762387,0.003440725680325274,0.0,0.07317073170731714,0.02856878698224863
2009-06-30,-0.014386990736883543,-0.05085121386118663,-0.029008535857850903,-0.07275579961896228,0.016576738255192014,-0.04860913320041771,-1.2784810126582278,-1.2784810126582278,-1.25,-1.25,-20.386046511627907,-0.27483751160631387,3.670611439842209,-1.566425792106726,0.4252921535893155,0.0556464811783961,0.0,0.18043202033036843,0.019261637239165186,0.08333333333333348,0.0,0.012224938875305513,0.03117206982543652,0.0,0.11363636363636354,0.023640449438202316
2009-09-30,0.020541076389289037,0.0828256670416676,0.017139608860919475,0.02023254127486762,0.027421284305640947,0.11432658084688829,12.480519480519481,12.480519480519481,14.5,14.0,-0.5858925143953935,-1.0038412291933418,-0.8285472972972973,0.29833169774288515,0.3874084919472913,0.462015503875969,-1.0354017902041637,-1.0247578040904197,0.02834645669291347,0.4230769230769229,0.0,0.012077294685990614,0.006952841596130632,-0.743956043956044,0.0,0.061380400421496395
2009-12-31,0.015116432296078841,0.1049928449610884,0.012887892832344594,0.12460313699474002,0.0195790282833308,0.04429850746268649,-0.7167630057803468,-0.7167630057803468,-0.7096774193548387,-0.7,1.1523754345307067,-213.33333333333334,0.5985221674876848,0.835978835978836,0.5126635711270577,0.37115588547189815,-0.2642045454545455,-0.25217391304347825,0.019908116385911168,0.33783783783783794,2.22085201793722,0.01193317422434359,0.004202942059441606,-0.2532188841201718,0.0,-0.017456771738231236
2010-03-31,-0.007636673837252417,0.012116588905249248,-0.01296356157970413,-0.0072053091751816956,0.0029602856065813477,0.009289961125085844,-1.445578231292517,-1.445578231292517,-1.4444444444444444,-1.4444444444444444,0.8861372812920592,0.15541601255886972,6.258859784283513,-0.3577603952243722,0.2176642946839682,0.05491105955143083,0.11196911196911197,0.11627906976744184,-0.0015015015015015232,0.030303030303030276,0.4385659589279498,0.011792452830188704,0.010762331838565009,0.09770114942528729,0.020408163265306145,0.019450993600538924
2010-06-30,-0.027728256360231907,-0.08127673000070113,-0.04962168266516087,-0.17074464698767056,0.015133593482274055,-0.056614460902319474,-6.729007633587786,-6.729007633587786,-6.5,-6.5,-0.21464250035678611,0.0013586956521738358,0.08511993207386959,-1.221794871794872,-0.039647072304342834,0.09384164222873892,0.5034722222222221,0.53125,0.014285714285714235,0.0980392156862746,-0.02443745463343816,0.011655011655011593,0.044069801833776845,0.49214659685863893,0.040000000000000036,0.10787147930949015
2010-09-30,0.01823619407861865,0.08341123724124766,0.007747516516944719,0.187655142411137,0.03746052488293583,-0.010057039927949596,1.1139240506329116,1.1139240506329116,1.1363636363636362,1.0909090909090908,-0.413047428675268,-0.2876526458616011,-0.9284037558685446,-7.7601156069364166,0.27908364157021825,-0.04557640750670244,0.25635103926097,0.2789115646258504,0.03706449221645669,-0.0535714285714286,-0.3804563492063492,0.011520737327188835,0.0189801699716714,0.28421052631578947,-0.019230769230769273,-0.08775068962946386
2010-12-31,-0.013062222994042694,-0.06057724479194182,-0.03770870672578064,-0.13262227968110318,0.03081767607851371,0.18283548142532213,-0.10809959029309801,-0.10809959029309801,-0.10638297872340419,-0.10869565217391308,-0.5012383900928792,2.1942857142857144,14.994535519125684,-3.5309961522017956,-0.5522388059701493,0.2556179775280898,0.41727941176470607,0.4627659574468084,0.044317369549678354,0.2075471698113207,-0.019615692554043274,0.011389521640091216,0.04448151237142062,0.4071038251366119,0.03921568627450989,0.08303367113435756
2011-03-31,0.008774949698958867,0.05666672915065507,0.01654209043009436,0.04210657061234624,-0.0041341669551758775,-0.100092298225823,-0.28621908127208484,-0.28621908127208484,-0.2857142857142857,-0.29268292682926833,4.549348230912477,-0.38580799045915326,-0.4892381277758797,-1.8310810810810811,1.025,0.2628635346756152,0.28923476005188076,0.32000000000000006,0.000684462696783017,0.2109375,-0.12209064924458957,0.011261261261261257,-0.013042321000798385,0.31650485436893216,0.0,0.01396015695744035
2011-06-30,-0.005422417715759131,0.010289160901188588,-0.01874397299903563,-0.06293206197854584,0.01717791411042935,0.02165242165242165,0.9554455445544554,0.9554455445544554,0.9666666666666666,1.0,-0.21700223713646527,-0.3398058252427184,-0.137123745819398,-0.23983739837398377,0.3847736625514404,0.16209034543844103,0.2334004024144869,0.2534435261707988,0.015731874145006763,0.1548387096774193,-0.11581395348837198,0.022271714922048824,0.02292340884573907,0.2359882005899705,0.018867924528301883,0.07814244250948899
2011-09-30,-0.004384459948911457,-0.04021071115013164,-0.003992383760211271,0.008394810480793602,-0.005026135906714968,-0.061628555493586146,-0.14430379746835442,-0.14430379746835442,-0.13559322033898302,-0.13793103448275856,-0.8771428571428571,0.1470588235294117,0.5775193798449612,-2.0668449197860963,-0.29643387815750366,-0.05182926829268286,0.007340946166394691,0.0219780219780219,0.018855218855218903,-0.06145251396648055,-0.24776433456075753,0.02178649237472774,-0.0007909306617454037,0.01193317422434359,0.0185185185185186,-0.0481811279077794
2011-12-31,0.0031783717546143286,0.014087083790706112,0.004501726689689178,-0.00782038345105951,0.00101030511214395,0.12451708766716196,0.09467455621301779,0.09467455621301779,0.11764705882352922,0.10000000000000009,-0.19767441860465118,0.7948717948717949,-0.46928746928746934,-0.2807017543859649,-0.30306230200633577,-0.08159163987138252,0.06882591093117418,0.07096774193548372,0.008592200925313875,-0.10119047619047616,-0.10209790209790215,0.021321961620468954,-0.0021108179419525586,0.08018867924528306,-0.018181818181818188,0.02211908042642685
2012-03-31,0.0074817727220675145,0.04329785314811474,0.006139112284363701,0.05517416730231384,0.00968914008881705,0.03699788583509522,-0.018918918918918948,-0.018918918918918948,-0.01754385964912264,-0.018181818181818188,8.36231884057971,0.0,0.7222222222222223,-1.4668989547038327,0.20303030303030312,0.33741794310722084,0.11742424242424221,0.1224899598393574,0.011140235910878094,0.32450331125827825,0.2398753894080996,0.020876826722338038,0.0021152829190904665,0.09170305676855905,0.03703703703703698,-0.0112813963388676
2012-06-30,0.014700867654302341,0.10357945702922366,0.01671853072182561,0.05397590361445781,0.01139544182327068,-0.11416921508664624,0.1763085399449036,0.1763085399449036,0.1785714285714286,0.20370370370370372,-0.052631578947368474,-0.6142857142857143,-2.4408602150537635,7.164179104477611,1.3778337531486144,0.06053664921465951,0.017627118644067963,0.01610017889087656,0.024627349319507497,0.050000000000000044,-0.061557788944723635,0.020449897750511425,-0.0031662269129286713,0.029999999999999805,-0.017857142857142905,0.04707570864729105
2012-09-30,-0.014525223105933294,-0.0930742713882795,-0.033607393626597815,-0.1625514403292181,0.016900573235817395,-0.01668584579976984,-0.08430913348946134,-0.08430913348946134,-0.0757575757575758,-0.07692307692307698,-0.6372549019607843,-0.537037037037037,-3.123134328358209,-1.860146252285192,-0.4984110169491526,0.051835853131749765,0.025316455696202445,0.03345070422535201,0.02403542061986097,0.028571428571428692,0.018741633199464536,0.024048096192384794,0.03202752779248286,0.03106796116504862,0.0,0.08292783222534439
2012-12-31,0.002803879963625411,-0.011748445058742174,0.009315034465627425,0.07589407589407582,-0.007386529303139322,0.08191925102399056,0.005115089514066584,0.005115089514066584,0.016393442622950838,0.0,0.5090090090090089,8.28,-0.6994727592267136,-0.7460148777895855,-0.25237592397043296,0.025814021707245338,0.007147498375568384,0.011925042589437718,0.002470660901791266,0.0,-0.018396846254927768,0.023483365949119372,-0.01025904077968709,0.020715630885122405,0.0,-0.08145054110499339
2013-03-31,-0.01341343610670298,-0.08059440559440556,0.028548575647572738,0.12661760974371994,-0.08019191226867717,0.09248242293131415,0.12722646310432562,0.12722646310432562,0.14516129032258052,0.1499999999999999,0.7522388059701492,-0.7672413793103449,1.4327485380116958,0.2510460251046025,-0.422316384180791,0.21303974835573358,0.06645161290322577,0.05387205387205385,-0.05668515095502158,0.20833333333333326,0.18808567603748338,0.022944550669215857,-0.06763410209898946,0.04243542435424352,0.0,-0.18389141518533825
2013-06-30,-0.016008578759909575,-0.09298345693097543,-0.037387090985224636,-0.1385135135135135,0.02203534170747279,-0.08440594059405937,0.06546275395033851,0.06546275395033851,0.09859154929577474,0.10144927536231885,-0.2095400340715503,2.259259259259259,-0.5012019230769231,-0.5752508361204014,-0.3105134474327629,0.13437057991513424,0.04113732607380527,0.036741214057507854,0.036577400391900605,0.20306513409961702,0.0670422535211268,0.02242990654205612,0.03863257365202877,0.012389380530973382,0.036363636363636154,0.05284930350358796
2013-09-30,0.007862063597088742,0.025576519916142626,0.00820283370618946,-0.018823529411764683,0.0072909071971669626,-0.0175723168423898,0.04661016949152552,0.04661016949152552,0.0512820512820511,0.05263157894736836,-0.42025862068965514,-1.6477272727272727,0.05783132530120483,-0.5590551181102362,-0.1985815602836879,0.10058187863674162,0.0772806507844277,0.0662557781201849,0.015752993068683052,0.06369426751592355,0.05491024287222812,0.021937842778793515,-0.0005351886540004847,0.045454545454545414,0.01754385964912286,0.045224921818619146
2013-12-31,0.018999806912531447,0.09771054783319699,0.012142504930966469,0.1209698907540635,0.030503567366352957,0.07622454595487071,-0.04858299595141702,-0.04858299595141702,-0.04878048780487798,-0.050000000000000044,1.0557620817843865,-2.3684210526315788,-0.4851936218678815,-4.053571428571429,0.7566371681415929,0.1051737160120847,0.04962243797195254,0.043352601156069426,0.042183622828784184,0.08682634730538918,0.028028028028028062,0.02146690518783534,0.011244979919678766,0.027591973244147194,0.01724137931034475,-0.020790180283851267
2014-03-31,-0.010308106264448447,-0.05456238361266297,0.07472139333779926,-0.032089374851438035,-0.1504113987557696,-0.014062899514190708,-0.004255319148936176,-0.004255319148936176,0.025641025641025772,0.026315789473684292,-0.0940325497287523,-0.5833333333333333,1.309734513274336,-1.5029239766081872,-0.21662468513853905,0.05774816333504185,0.038026721479959,0.013850415512465464,-0.11309523809523814,0.016528925619834656,0.0014605647517040854,0.021015761821365997,-0.14164680963727827,0.026037428803905582,-0.016949152542372947,-0.02319022250078351
2014-06-30,0.007696726019529088,0.06204451447705339,-0.03433816863100636,-0.1844302554027505,0.06306838313452223,-0.17323651452282163,-0.06196581196581197,-0.06196581196581197,-0.03749999999999998,-0.02564102564102566,-0.7544910179640718,0.2923076923076924,-1.2567049808429118,-3.011627906976744,0.5562700964630225,-0.03925052495558068,-0.0014851485148515975,-0.023224043715847076,0.146979865771812,0.08130081300813008,-0.06708799222168205,0.020583190394511064,0.054904380012338105,0.016653449643140528,-0.0344827586206895,0.30221366698748797
2014-09-30,-0.10871713026295793,0.002225519287833766,-0.0653092360051637,0.022884673291177382,-0.16387068103544056,0.05614805520702637,2.733485193621868,2.733485193621868,3.0,2.9868421052631575,-3.731707317073171,2.7976190476190474,1.6044776119402986,-2.7687861271676297,-0.6322314049586777,-0.0020174848688634395,0.7109568666336143,0.6503496503496504,-0.15038033937975426,-0.13032581453634084,-0.0020844189682127645,0.025210084033613356,-0.06169590643274858,0.6427457098283931,0.0,-0.02020202020202022
2014-12-31,0.026305691750159843,0.034233900814211626,0.0736392742796157,0.18722402119517212,-0.07387722561785814,0.09325809325809331,-0.7480170835875534,-0.7480170835875534,-0.7402597402597402,-0.7392739273927392,-3.9375,-0.5830721003134796,-2.7306590257879657,-1.8169934640522876,1.404494382022472,-0.11135444743935308,0.0730223123732252,0.003389830508474745,-0.03443526170798894,0.04610951008645525,-0.4830287206266318,0.024590163934426368,-0.09784979744468691,-0.002849002849002913,0.0,-0.1288659793814434
2015-03-31,-0.011881023595879059,-0.06602254428341381,0.016781662963396116,-0.23332506818745347,-0.08220946915351501,-0.049171420809562605,-0.04600484261501214,-0.04600484261501214,-0.012499999999999956,-0.012658227848101222,-0.5775075987841946,-1.0150375939849625,-0.14569536423841056,-1.388,-0.22663551401869164,0.10578199052132709,0.042398055630569864,-0.0016891891891892552,-0.07275320970042798,0.1460055096418733,0.09898989898989896,0.02400000000000002,-0.07115716753022461,0.0,0.0,0.21821330639341907
2015-06-30,-0.005213150592785709,0.0022988505747125743,0.01782736212548164,0.12128072445019411,-0.06784430201657021,-0.0802857142857143,-0.15736040609137059,-0.15736040609137059,-0.1392405063291139,-0.14102564102564097,0.0695443645083933,-23.0,-0.19961240310077522,-0.8865979381443299,-0.033232628398791486,0.02142979598834227,0.07202072538860094,-0.01015228426395931,-0.048461538461538556,0.10096153846153855,0.022058823529411686,0.0234375,-0.06284864261807355,-0.039047619047619,0.03571428571428559,-0.10608932590925235
2015-09-30,0.024385090017750022,0.06173547400611623,0.03734674275382788,-0.01009518315546587,-0.014086869025658255,0.011804908356632504,0.2831325301204819,0.2831325301204819,0.3088235294117647,0.31343283582089554,-1.5381165919282511,0.4545454545454546,-1.2832929782082325,16.0,-0.584375,-0.2035918093319905,-0.3999516674722088,-0.441025641025641,0.008084074373484462,-0.16157205240174677,-0.19064748201438841,0.022900763358778775,-0.037698412698412787,-0.43211100099108035,-0.017241379310344862,0.07255980385660332
2015-12-31,-0.019555262180783073,0.03456345634563451,-0.008605664488017473,0.037296037296037365,-0.05375063786358225,0.20049124961621123,-0.38732394366197187,-0.38732394366197187,-0.3707865168539325,-0.375,-4.2125,-5.0625,-8.188034188034187,-2.016042780748663,1.4285714285714284,-0.04172813487881988,-0.043495771244462356,-0.09480122324159013,-0.02886928628708907,-0.04947916666666663,0.6188888888888888,0.02238805970149249,-0.03463917525773197,-0.1116928446771378,0.01754385964912286,-0.0026566168293586934
2016-03-31,-0.0111087734062697,-0.03706281538193845,-0.010108779255026956,-0.04943820224719098,-0.014380729822038418,-0.015601023017902782,0.8122605363984674,0.8122605363984674,0.8392857142857142,0.8545454545454545,0.33333333333333326,-1.376923076923077,0.0011890606420927874,-0.5368421052631579,0.27244582043343657,0.06377831537277312,0.09768421052631582,0.05912162162162171,-0.0008257638315442017,0.09315068493150691,0.15305422100205912,0.021897810218978186,-0.0034173430158052076,0.02946954813359537,0.034482758620689724,0.013008734435978386
2016-06-30,-0.015446151227607285,-0.07914709071196246,-0.014874014874014851,-0.08776595744680848,-0.017326281232901697,-0.1460119511561444,-0.10570824524312894,-0.10570824524312894,-0.0873786407766991,-0.08823529411764708,-0.7830739299610895,-0.5510204081632653,-0.5083135391923991,-3.6704545454545454,-0.5717761557177616,0.12073599338432928,0.08860759493670889,0.06698564593301426,0.0016528925619834212,0.12280701754385959,0.0345238095238094,0.021428571428571574,-0.0017145306472353683,0.05629770992366412,0.0,0.009478383171283689
2016-09-30,0.030685452502376975,0.07083987441130302,0.04225352112676051,0.003563330093942385,-0.007423904974016349,0.03316093702464262,0.1300236406619386,0.1300236406619386,0.14893617021276606,0.15053763440860224,-0.7533632286995515,-0.11363636363636365,-0.9685990338164251,-1.0127659574468084,0.017045454545454586,-0.01217487548422802,0.057787174066243896,0.03736920777279518,0.027227722772277252,-0.013392857142857206,-0.08860759493670878,0.025174825174825166,-0.036925719192786643,0.02258355916892496,0.016666666666666607,0.06705839592924634
2016-12-31,0.016353572626635282,0.11105002748763049,0.11075675675675667,0.19690122659780496,-0.3102094240837696,-0.22438162544169615,-1.2364016736401673,-1.2364016736401673,-1.25,-1.2523364485981308,5.890909090909091,3.0769230769230766,-18.153846153846153,146.66666666666666,2.474860335195531,0.11521942110177408,-0.15589606928714195,-0.2334293948126802,-0.27630522088353415,0.08597285067873295,0.05618686868686873,0.024556616643929052,-0.32144449398127506,-0.1537102473498233,-0.08196721311475397,-0.07175702526256034
2017-03-31,-0.0501691558709465,-0.07306613887514435,-0.020049637451944102,-0.07659115426105723,-0.21794524261317427,0.2691723614274868,1.2300884955752212,1.2300884955752212,1.259259259259259,1.259259259259259,0.8970976253298153,-0.44025157232704404,-5.852017937219731,-2.020316027088036,-0.7266881028938907,0.10147354320160762,-0.511049723756906,-0.5733082706766917,-0.21087680355160932,0.5208333333333333,0.4297668858338315,0.023968042609853635,-0.17674113009198422,-0.558455114822547,-0.0357142857142857,0.003852975353189292
2017-06-30,-0.01602814698983579,0.011743772241992856,-0.005512241148135311,-0.05665887850467288,-0.08942807625649918,-0.02572539635058335,-1.2301587301587302,-1.2301587301587302,-1.2295081967213115,-1.2295081967213115,-0.6954102920723226,-0.2921348314606742,-0.8641404805914972,-1.0199115044247788,0.05294117647058827,-0.013225904530252408,-0.6206618240516546,-0.6784140969162995,-0.08016877637130804,0.25068493150684956,1.423076923076923,0.023407022106632036,-0.0742218675179569,-0.6808510638297872,0.0,0.07249908614597289
2017-09-30,0.05478303094512871,0.10692930003517409,0.0436432637571158,0.2544891640866873,0.13970308336505521,-0.02640466687135401,9.206896551724139,9.206896551724139,9.571428571428571,9.428571428571427,-0.7762557077625571,3.2063492063492065,-2.435374149659864,-1.5555555555555556,-0.027932960893854775,-0.032044369126482786,0.9893617021276595,0.6712328767123288,0.143730886850153,0.05257393209200423,2.2848516218081434,0.02287166454891998,0.08017241379310347,0.7037037037037037,-0.01851851851851849,-0.11764371733696888
2017-12-31,-0.12768895957144055,-0.003336510962821726,-0.09736842105263155,-0.019743336623889385,-0.33934535738142957,0.23651844843897818,-1.0692567567567568,-1.0692567567567568,-1.0743243243243243,-1.0753424657534247,-3.0408163265306123,-0.5094339622641509,0.6161137440758293,-23.2,0.6379310344827587,-0.09660989972942857,0.4566844919786095,0.29508196721311486,-0.3088235294117647,-0.21019771071800208,-0.585955144702978,0.022360248447204967,-0.2426177174780526,0.13478260869565228,0.15094339622641506,0.01673855662138668
2018-03-31,-0.012090390059012579,-0.013071895424836555,-0.013623111582295233,0.02442094662638472,0.0025278058645095136,-0.040805916857944435,-13.463414634146341,-13.463414634146341,-13.181818181818182,-13.0,-8.17,-0.3076923076923077,-3.2434017595307916,-2.243243243243243,-0.4842105263157894,-0.02360817477096544,2.4324522760646112,2.221518987341772,0.011605415860735047,0.41238471673254296,-0.20106558416846376,0.021871202916160293,0.01475237091675452,2.0421455938697317,0.049180327868852514,-0.03659849300322915
2018-06-30,-0.010004370841629862,-0.023098045549991952,-0.020958727429062796,-0.07004177930695499,0.09278870398386285,-0.07843658601435788,-0.21722113502935425,-0.21722113502935425,-0.20895522388059706,-0.20454545454545459,-0.5453277545327755,0.03333333333333344,-0.8326797385620915,-1.7608695652173914,0.7142857142857142,-0.04330566582461204,0.3713368983957219,0.33988212180746546,0.1013384321223707,-0.05410447761194026,-0.7003810733566211,0.021403091557669507,0.10384215991692636,0.28589420654911835,0.046875,0.05047650345054211
2018-09-30,0.033505028207015064,-0.001322751322751281,0.018443297837303696,0.05523255813953498,0.16012921089063226,-0.05856895556837849,0.21999999999999997,0.21999999999999997,0.2264150943396226,0.22857142857142865,-0.5797546012269938,-0.6129032258064516,0.3359375,-1.6666666666666665,-0.2777777777777778,0.04205960015088639,-0.019497738262361453,-0.03958944281524923,0.16666666666666674,-0.05424063116370814,-0.21303656597774245,0.020954598370197974,0.12229539040451542,-0.07737512242899114,0.04477611940298498,-0.05361947068760564
2018-12-31,0.03754509208277956,0.11788079470198665,0.02700226366282199,0.1452541948409718,0.11535401750198893,0.23322096230462774,0.14959016393442615,0.14959016393442615,0.15384615384615374,0.11627906976744184,0.7956204379562044,2.5833333333333335,-1.8362573099415205,-4.714285714285714,1.4285714285714284,-0.0865158371040724,0.31737193763919813,0.4259541984732824,0.11904761904761907,-0.2168925964546402,-0.042424242424242364,0.020524515393386622,0.07544006705783723,0.43312101910828016,-0.014285714285714346,-0.02386619066508
2019-03-31,0.10137700718239628,-0.002962085308056861,0.03521385463133031,-0.017712661272687558,0.5509985734664764,0.035536779324055745,1.82174688057041,1.82174688057041,1.8266666666666667,1.9236111111111112,0.7804878048780488,-5.922480620155039,-7.251748251748252,-0.31153846153846154,0.40497737556561075,-0.056072914602734225,0.0,0.4860813704496789,0.5425531914893618,-0.15579227696404796,-0.3431786216596343,0.02011173184357551,0.4076383476227592,0.505185185185185,-0.014492753623188248,0.015035557060616211
