Quarter end,Assets,Current Assets,Liabilities,Current Liabilities,Shareholders equity,Revenue,Earnings,Earnings available for common stockholders,EPS basic,EPS diluted,Cash from operating activities,Cash from investing activities,Cash from financing activities,Cash change during period,Cash at end of period,Price,ROE,ROA,Book value of equity per share,P/B ratio,P/E ratio,Cumulative dividends per share,Equity to assets ratio,Net margin,Asset turnover,Current ratio
1994-11-30,0.009319795532373165,0.03897708037879144,-0.008399731401599997,0.03349104445117068,0.025311908027957353,0.07861940831785041,0.3288873756513502,0.3288873756513502,0.29166666666666674,-0.2702702702702702,1.1995106555776012,-0.8409621252916891,1.2158008111936969,-21.88759954493743,-0.0812309398392016,-0.01831501831501825,-0.026036644165863043,0.08142726440988102,0.2727272727272727,-0.10509554140127386,0.06586826347305408,inf,0.015791476407915006,0.00620017714791854,-0.03921568627450989,0.005404135338345828
1995-02-28,0.009319795532373165,0.03897708037879144,-0.008399731401599997,0.03349104445117068,0.025311908027957353,0.07861940831785041,0.3288873756513502,0.3288873756513502,0.29166666666666674,-0.2702702702702702,1.1995106555776012,-0.8409621252916891,1.2158008111936969,-21.88759954493743,-0.0812309398392016,-0.01831501831501825,-0.026036644165863043,0.08142726440988102,0.2727272727272727,-0.10509554140127386,0.06586826347305408,inf,0.015791476407915006,0.00620017714791854,-0.03921568627450989,0.005404135338345828
1995-05-31,0.02554329411923506,0.4696722853563151,-0.012632467997400143,0.18662460308489104,0.05886460382685654,0.07861940831785041,0.3288873756513502,0.3288873756513502,0.29166666666666674,-0.2702702702702702,1.1995106555776012,-0.8409621252916891,1.2158008111936969,-21.88759954493743,1.8467310400321866,0.13712686567164178,-0.026036644165863043,0.08142726440988102,-0.1520737327188939,-0.10509554140127386,0.06586826347305408,0.7500000000000002,0.03259037272897536,0.00620017714791854,-0.03921568627450989,0.23837345174106117
1995-08-31,0.06219518680116409,-0.2140649044681402,0.02729077085456444,-0.042976485327144376,0.09060400280969305,0.485334322675818,1.3342356492775904,1.3342356492775904,1.258064516129032,-0.2702702702702702,-0.011904483695017176,38.311763230499125,-1.4261941880222109,-1.5817365823901701,-0.37738409028273423,-0.08449548810500407,-0.026036644165863043,0.08142726440988102,0.08967391304347805,0.07829181494661919,0.06586826347305408,0.5714285714285714,0.026664248140758184,0.00620017714791854,-0.03921568627450989,-0.17871296471032283
1995-11-30,0.01749537472474505,-0.11152619905738836,0.005504932965918918,-0.10309349870601503,0.02668788749168094,-0.32663195549198776,-0.5980376249152914,-0.5980376249152914,-0.5714285714285714,-0.2702702702702702,-0.6945498235622451,-0.5007688086974276,0.17502363240310714,-0.34944947943974236,-0.39431600213376916,0.06989247311827951,-0.026036644165863043,0.08142726440988102,0.02743142144638422,-0.01650165016501648,0.06586826347305408,0.4545454545454546,0.009187279151943395,0.00620017714791854,-0.03921568627450989,-0.009420955882352922
1996-02-29,0.1065595872060976,0.8372286233608188,0.21926555167685824,0.09325217332817681,0.02193594279946076,-0.009092394448296126,-0.0850429785819442,-0.0850429785819442,-0.09999999999999987,-0.2702702702702702,1.6002880416266607,0.499108597718777,4.334493432903688,-7.859967762362558,4.466017052375152,0.08375209380234505,-0.026036644165863043,0.08142726440988102,0.021844660194174637,0.05369127516778538,0.06586826347305408,0.25,-0.07650560224089653,0.00620017714791854,-0.03921568627450989,0.6805845511482256
1996-05-31,0.05141949114301103,-0.40601666578207096,0.00260777693305303,0.20186321073937807,0.09514587010862541,0.15162615756214515,0.3791344968533057,0.3791344968533057,0.37037037037037024,-0.2702702702702702,0.5561160376628094,0.33291986888488223,-1.4954052343936974,-1.849779086892489,-0.6943132186469383,0.08655332302936647,-0.02079207920792081,0.08142726440988102,0.07363420427553424,0.06369426751592355,0.06586826347305408,0.25,0.04151658767772526,0.004401408450704025,-0.020408163265306145,-0.5058661145617668
1996-08-31,-0.015380724592138795,-0.05749496927954367,-0.17952202667529016,-0.11753707706424132,0.11923519676989258,0.4936827156003065,1.5228023296293856,1.5228023296293856,1.4594594594594597,-0.2702702702702702,-0.13106942886994855,-1.060100989104817,0.6494848089789489,-0.9831331131157821,-0.03831013715836573,-0.004267425320056972,0.051567239635995854,0.08142726440988102,0.10398230088495586,-0.0718562874251496,-0.04101123595505618,0.15999999999999992,0.136694575900983,0.0718667835232254,0.0,0.06815642458100557
1996-11-30,0.08479350623504178,0.10329357780769444,0.17279063037799358,-0.03890261729082556,0.0318890079357379,-0.3847593683329684,-0.5717652938302547,-0.5717652938302547,-0.5714285714285714,-0.2702702702702702,-0.6243822728834312,-16.468181334468447,-1.9280005777285638,-8.575526932084308,0.3017807372508776,0.05785714285714283,-0.009134615384615352,0.0016920473773265332,0.022044088176352616,-0.04193548387096768,-0.06209724663151717,0.2068965517241379,-0.04867894315452381,0.04619787408013076,-0.04166666666666663,0.1480125523012552
1997-02-28,-0.002913235257222424,-0.028123313615162293,-0.06435960529289175,0.10162778275709106,0.03907308890739469,0.09710943470910127,-0.2565949330709004,-0.2565949330709004,-0.2564102564102565,-0.2702702702702702,1.281868176967906,-0.9071855360515154,-1.8228018296109916,-1.8772316253188035,-0.2033611337555653,0.12288993923024982,-0.05046094129063561,-0.01266891891891897,0.03921568627450989,0.09764309764309753,0.070580886945659,0.14285714285714302,0.04208045783538128,-0.01719421649081676,0.0,-0.11776765375854215
1997-05-31,-0.003291314668199985,0.06803866299323436,-0.050452723955793255,0.11386326436970529,0.025726270198868972,0.14495223400539636,0.4930529522024367,0.4930529522024367,0.4482758620689655,-0.2702702702702702,0.24510791366906481,-0.18104662367504265,0.13232520137243253,-1.2069512356283865,0.052829255127743835,0.10703547805171376,-0.013796627491057811,0.021385799828913532,0.026415094339622858,0.0644171779141105,0.09626604434072328,0.1499999999999999,0.029074462930059886,0.0015904572564613417,0.021739130434782483,-0.04131164471985527
1997-08-31,0.03382119574414211,0.3412144150945895,-0.05077686809221105,-0.08438244719180155,0.08200710144164836,0.349986758607743,1.3373873060958674,1.3373873060958674,1.380952380952381,-0.2702702702702702,0.12300555514284062,3.9524369823958008,-0.81041563226498,24.928480204342275,1.3010488539508258,0.12601846822379148,0.004663212435233044,0.021775544388609624,0.0808823529411764,0.09798270893371752,0.09792442788717404,0.10869565217391308,0.04661748548108613,0.03533148074632786,0.0,0.46512254241852946
1997-11-30,0.03529536329843097,-0.17037419265638265,0.043029444182018484,0.05578535704884735,0.03143074581430749,-0.3489727732452965,-0.4785040266135827,-0.4785040266135827,-0.48,-0.2702702702702702,-0.38045291839089757,1.7083721695268381,-2.281549833561778,-1.6193888943618036,-0.3502121259944857,0.1808972503617945,0.019082001031459628,0.04836065573770498,0.030612244897959107,0.09186351706036744,0.12990790111488115,0.1568627450980391,-0.0037492501499699626,0.04332822085889587,0.0,-0.21433823529411766
1998-02-28,0.0539755195304763,-0.026965255561342216,0.12120699772791776,0.05606493483365593,0.0200030623300671,0.06386370961436127,-0.2924750563244287,-0.2924750563244287,-0.28846153846153855,-0.2702702702702702,0.2703938782773758,0.2268985249065414,1.3598235260413682,-0.6564964413047224,-0.18513597496946188,0.11192810457516322,-0.002024291497975783,0.006254886630179701,0.01980198019801982,0.07932692307692313,0.04719004719004727,0.1186440677966103,-0.032214360981484225,0.02168320470415286,-0.02127659574468077,-0.07861488067384192
1998-05-31,0.17346190911112624,0.14843530174575803,0.3693343915255838,0.46457010636978047,0.031195381499729002,0.18557358946504188,0.46110595556526013,0.46110595556526013,-0.2702702702702702,-0.2702702702702702,0.768274631939224,0.5022494898772956,0.4090872302886095,-1.2518810047459197,0.05722701451714696,0.24504041146216027,0.00760649087221088,-0.026418026418026486,0.030744336569579422,0.22048997772828516,0.20196640721015968,0.10606060606060597,-0.12116969979779135,0.021223021582733592,-0.0434782608695653,-0.21584560690705934
1998-08-31,0.011995674506945608,0.019747161761611842,-0.08604407698132965,-0.07180048539736872,0.08240146226597966,0.6050898303188288,1.1467035293531596,1.1467035293531596,1.148148148148148,1.148148148148148,-0.24734947808153707,-0.860617820694705,-2.1737811882552958,-0.30652573529411764,0.03753731343283584,0.04868692829743293,0.022143935581278473,-0.002394253790901746,0.08163265306122436,0.018248175182481674,-0.0030674846625766694,0.1095890410958904,0.06955752212389377,-0.03240577668193023,0.045454545454545414,0.09876943005181338
1998-11-30,0.05697204310320325,-0.0329919145913421,0.08018987685936407,0.005763737276361702,0.04412185704891569,-0.3136653481407654,-0.36005302362277813,-0.36005302362277813,-0.3620689655172413,-0.3620689655172413,-0.24937199152363976,3.3997189424882786,-1.6517664905069487,1.6830130329136295,0.09706937751244737,-0.2341024198086663,0.03791235844411611,0.012799999999999923,0.014513788098693858,-0.2921146953405017,-0.2813675213675214,0.11111111111111116,-0.012245573390699871,0.011285038223516564,0.0,-0.038608900677866154
1999-02-28,0.09069963839208794,1.8000183645305299,-0.06459814215966242,0.00282350743934745,0.1933101480442312,0.027021388443954075,-0.2849294951115704,-0.2849294951115704,-0.29729729729729726,-0.29729729729729726,-0.024103762561346054,-0.28209934955029714,2.5187807350125757,34.97735880125144,3.1832989735781982,0.5433504775900073,-0.030360531309297834,-0.020537124802527562,0.19313304721030033,0.521518987341772,0.42245480494766885,0.09999999999999987,0.09415312447646174,-0.005759539236861011,-0.021739130434782594,1.7921520539546294
1999-05-31,0.0215597118186166,0.2364138088017993,0.013667353648002534,0.13703639931899514,0.02514655149824918,0.06400332505633077,0.28892438562128797,0.28892438562128797,0.26923076923076916,0.26923076923076916,1.12929073292687,0.814707936930344,-1.4262253458620306,-1.438495037541678,-0.33367464571426586,0.09497738633658659,-0.03277886497064586,0.003225806451612856,0.02517985611510798,-0.08153078202995012,0.039464882943143875,0.09090909090909105,0.0035216659010870455,0.005792903692976026,0.0,0.08739569609134823
1999-08-31,0.028539093631599233,-0.04618694608545604,-0.050684523911833645,-0.053161184848440346,0.06710692744052027,0.4685040111838361,1.041353975076472,1.041353975076472,1.0606060606060606,1.0303030303030303,-0.07070477595758706,-0.5263203721100749,-0.4752634345355793,-1.530206561107226,0.26551066276395563,-0.018913043478260838,-0.0035407182599898057,0.025723472668810254,0.06666666666666643,-0.04347826086956508,-0.05694980694980689,0.08333333333333326,0.03738175160207491,0.04247660187185032,-0.022222222222222254,0.0073707592891760765
1999-11-30,0.007141085232499789,-0.35254667569592346,-0.05242295002816444,0.14639796589479248,0.06022908646236247,-0.3294989171601884,-0.39521022999665134,-0.39521022999665134,-0.3970588235294118,-0.4029850746268657,-0.3629313537312385,-0.8707190124221199,0.8978573609097154,-0.6305329986711945,0.07751608206759109,-0.002658985153999649,-0.046700507614213294,-0.00470219435736674,0.05372807017543857,-0.06439393939393934,-0.05800068236096889,0.08547008547008561,0.05280188262979846,0.014157458563535785,-0.022727272727272707,-0.4352009622130901
2000-02-29,0.005589671212493208,0.07647959415691052,-0.020405858245142072,-0.037680625063616024,0.01591166242107267,0.052254389825427516,-0.3167851053998503,-0.3167851053998503,-0.31707317073170727,-0.29999999999999993,-0.3721196186973553,1.7621791513881613,-0.6961662000291544,-0.1743126598465473,0.059399621673109415,-0.1279715618751388,-0.027156549520766737,-0.0015748031496063408,0.037460978147762836,-0.17408906882591102,-0.14378848243390074,0.0866141732283463,0.010198379435596427,-0.008171603677221695,0.023255813953488413,0.118544809228039
2000-05-31,0.0011402103502682337,-0.2695944518763641,0.09515571834160519,0.15704506370310112,-0.03485581490909739,0.060916887103305006,0.18912994047237297,0.18912994047237297,0.1785714285714286,0.1785714285714286,1.718849086288273,3.1654655793665842,5.601224253453553,-9.298551285774208,-0.4652926022678756,-0.3597452229299364,-0.024083196496989645,-0.010252365930599305,-0.010030090270812586,-0.38235294117647056,-0.3671742808798646,0.07246376811594213,-0.03595629926704458,-0.0212838997596978,0.0,-0.36871331112168815
2000-08-31,0.02996772783689239,-0.24624821467875468,0.11731475643548062,-0.19737249216260866,-0.007980094900005952,0.403466011218943,0.9425268195100904,0.9425268195100904,1.0606060606060606,1.0303030303030303,-0.13848574614359133,0.6130086535741115,-0.8859329692665114,-0.39958086602876397,-0.5224737538358477,-0.08834062873060078,-0.025238362310712192,-0.028685258964143423,0.0,-0.07936507936507942,-0.08823529411764708,0.07432432432432434,-0.03686702051355628,-0.033672395650648834,0.0,-0.06081930133199298
2000-11-30,0.14421851522956364,0.17119636458970544,0.403019995862534,0.3661726721500669,0.017581509765849157,-0.30767107606103516,-0.5108533784295414,-0.5108533784295414,-0.5147058823529411,-0.5074626865671642,-0.28217508454040763,-0.16392576687735005,-5.064090170057565,-1.3117415461127013,0.34108444746742617,-0.008293321693583655,-0.053509781357882646,-0.09762100082034453,0.01722391084093222,-0.008620689655172376,-0.008797653958944385,0.06289308176100628,-0.11066428358653568,-0.07259528130671511,-0.022727272727272707,-0.14289537061814295
2001-02-28,0.046178031027369615,0.06495390203864737,0.0964591386933078,0.15149939310695415,0.012255100273105946,0.1849643548474349,-0.3397662478392115,-0.3397662478392115,-0.33333333333333337,-0.33333333333333337,-0.39857844636784046,-0.6936944323204652,-1.5192487552237353,-2.1668016867119504,-0.29675827601145377,0.25176056338028174,-0.04194528875379955,-0.09545454545454546,0.01195219123505975,0.23043478260869588,0.30621301775147924,0.059171597633136175,-0.03232289398760679,-0.08923679060665368,0.0,-0.07492975335622842
2001-05-31,0.09913010894857721,0.9556216708563108,0.20916612956447622,0.06031005083132501,0.018717179559927244,0.07097913271655787,0.4612192262602579,0.4612192262602579,0.4545454545454546,0.4545454545454546,1.8313905477697858,2.4013178611915857,-6.0373879454850226,-10.49740969539442,4.007775465588869,0.002109704641350074,-0.02855329949238561,-0.09045226130653272,0.0167322834645669,-0.007067137809187329,0.04133635334088348,0.05586592178770933,-0.07320872274143309,-0.06660936828534592,-0.023255813953488413,0.844076949038137
2001-08-31,-0.00257313314276697,0.4206279923486753,-0.09935337419457424,-0.17811020674388645,0.08137480817801745,0.38067230394995955,1.6474489604895086,1.6474489604895086,1.65625,1.625,-0.016685511396658637,-1.8176966038574327,-1.660425442204429,-0.08403892186946438,0.7330533011296299,0.04631578947368431,0.07380796864794226,0.03867403314917128,0.08131655372700863,0.028469750889679846,0.052746057640021604,0.058201058201058364,0.08422035480859025,0.04373848987108664,-0.023809523809523836,0.7285871156661787
2001-11-30,0.025518885301857752,0.20498679365751094,0.05146223931627536,-0.14002982683125065,0.006776379625126117,-0.35627195590629823,-0.7650143946663973,-0.7650143946663973,-0.7764705882352941,-0.7619047619047619,-0.7133127001525996,-1.385320633482882,-1.8415646682168554,-0.45550766812784715,0.23031138226301806,-0.18812877263581484,-0.10340632603406319,-0.1127659574468085,0.006266786034019756,-0.24913494809688586,-0.26859504132231404,0.050000000000000044,-0.018256975542542242,-0.09925011027790043,0.0,0.4011646373742721
2002-02-28,0.01304694266951878,-0.12964448991009647,0.016318252886969642,-0.0013538345133221608,0.010578722357015069,-0.05559992576389161,0.11458834857968214,0.11458834857968214,0.1578947368421053,0.09999999999999987,0.6111240225809111,2.2804639750822755,-1.1202427614110506,-1.9759080521979673,-0.18268768029268978,0.10863279636513834,-0.02578018995929443,-0.029976019184652314,0.010676156583629748,0.10138248847926268,0.19985875706214684,0.05238095238095242,-0.002456140350877156,0.024975514201763138,-0.04878048780487798,-0.1284570046849025
2002-05-31,0.029193760408644964,0.16597029001487384,0.03322073431287631,0.12553408251456455,0.026138131692535316,0.09205476850788719,0.49800215982721374,0.49800215982721374,0.5,0.5,1.288986193771143,-0.2686160743276984,-0.41191934186923984,-1.5216788495459341,0.11660695254836662,0.15573770491803285,-0.021587743732590425,-0.007416563658838138,0.0255281690140845,0.14225941422594146,0.15538552089464397,0.045248868778280604,-0.0029897995075625072,0.028666985188724237,-0.05128205128205132,0.03598057915727426
2002-08-31,0.011638042471850518,-0.09376669393027559,-0.06066815439912965,-0.09336310445034124,0.06688197334968926,0.4534143720359862,1.5785861040880325,1.5785861040880325,1.606060606060606,1.5757575757575757,-0.06158850196174093,-0.09422275564972182,7.546673678674731,-0.9753425466572171,0.002574970973755253,-0.13442940038684714,-0.02135231316725983,-0.013698630136986134,0.06695278969957075,-0.15750915750915762,-0.1395822720326031,0.04761904761904767,0.054506967719174515,0.018114259173246605,-0.027027027027027084,-0.0005021340697967114
2002-11-30,0.011324846134887823,-0.3715817694369973,0.0024313871159316047,0.07380937070549098,0.017307342331414288,-0.27960393835795094,-0.6179118307226558,-0.6179118307226558,-0.627906976744186,-0.611764705882353,-0.34879574709605865,2.214785268815387,-1.0953696581853982,-190.7431137724551,-0.48732815458128853,-0.03426443202979523,0.04800000000000004,0.06186868686868663,0.016894609814963824,-0.09130434782608698,-0.04026050917702784,0.04132231404958686,0.006022080963532961,0.06113138686131392,0.0,-0.414803650674035
2003-02-28,0.012831126901604373,0.08001134123333253,0.007960430714600175,0.02681987842988609,0.01605965998746539,-0.004418348893143742,-0.33687858008947613,-0.33687858008947613,-0.3125,-0.33333333333333337,-0.4317759185642288,-0.9098865880304423,-2.3932511774953222,-1.1044888929564396,0.09932353382330894,-0.03586579251831856,-0.03261623872310904,-0.017835909631391034,0.015822784810126445,-0.05263157894736836,-0.10857495373226411,0.039682539682539764,0.003159294978383631,-0.030524505588994,0.0277777777777779,0.05179567892402348
2003-05-31,0.870106806003113,1.083102089819806,1.0923545313781884,0.9570274805516192,0.723964552624959,0.2943550850786292,0.00721947682437607,0.00721947682437607,-0.18181818181818188,-0.18181818181818188,1.8923547078349756,3.091841497281277,-27.106233212929517,8.787432609975989,0.8842914428470268,0.021600000000000064,-0.2288378766140603,-0.2409200968523002,0.26947040498442365,0.005050505050504972,0.02145328719723194,0.03816793893129766,-0.07823636665009104,-0.132150776053215,-0.1351351351351351,0.06448102299006941
2003-08-31,0.0014360027504480843,-0.24997114349495853,-0.05222987439884841,-0.1124805838605184,0.04426556630753531,0.8998198732819027,4.745616025666106,4.745616025666106,4.111111111111112,4.0,0.47875501471522885,2.6899187005780214,-0.7197315064799605,-1.6064133778933953,-0.28458769631138425,0.3026624902114332,0.05767441860465117,0.05103668261562988,0.042944785276073594,0.025125628140703515,0.42682926829268286,0.04044117647058809,0.04279805790325475,0.01584057230454783,0.03125,-0.15488817891373796
2003-11-30,0.04675746029995698,0.11600365998948914,0.08849257412621192,0.1474967781821228,0.016527395608613382,-0.28348353204261045,-0.7207191993037898,-0.7207191993037898,-0.7173913043478262,-0.711111111111111,-0.2641803077858065,-0.5342714746861807,-0.2034202964594488,-1.2078544621843395,0.08298718229002189,0.03336339044183956,-0.12313104661389618,-0.1350531107738998,0.016470588235294237,-0.009803921568627416,0.0014245014245015675,0.0459363957597172,-0.028798068632522766,-0.10613682092555332,-0.030303030303030276,-0.02752154846514443
2004-02-29,0.04144379568004575,-0.2532833020637899,0.05851561039446618,0.0645550527903469,0.028202711520336488,0.08985886327720549,-0.010069977811913322,-0.010069977811913322,-0.03846153846153855,-0.03846153846153855,0.008240787246312165,1.1355962578114371,0.9228018878418536,-7.206238064926798,-0.4738317757009346,0.18179173938336235,-0.06519558676028081,-0.07894736842105265,0.0219907407407407,0.1633663366336633,0.23470839260312948,0.04391891891891886,-0.012784090909090828,-0.06752954417557688,0.0,-0.2985538796454673
2004-05-31,0.03516819571865448,-0.08919597989949746,0.06022606852702217,0.35732502125247945,0.015160062050486589,0.14090909090909087,0.6354679802955665,0.6354679802955665,0.6799999999999999,0.6399999999999999,1.1494464944649447,0.007770007770007803,-0.9049586776859504,-0.7633136094674556,-0.2131438721136767,0.06497661826236767,0.13090128755364794,0.12571428571428567,0.01528878822197055,0.042553191489361764,0.04493087557603692,0.04207119741100329,-0.019244604316546843,0.035606517803258964,0.0625,-0.3289736200399024
2004-08-31,0.0012498579706852198,0.0910344827586207,-0.07263035149092123,-0.08559498956158662,0.06286031812183102,0.4369189907038513,2.0903614457831323,2.0903614457831323,2.047619047619048,2.024390243902439,-0.2145922746781116,-0.8311488049344642,-24.869565217391305,-2.2583333333333333,0.3408577878103838,0.03535937138895284,0.16223908918406083,0.1624365482233503,0.06134969325153383,0.020408163265306145,-0.09518559353178979,0.04037267080745344,0.06143407298734638,0.10664335664335667,0.0588235294117645,0.1932606541129831
2004-11-30,0.0453926463912846,0.09228824273072056,0.06664271600502958,0.1493150684931508,0.029930728009410545,-0.30930375847196545,-0.7144249512670565,-0.7144249512670565,-0.71875,-0.7258064516129032,-0.3508196721311475,0.30593607305936077,-1.3734061930783241,2.370860927152318,0.0824915824915824,0.10424107142857153,0.014693877551020362,0.018922852983988436,0.029952706253284278,0.040000000000000036,-0.06986190089358257,0.04477611940298498,-0.014685556323427718,0.0036861506055818616,0.0277777777777779,-0.049557032115171706
2005-02-28,-0.001338833405702733,-0.2152777777777778,-0.02475581003704952,0.04151767977751297,0.016307106598984822,0.06868867082961638,0.1774744027303754,0.1774744027303754,0.19444444444444442,0.23529411764705865,-0.08585858585858586,1.0489510489510487,-2.375609756097561,-1.6326129666011788,-0.5007776049766719,0.09035779260157661,0.04505229283990331,0.055714285714285605,0.015306122448979442,0.05769230769230771,0.051528384279476036,0.04285714285714293,0.017534630896019587,0.03252885624344182,0.027027027027026973,-0.2467229828138654
2005-05-31,0.02561687017645564,0.5479351032448379,0.05733034018304273,0.029563227160022798,0.002684647561965514,0.05133555926544231,0.18260869565217397,0.18260869565217397,0.18604651162790709,0.16666666666666674,1.2430939226519335,0.37713310580204773,-0.9822695035460993,-2.24223602484472,1.2461059190031154,-0.04783092324805338,0.010777521170130866,0.020297699594046037,0.001507537688442362,-0.06181818181818177,-0.11503322259136217,0.0547945205479452,-0.022229881095984894,0.012195121951219523,0.0,0.5034802784222738
2005-08-31,0.016250971525471725,0.1491186279180563,-0.04654581087702103,-0.10503890329751764,0.06413449564134499,0.43112346169114724,1.8210784313725492,1.8210784313725492,1.784313725490196,1.775510204081633,-0.15353037766830868,-0.4411400247831475,29.0,0.04499999999999993,0.579750346740638,0.017328660436137122,0.031226199543031186,0.03713527851458909,0.06372303060712481,0.015503875968992276,-0.015485687470670917,0.051948051948051965,0.04705675008812116,0.024598393574297273,0.0,0.2842078189300412
2005-11-30,-0.011610929569630835,-0.08167495854063023,-0.018499486125385434,0.07472572966259583,-0.0069046225863077515,-0.2879334257975035,-0.6933101650738489,-0.6933101650738489,-0.6901408450704225,-0.6838235294117647,-0.40058195926285156,-0.7206208425720622,2.033333333333333,-0.9066985645933014,0.034240561896400346,-0.03578947368421048,0.008124076809453706,0.020460358056265893,-0.008018867924528217,-0.09160305343511455,-0.08007626310772165,0.06172839506172845,0.004713011277562851,-0.002449779519843265,0.026315789473684292,-0.145603845383537
2006-02-28,-0.004079909960607808,-0.4099322799097066,-0.02818499127399654,-0.05720338983050843,0.012196559038416321,-0.041293338527463974,-0.20679886685552407,-0.20679886685552407,-0.20454545454545459,-0.20930232558139528,-0.008090614886731351,5.071428571428571,0.39560439560439553,-21.076923076923077,-0.6646859083191851,0.06153235410877311,-0.04542124542124548,-0.03508771929824561,0.00951022349025199,0.0672268907563025,0.02642487046632125,0.058139534883721034,0.016418160495895506,-0.03438113948919452,0.0,-0.3741209563994373
2006-05-31,0.034891933888967275,0.15225707727620508,0.0962557241627009,0.126046986721144,-0.004889690901682342,0.08248679398618441,0.25357142857142856,0.25357142857142856,0.22857142857142865,0.2647058823529411,1.0750407830342579,-0.060130718954248374,-0.39685039370078745,-1.223499361430396,0.4430379746835442,-0.1443530291697831,-0.040675364543361514,-0.03376623376623378,0.005181347150259086,-0.14960629921259838,-0.11812216052498736,0.05494505494505497,-0.03840448327015,-0.038657171922685585,0.0,0.023220973782771548
2006-08-31,0.019178269178269147,0.029880478087649376,-0.018183307396183124,-0.12735849056603776,0.04586136297162913,0.4654654654654655,2.50997150997151,2.50997150997151,2.604651162790698,2.4651162790697674,-0.2586477987421384,-0.013908205841446475,-0.42297650130548303,-0.8628571428571429,0.042105263157894646,-0.14182692307692302,0.025600000000000067,0.02822580645161299,0.05529522024367384,-0.14814814814814814,-0.1219232970807097,0.05208333333333326,0.02605416523825843,0.011111111111111072,0.025641025641025772,0.1804538799414348
2006-11-30,0.02296926270675681,0.28626692456479685,0.029615416701426645,0.12577962577962576,0.018513339672241225,-0.2802254098360656,-0.6623376623376623,-0.6623376623376623,-0.6580645161290323,-0.651006711409396,-0.14634146341463417,-0.6473906911142454,-1.1221719457013575,22.708333333333332,0.9579124579124578,0.17927170868347342,0.010920436817472678,0.00915032679738581,0.009325044404973504,0.11956521739130443,0.12255541069100384,0.05346534653465351,-0.004343468092215197,0.0073260073260073,0.0,0.1423255813953488
2007-02-28,-0.0029785284105786625,-0.24360902255639094,-0.017744287797763714,-0.010895660203139479,0.0070291048874244755,-0.04341637010676158,-0.31971153846153844,-0.31971153846153844,-0.3207547169811321,-0.326923076923077,-0.25838509316770186,2.16,-15.481481481481481,-2.022847100175747,-0.5004299226139295,0.06326927229540047,-0.015432098765432167,-0.015544041450777257,0.01495820501539824,0.05339805825242716,0.028455284552845628,0.050751879699248104,0.010067114093959662,-0.017662337662337713,0.0,-0.23534201954397393
2007-05-31,0.08949148091001602,1.0006626905235256,0.20498226511589546,0.6073562359970126,0.013142109281273795,0.07886904761904767,0.37809187279151946,0.37809187279151946,0.36111111111111116,0.37142857142857144,1.5025125628140703,0.8531645569620254,-4.163682864450128,-3.195876288659794,2.1996557659208262,-0.03371242891957771,-0.0031347962382444194,-0.015789473684210464,0.013003901170351106,-0.05069124423963123,-0.037267080745341574,0.06261180679785339,-0.07009966777408638,-0.0021152829190903555,0.0,0.24494142705005317
2007-08-31,3.0132280712358295e-05,-0.09837694600861213,-0.07721796276013149,-0.16982227901033797,0.06076753323644968,0.49,2.5307692307692307,2.5307692307692307,2.5306122448979593,2.4791666666666665,-0.249665327978581,-0.5942622950819672,-1.793856103476152,-1.3497652582159625,-0.24045185583647122,-0.016813787305590577,0.036163522012578664,0.03475935828876997,0.0646127513906718,-0.029126213592232997,-0.034017595307918036,0.05892255892255882,0.06073597713469092,0.027556968733439158,0.0,0.08611348731109203
2007-11-30,0.029920453175846795,-0.2740631888317414,0.05474777448071211,0.01581082971876313,0.01293890805764164,-0.27701920851654704,-0.7400145243282499,-0.7400145243282499,-0.7341040462427746,-0.7305389221556886,-0.23550401427297052,0.5117845117845117,-0.5234215885947047,0.04921700223713654,-0.3321529745042493,0.00641299700726794,-0.04552352048558428,-0.050387596899224785,0.019694533762057986,-0.05500000000000005,-0.05343047965998782,0.06359300476947549,-0.01650387335803305,-0.04693140794223827,0.0,-0.28537673930165397
2008-02-29,-0.0010532166993358905,0.02378542510121462,0.013152342101561354,0.01831955922865003,-0.011170665731603413,0.008962868117797784,-0.34078212290502796,-0.34078212290502796,-0.34782608695652184,-0.33333333333333337,-0.5647607934655776,-0.7093541202672606,-0.7948717948717949,-1.049040511727079,0.024390243902439046,-0.10960067969413756,-0.037360890302066796,-0.04625850340136051,-0.010248324793062702,-0.12698412698412698,-0.08851828094932646,0.05979073243647237,-0.010102739726027377,-0.05357142857142849,0.0,0.005143277002204405
2008-05-31,0.038863669644164656,0.0771131982204647,0.07893092676154123,-0.04111997835790615,0.009625126646403137,0.0717005076142132,0.652542372881356,0.652542372881356,0.6666666666666667,0.6333333333333333,2.8659517426273458,4.045977011494253,0.33333333333333326,-0.04347826086956519,0.022774327122153215,-0.05009541984732824,-0.017341040462427793,-0.017118402282453538,0.009956192751891635,-0.036363636363636265,-0.0337790288529205,0.05641748942172087,-0.02802283341982359,-0.03430531732418529,0.02499999999999991,0.12353801169590639
2008-08-31,-0.00546910239061793,-0.0578246902248738,-0.03763994337923049,-0.17774016081252642,0.01961866532865031,0.4251036116044997,2.417948717948718,2.417948717948718,2.4,2.36734693877551,-0.2621359223300971,-0.13743356112376615,-0.734375,-9.909090909090908,-0.19838056680161942,-0.11250627825213455,-0.026050420168067134,-0.03338171262699563,0.019321766561514186,-0.12578616352201266,-0.11580480699198836,0.05340453938584777,0.025093432995195064,-0.052101835405565455,0.024390243902439046,0.1457384515289526
2008-11-30,-0.05323431033505299,-0.1962981003409644,-0.043792204319047956,-0.008234688625836317,-0.06018404606072536,-0.3140839218944744,-0.7216804201050262,-0.7216804201050262,-0.7294117647058823,-0.7212121212121212,-0.518796992481203,-0.5237676056338028,0.6764705882352942,-0.2755102040816326,-0.17929292929292928,-0.192133559705716,0.016393442622950838,0.012012012012011963,-0.05880077369439085,-0.20863309352517978,-0.18616144975288296,0.05069708491761715,-0.007291666666666807,-0.006246096189881367,0.0,-0.18966496308915393
2009-02-28,-0.016886227544910204,-0.055151515151515174,-0.04335058033841421,-0.07628437986507519,0.002932244214053803,-0.1326468806783767,-0.2991913746630728,-0.2991913746630728,-0.28260869565217395,-0.28260869565217395,-0.404296875,-0.4214417744916821,-0.6491228070175439,-0.6971830985915493,-0.06615384615384612,-0.240630472854641,0.017826825127334578,0.01928783382789301,0.0004110152075627038,-0.19090909090909092,-0.2429149797570851,0.0,0.020111927247289385,0.030798240100565755,0.0,0.022775052557813646
2009-05-31,0.08250091363138012,-0.016035920461834552,0.10802514252302298,0.15486891385767798,0.06426856009188686,0.029329608938547524,0.01538461538461533,0.01538461538461533,0.030303030303030276,0.0,2.724590163934426,4.268370607028754,-18.7,1.8372093023255816,-0.20098846787479407,0.07380073800738018,-0.05838198498748959,-0.05385735080058218,0.06409202958093663,0.0786516853932584,0.0628342245989304,0.0,-0.016800960054860314,-0.024390243902439046,-0.023809523809523836,-0.14799588900308325
2009-08-31,0.022900548600365722,0.36766623207301175,-0.02381266490765177,-0.06356413166855845,0.05764042187883245,0.40400271370420615,3.0643939393939394,3.0643939393939394,3.0,3.0303030303030303,0.046654929577464754,-0.7016373559733171,-1.5960451977401129,-5.024590163934426,1.0123711340206185,0.15592783505154628,-0.13020372010628878,-0.12307692307692308,0.0590733590733592,0.08333333333333348,0.2213836477987423,0.0,0.034001743679162866,-0.07187500000000002,-0.07317073170731703,0.4607961399276237
2009-11-30,0.013091669187821342,-0.2764537654909438,6.757213325214728e-05,-0.13991341991341988,0.022031539888682783,-0.22541676733510507,-0.8201304753028891,-0.8201304753028891,-0.8235294117647058,-0.8120300751879699,-0.4011774600504626,0.8902439024390243,0.023696682464454888,-1.8920570264765784,-0.44877049180327866,0.17428465254552217,-0.12321792260692466,-0.11228070175438598,0.020780167699598895,0.10576923076923062,0.3285272914521111,0.0,0.008768971332208997,-0.08417508417508401,-0.02631578947368418,-0.1588219102669971
2010-02-28,-0.0027962535631871344,0.14953886693017138,0.03466216216216211,0.14093013891685113,-0.027955525300658035,-0.034622582657517165,-0.09326424870466321,-0.09326424870466321,-0.08333333333333326,-0.12,-0.4438202247191011,0.19999999999999996,-5.518518518518518,-1.490867579908676,0.3996282527881041,0.06487341772151889,-0.07200929152148661,-0.0731225296442688,-0.03035714285714286,0.04347826086956519,0.16434108527131785,0.012062726176115923,-0.025242393848211253,-0.06323529411764706,0.0,0.007526178010471174
2010-05-31,-0.01913862572144176,-0.0911174785100286,-0.009664990530921402,0.1934003882124582,-0.025911573836313595,0.03231017770597733,0.43999999999999995,0.43999999999999995,0.4545454545454546,0.4545454545454546,2.5303030303030303,-0.12365591397849462,-1.5645491803278688,-1.7395348837209301,-0.2111553784860558,0.16315007429420514,-0.01251564455569465,-0.010660980810234588,-0.02615101289134425,0.19999999999999996,0.22370173102529956,0.011918951132300348,-0.006859886811867666,-0.025117739403453743,0.0,-0.23838908736602804
2010-08-31,0.022703932942907068,-0.08890290037831017,-0.06020441806791954,-0.1311548129528316,0.08296587423312873,0.3852895148669797,4.170634920634921,4.170634920634921,4.15625,4.0625,-0.07725321888412018,-0.34355828220858897,0.3647912885662432,-0.5786163522012578,-0.11279461279461278,-0.1412876852324988,0.1216730038022813,0.13146551724137945,0.08320726172465953,-0.11805555555555547,-0.1376496191512513,0.011778563015311994,0.058884475910896183,0.11191626409017719,0.027027027027026973,0.048614072494669536
2010-11-30,0.017450538714142372,-0.13910034602076127,0.014524277294414745,-0.02059223961878831,0.019296304492144367,-0.1520560325350203,-0.8096699923254029,-0.8096699923254029,-0.806060606060606,-0.7962962962962963,-0.43100775193798446,0.19158878504672905,-0.8976063829787234,0.4626865671641791,-0.18595825426944967,0.14013686402856296,0.016949152542372836,0.024761904761904763,0.017807262569832227,0.0551181102362206,0.003154574132492094,0.011641443538998875,0.0017938682322242716,-0.010137581462708267,0.026315789473684292,-0.12078080520536805
2011-02-28,0.012670045345425374,0.09726688102893899,0.00491043640639055,0.04413553431798434,0.017541574399722037,-0.08899547029043431,-0.3870967741935484,-0.3870967741935484,-0.40625,-0.4242424242424243,-0.4386920980926431,-0.7934640522875818,1.987012987012987,-1.3673469387755102,0.08391608391608396,0.15631524008350728,-0.033333333333333326,-0.020446096654275214,0.015094339622641506,0.13432835820895517,0.11949685534591192,0.028768699654775576,0.004883607357968334,-0.032918800292611405,0.025641025641025772,0.050878815911193476
2011-05-31,0.04735940998287891,0.09816849816849826,0.09504473503097044,0.08520552504576462,0.017793898015788345,0.05878911962562161,0.35526315789473695,0.35526315789473695,0.368421052631579,0.368421052631579,2.371359223300971,8.284810126582279,-1.7434782608695651,1.5555555555555554,0.1978494623655913,-0.1031369893929136,-0.05517241379310345,-0.04743833017077792,0.017911456573166618,-0.11842105263157887,-0.09269662921348332,0.027964205816554788,-0.028187267131054572,-0.05143721633888043,0.0,0.011883802816901268
2011-08-31,0.006614189070241139,-0.06804536357571711,-0.04003519577650683,0.055206256709093626,0.03773268489015602,0.39723756906077345,5.490291262135922,5.490291262135922,5.5,5.5,-0.12526997840172782,-0.46489434219495573,-4.210526315789474,-2.3804347826086953,-0.2280071813285458,-0.14569703069954698,-0.0048661800486617945,-0.0019920318725100694,0.05079681274900394,-0.15671641791044788,-0.12383900928792557,0.027203482045701888,0.030838473078846462,-0.022328548644338198,0.02499999999999991,-0.11700739451935616
2011-11-30,-0.0347024434117823,-0.060844667143879705,-0.030705774518790085,-0.1127743060601657,-0.037168713639301854,-0.269276393831554,-0.837696335078534,-0.837696335078534,-0.8284023668639053,-0.834319526627219,-0.3827160493827161,-0.6993630573248408,-0.1165755919854281,-1.1574803149606299,0.04651162790697683,-0.03063328424153189,-0.02444987775061125,-0.0239520958083832,-0.03096366508688775,-0.07964601769911495,-0.05865724381625437,0.026483050847457612,-0.002587322121604063,-0.012234910277324595,-0.024390243902438935,0.05862068965517242
2012-02-29,0.008437508088102064,0.65625,0.034110097939885176,0.07190827190827198,-0.007510909701242019,-0.030844155844155896,-1.640552995391705,-1.640552995391705,-1.6206896551724137,-1.6428571428571428,-0.5706666666666667,0.05084745762711873,-0.8969072164948454,0.050000000000000044,0.046666666666666634,-0.021877848678213296,-0.15413533834586457,-0.15746421267893662,-0.010107597000326152,0.009615384615384581,-0.0015015015015015232,0.02579979360165119,-0.015726329442282805,-0.1610239471511148,0.02499999999999991,0.5453699395067473
2012-05-31,0.012807022046557037,-0.0018407731247124248,0.07354670150228615,0.10971882640586794,-0.026508265336321002,-0.012283640424343933,-1.1007194244604317,-1.1007194244604317,-1.1111111111111112,-1.1111111111111112,2.527950310559006,3.870967741935484,-11.66,19.428571428571427,0.910828025477707,-0.03013358185771975,-0.11111111111111116,-0.11650485436893199,-0.026350461133069825,-0.01904761904761909,0.1451127819548872,0.02515090543259557,-0.038873332235216496,-0.11417322834645671,-0.024390243902438935,-0.1005721168322794
2012-08-31,-0.009629517003699739,-0.10511756569847852,-0.09412265758091998,-0.18259432663178188,0.050681837922348594,0.323911814584511,94.0,94.0,84.5,84.5,-0.10387323943661975,-0.880794701986755,-3.2889305816135086,-1.7738927738927739,-0.36888888888888893,0.061178731582319124,0.0016666666666667052,0.0,0.05345060893098785,0.08737864077669921,0.20157583716349303,0.024533856722276814,0.06083976006855174,0.018888888888888955,0.0,0.09474389019082685
2012-11-30,0.0020213909216519887,-0.0618238021638331,0.023037141513869264,0.23652291105121304,-0.010912247344273096,-0.23612297181895814,-0.9300751879699248,-0.9300751879699248,-0.9298245614035088,-0.9298245614035088,-0.48624754420432215,0.19444444444444442,-0.6286885245901639,-0.6897590361445782,-0.18133802816901412,0.11409598551162059,-0.08818635607321135,-0.09065934065934078,-0.009633911368015391,0.06249999999999978,0.10218579234972691,0.023946360153256796,-0.01292407108239102,-0.07960741548527805,-0.025000000000000022,-0.2412844036697248
2013-02-28,-0.01241030617195682,-0.0159253157605711,-0.005252100840336116,-0.07602179836512257,-0.016966860295039465,0.00419228619340406,-0.6021505376344086,-0.6021505376344086,-0.5833333333333333,-0.5833333333333333,-0.23709369024856597,-0.029069767441860517,-0.5518763796909492,-1.1067961165048543,0.023655913978494647,0.006773232186399358,0.13686131386861322,0.13897280966767367,-0.014591439688715901,0.008403361344537785,0.10312345066931083,0.023386342376052305,-0.004582651391162096,0.13507109004739326,0.0,0.06489318823055212
2013-05-31,0.0337168713639302,0.296875,0.10209873284054916,0.1877027425538189,-0.010330315010840474,-0.031728360701363756,0.10810810810810811,0.10810810810810811,0.0,0.0,1.899749373433584,6.221556886227545,-2.413793103448276,20.363636363636363,0.49369747899159666,-0.07077502691065651,0.014446227929374,0.01591511936339529,-0.010200723922342947,-0.050000000000000044,-0.1833707865168539,0.022851919561243106,-0.04258467609339023,0.02192066805845516,0.0,0.09197577592732764
2013-08-31,0.010355436604217116,0.13339070567986222,-0.03389424516438111,-0.07039106145251395,0.04209621993127155,0.35843633227939065,21.78048780487805,21.78048780487805,22.999999999999996,22.999999999999996,-0.3059636992221262,-0.6401326699834162,-1.3937282229965158,0.14893617021276606,0.379746835443038,0.015059368664928963,-0.264240506329114,-0.27154046997389036,0.03922872340425543,0.026315789473684292,-0.0005503577325262077,0.022341376228775633,0.0314270994332817,-0.26557711950970375,0.0,0.21941074523396886
2013-11-30,-0.007154705023147523,-0.26461655277145024,-0.03626107977437554,-0.10256410256410253,0.012201154163231642,-0.22598391874735502,-0.9293361884368309,-0.9293361884368309,-0.925,-0.925,-0.4084682440846824,-0.42626728110599077,5.646017699115045,-2.9222222222222225,-0.5290519877675841,-0.00998573466476449,-0.03010752688172036,-0.028673835125448077,0.012156110044785562,-0.0512820512820511,0.3458149779735684,0.021853146853146876,0.01948051948051943,-0.030598052851182334,0.0,-0.18078453666856165
2014-02-28,-0.004962098543786153,-0.15074858027878157,-0.007267815796243915,-0.004761904761904745,-0.003502199055220756,-0.019956260251503544,-1.2272727272727273,-1.2272727272727273,-1.2222222222222223,-1.2222222222222223,0.004210526315789442,0.40160642570281135,-0.7842876165113182,-0.9210019267822736,-0.08874458874458879,0.10547550432276642,-0.05764966740576494,-0.05535055350553497,-0.004740834386852133,0.09009009009009006,0.12929623567921444,0.021385799828913532,0.0014698677119060477,-0.04734576757532283,0.0,-0.14642609299097842
2014-05-31,0.015561959654178725,-0.012158054711246202,0.04703595724003895,0.10660885167464107,-0.0042909685328974545,0.013389121338912124,-8.066666666666666,-8.066666666666666,-8.0,-8.0,1.507337526205451,1.63323782234957,1.2037037037037037,0.9024390243902438,-0.18527315914489306,-0.006777893639207444,0.05176470588235271,0.05859375,-0.00412829469672904,0.0,0.045652173913043326,0.020938023450586263,-0.019569471624266144,0.052710843373493965,0.0,-0.1073170731707318
2014-08-31,-0.013053348467650383,-0.014153846153846183,-0.08173999133716969,-0.046615322253749536,0.032505643340857704,0.36168455821635015,10.764150943396226,10.764150943396226,10.5,10.428571428571429,-0.0635451505016722,-0.6202393906420022,0.8739495798319328,-2.1923076923076925,0.2711370262390671,0.0018372703412072866,0.2751677852348995,0.29151291512915156,0.03252551020408179,0.008264462809917328,-0.06202356202356196,0.020508613617719496,0.04624085163007319,0.2689556509298998,0.0,0.033697632058287796
2014-11-30,-0.011625871940395549,-0.061797752808988804,0.027223719676549907,-0.01913265306122447,-0.034543069523393144,-0.24823125126339196,-1.0817963111467521,-1.0817963111467521,-1.0869565217391304,-1.0875,-0.43125,1.5501432664756445,-1.2391629297458895,-2.129032258064516,-0.24082568807339455,0.015719151165836998,-0.11754385964912284,-0.11714285714285722,-0.03458925262507728,-0.016393442622950838,-0.20871813816032503,0.020096463022508004,-0.02321144674085862,-0.12288613303269458,0.025641025641025772,-0.043171806167400795
2015-02-28,-0.020692097541232468,-0.05123087159015305,0.007871949619522534,0.07094350527380433,-0.03861989459815551,-0.05055122344716323,-1.4803921568627452,-1.4803921568627452,-1.4285714285714284,-1.4285714285714284,0.2103610675039247,0.09438202247191008,-0.05625000000000002,-0.5142857142857142,-0.15407854984894265,0.15166365746711352,0.06361829025844923,0.06148867313915862,-0.038707613563659704,0.19166666666666665,0.31932773109243695,0.01970055161544515,-0.01839192708333326,0.055269922879177535,0.0,-0.11418047882136284
2015-05-31,-0.0026605362401198596,0.03716690042075732,-0.0003254360843529813,0.03656233135456022,-0.004197002141327677,0.016709147550268977,3.5306122448979593,3.5306122448979593,3.833333333333333,3.833333333333333,0.9649805447470816,-0.5349075975359343,-7.701986754966887,-1.3529411764705883,0.06428571428571428,0.03381858902575585,0.10280373831775691,0.10060975609756095,-0.0053244592346090025,0.0769230769230771,-0.015923566878981,0.019319938176197926,-0.0014922898358481484,0.09257003654080376,0.0,0.0005197505197505059
2015-08-31,0.004817280049726813,0.09330628803245444,-0.05957419102806172,-0.1215670961863855,0.04735076552554629,0.36016713091922004,4.4774774774774775,4.4774774774774775,4.379310344827587,4.379310344827587,-0.15445544554455448,-0.16556291390728473,-0.3596837944664032,12.38888888888889,0.8087248322147651,0.06975736568457558,-0.013559322033898202,-0.013850415512465353,0.04717296754767486,0.0714285714285714,-0.019057892844300484,0.022744503411675554,0.04234473596811705,-0.01783723522853964,0.0,0.2446753246753246
2015-11-30,0.011341083073433511,0.515769944341373,0.07075602326225416,0.030671210549711114,-0.023898492998809195,-0.2402211755068605,-0.7779605263157895,-0.7779605263157895,-0.7756410256410257,-0.7756410256410257,-0.2365339578454333,0.7804232804232805,-1.875,2.5518672199170123,1.5881261595547311,0.03300931551235298,0.27491408934707895,0.2696629213483146,0.3143769968051118,-0.012121212121212088,0.056451612903225756,0.02223869532987388,-0.03488927831766775,0.26901248581157766,0.0,0.4707846410684473
2016-02-29,-0.020159543288222892,-0.24112607099143202,0.02295357558515443,-0.04197814836112712,-0.04821000378612594,-0.015902964959568777,-0.4740740740740741,-0.4740740740740741,-0.48571428571428565,-0.48571428571428565,-0.18404907975460127,-0.3179791976225854,-2.670194003527337,-1.7207943925233646,-0.4422939068100359,-0.056067437757302496,0.06064690026954178,0.05530973451327448,-0.021633446767136633,-0.28220858895705525,-0.2605829285218598,0.021754894851341522,-0.028557279630241017,0.04472271914132375,0.02499999999999991,-0.20800227014755956
2016-05-31,0.03654476408469032,-0.13978494623655913,0.07831363377789025,0.1766206482593038,0.007337016574585631,0.014790468364831444,3.26056338028169,3.26056338028169,3.500000000000001,3.4444444444444446,1.3596491228070176,2.7342047930283226,-0.5417106652587117,-0.580226904376013,-0.3329048843187661,0.02762201453790225,0.2134688691232527,0.1970649895178196,0.027826086956521667,0.05128205128205132,-0.02440168934772402,0.024840312278211485,-0.028207306711979685,0.1986301369863015,0.0,-0.2687208885704049
2016-08-31,-0.01302351258437684,-0.028750000000000053,-0.03681125439624855,-0.09450325213620714,0.004782589618709032,0.3757085020242914,1.3537190082644628,1.3537190082644628,1.382716049382716,1.4124999999999996,-0.24110462028677637,-0.7380396732788799,1.4078341013824884,-0.7799227799227799,-0.10982658959537572,-0.0608326596604688,0.10994764397905765,0.08931698774080554,0.029731689630166924,-0.08943089430894302,-0.22655122655122661,0.02423822714681445,0.018010141633152843,0.07857142857142851,0.0,0.07251347378735917
2016-11-30,-0.010068137902979779,0.08687258687258681,-0.005659688412852915,-0.003943661971830936,-0.013231441048034975,-0.227781047675103,-0.5730337078651686,-0.5730337078651686,-0.5647668393782384,-0.5647668393782384,-0.28341497550734784,0.5612472160356348,-0.8421052631578947,-3.473684210526316,0.30519480519480524,0.047772756617172396,0.1537735849056605,0.1414790996784565,-0.010093896713615047,0.01785714285714257,-0.07089552238805963,0.023664638269100813,-0.003091721058055663,0.12317880794701996,0.024390243902439046,0.09090909090909083
2017-02-28,-0.00598417916581051,-0.05447010065127289,-0.018116163779913097,0.055571266968325705,0.0027879807054034256,-0.03683943089430897,-0.42105263157894735,-0.42105263157894735,-0.4285714285714286,-0.4285714285714286,-0.08984375,-0.32382310984308127,2.727272727272727,-2.1773049645390072,-0.275290215588723,0.10412815773259387,0.07522485690923952,0.07323943661971843,0.001422812425895037,0.11403508771929838,-0.04016064257028107,0.023117569352707923,0.008787043418332141,0.06603773584905648,0.0,-0.10427135678391963
2017-05-31,0.04516445753559162,0.11083281152160307,0.09000810322258923,0.21339584728734096,0.013415710503089207,0.04062252703772096,0.07670454545454541,0.07670454545454541,0.08333333333333348,0.08333333333333348,1.0568669527896994,2.080168776371308,-0.4796747967479674,-1.963855421686747,0.3661327231121281,0.11049107142857162,-0.07756653992395435,-0.07874015748031504,0.01326071513142324,0.11023622047244097,0.02789400278940035,0.0258231116849581,-0.030401366353544068,-0.08849557522123885,0.023809523809523725,-0.08461898083216457
2017-08-31,0.004746483399668655,-0.06369785794813976,-0.05810030308228975,-0.12022521527931107,0.05260407594495731,0.39797211660329523,2.5065963060686016,2.5065963060686016,2.5384615384615383,2.519230769230769,-0.244131455399061,-0.6678082191780822,2.340625,-1.675,-0.18090452261306533,0.1073701842546062,-0.04781533388293491,-0.042735042735042805,0.05865856508530021,0.09219858156028371,0.1899592944369064,0.025173064820641855,0.047560331160824365,-0.058252427184465994,0.0,0.06435137895812049
2017-11-30,0.003321605196466848,-0.03913305237808551,0.005524861878453136,0.10427908144058229,0.0018202879364555002,-0.22774252039891207,-0.5891647855530474,-0.5891647855530474,-0.5815217391304348,-0.5846994535519126,-0.29330572808833677,0.38144329896907214,-0.5809167446211412,-0.12962962962962965,-0.1922290388548057,0.005142943578883674,-0.03982683982683988,-0.034226190476190466,0.0006622516556291647,-0.045454545454545525,0.03249714937286208,0.027624309392265234,-0.0015133680847486675,-0.04123711340206193,0.023255813953488413,-0.12955854126679456
2018-02-28,0.016258766982196304,0.04448621553884702,0.03000845308537614,0.005795454545454604,0.0068549719193922165,-0.006339516318384586,-0.2838827838827839,-0.2838827838827839,-0.2987012987012987,-0.2894736842105263,0.0400390625,-0.11791044776119408,-0.044642857142857095,-1.6170212765957448,0.14683544303797458,0.03370955605718584,-0.0036068530207393756,-0.0015408320493066618,0.006618133686300487,0.03401360544217691,0.056322473771396986,0.026881720430107725,-0.0090939710340181,-0.01008064516129037,0.0,0.03803748621830194
2018-05-31,0.017929104027412546,0.3665266946610677,0.06987513922269772,0.05163258388882608,-0.018415224345828873,0.029536862003780806,0.4347826086956521,0.4347826086956521,0.462962962962963,0.4444444444444444,0.8985915492957746,1.539763113367174,-1.2079439252336448,9.344827586206897,1.3245033112582782,-0.046440529917018414,0.05791855203619911,0.05709876543209891,-0.011615165461319354,-0.052631578947368474,-0.0616832200731835,0.02908667830133793,-0.03585995921142082,0.04548540393754252,0.022727272727272707,0.299522039298991
2018-08-31,-0.01021714394083062,-0.22958735733099211,-0.06311982905046298,-0.13837559088955742,0.030125767768353295,0.3394537525820518,2.0427807486631018,2.0427807486631018,2.0632911392405062,2.08974358974359,-0.33234421364985167,-0.6575616255829447,-16.370786516853933,-1.8783333333333334,-0.5004748338081672,-0.06961832061068707,0.12831479897348141,0.12700729927007304,0.037694013303769314,-0.06249999999999989,-0.13147632311977708,0.028264556246466954,0.04089546976908154,0.11363636363636376,0.0,-0.10584389047813647
2018-11-30,0.015519842885541202,0.2678062678062678,0.050236855956488746,0.14763092269326683,-0.008558448933235985,-0.23646333104866346,-0.7111892208553017,-0.7111892208553017,-0.7066115702479339,-0.7012448132780082,-0.17555555555555558,0.7431906614785992,-1.1805555555555556,-1.8652751423149905,0.8669201520912548,-0.005907449950771193,-0.018953752843063,-0.0272020725388602,-0.008333333333333304,-0.04444444444444451,-0.13470173187940981,0.027487630566245258,-0.023708721422523338,-0.026822157434402416,0.0,0.10466179159049371
2019-02-28,0.0360604702719276,-0.055730337078651715,0.09639158035415973,0.04758800521512385,-0.008264124698277642,0.048698384201077305,-0.3184584178498986,-0.3184584178498986,-0.323943661971831,-0.33333333333333337,0.0017969451931716396,1.2979910714285716,1.477732793522267,-1.7258771929824561,-0.3228105906313645,-0.11720039617035327,-0.015455950540958052,-0.030625832223701632,-0.00883430295194998,-0.10852713178294582,-0.1089696071163826,0.026752273943285276,-0.04284475281873379,-0.03954463750748949,0.0,-0.09846917666528754
2019-05-31,0.013248349647166036,0.34935744883388864,0.03631469348367111,0.07622899813316741,-0.0054865723361247065,0.035309223197089734,0.34226190476190466,0.34226190476190466,0.35416666666666674,0.35416666666666674,0.8421524663677129,-0.582807187955318,-2.042483660130719,-2.664652567975831,0.8270676691729324,0.015332834704562481,-0.03767660910518067,-0.0494505494505495,-0.005434782608695676,0.026086956521739202,0.02911813643926786,0.02605523710265767,-0.01848495831823127,-0.05926388022457896,0.022222222222222143,0.2537861404313906
