Quarter end,Assets,Current Assets,Liabilities,Current Liabilities,Shareholders equity,Revenue,Earnings,Earnings available for common stockholders,EPS basic,EPS diluted,Cash from operating activities,Cash from investing activities,Cash from financing activities,Cash change during period,Cash at end of period,Price,ROE,ROA,Book value of equity per share,P/B ratio,P/E ratio,Equity to assets ratio,Net margin,Asset turnover,Current ratio
1994-12-31,0.050412377725209456,0.06298864315600716,0.04104313847634966,0.0005434782608695343,0.058127470067733666,0.13370531579922207,0.36181457828672103,0.36181457828672103,-0.30000000000000004,7.0,0.46215284080595387,0.24699398797595196,-0.11208920187793425,0.8298245614035087,0.07448546226723285,0.10077519379844957,-0.1903780068728521,-0.1686746987951807,0.05263157894736836,0.1271753681392236,0.0541182682154171,0.00729394602479938,-0.06141078838174263,-0.10000000000000009,0.06241118839279047
1995-04-01,0.050412377725209456,0.06298864315600716,0.04104313847634966,0.0005434782608695343,0.058127470067733666,0.13370531579922207,0.36181457828672103,0.36181457828672103,-0.30000000000000004,7.0,0.46215284080595387,0.24699398797595196,-0.11208920187793425,0.8298245614035087,0.07448546226723285,0.10077519379844957,-0.1903780068728521,-0.1686746987951807,0.05263157894736836,0.1271753681392236,0.0541182682154171,0.00729394602479938,-0.06141078838174263,-0.10000000000000009,0.06241118839279047
1995-07-01,0.08956450287592443,0.09695340703336752,0.1137599956481532,0.2248458318688693,0.06996242962440635,0.13370531579922207,0.36181457828672103,0.36181457828672103,-0.30000000000000004,7.0,0.46215284080595387,0.24699398797595196,-0.11208920187793425,0.8298245614035087,0.12684706597750073,0.18661971830985924,-0.1903780068728521,-0.1686746987951807,0.07499999999999996,0.1271753681392236,0.0541182682154171,-0.017921795800144857,-0.06141078838174263,-0.10000000000000009,-0.10439618457639643
1995-09-30,0.5911010558069381,1.0503998359647326,-0.08433764362552965,-0.11120676162153698,1.1607096887131485,-0.14791594339044667,-0.4354786545924968,-0.4354786545924968,-0.47619047619047616,7.0,-0.9860955927995034,-0.04499799116110892,69.37276933245208,46.7320230105465,5.373104527548432,0.2136498516320473,-0.1903780068728521,-0.1686746987951807,0.8837209302325584,0.12945368171021365,0.0541182682154171,0.35797235023041485,-0.06141078838174263,-0.10000000000000009,1.3069365297700921
1995-12-30,0.0671364320999357,0.08457669153383063,0.10109347913055067,0.25757975991312265,0.05500088165350547,0.2706835394497171,1.3789745058722431,1.3789745058722431,1.0,7.0,13.758928571428571,0.053148226055251824,-1.0006856133891842,-1.0600789402324016,-0.05065198983911934,-0.17114914425427863,-0.1903780068728521,-0.1686746987951807,0.04938271604938271,-0.5594111461619348,0.0541182682154171,-0.01140219899552064,-0.06141078838174263,-0.10000000000000009,-0.13756388415672915
1996-03-30,0.042336606951915545,0.03506968295752633,0.1013673081348172,0.19616309193175718,0.020318555927977044,-0.008223622166056765,-0.49163154726068636,-0.49163154726068636,-0.40909090909090906,7.0,5.179068360556564,0.11571238348868174,-2.589041095890411,-1.3472082915412904,0.01852512531440098,-0.18289085545722716,-0.1903780068728521,-0.1686746987951807,0.0235294117647058,-0.22195704057279253,0.0541182682154171,-0.021007826445146205,-0.06141078838174263,-0.10000000000000009,-0.13467654320987654
1996-06-29,-0.013512703077209531,-0.037288769720022485,-0.06870388493638735,-0.12120502614532114,0.008708472054969274,-0.11169221406564989,-0.5999526290857413,-0.5999526290857413,-0.6153846153846154,7.0,-0.6651654591736832,-0.0883160281656522,0.9051724137931034,-2.91478093403948,-0.03482639344980076,0.018050541516245522,-0.3208828522920204,-0.1686746987951807,0.0,-0.006134969325153228,0.0541182682154171,0.02244039270687259,-0.19274977895667544,-0.11111111111111105,0.0954870226219553
1996-09-28,-0.011566815558086807,-0.03142783118817838,-0.05519936712597262,-0.10925843694493786,0.004652408060077606,-0.0708214690958916,-0.5441089402013026,-0.5441089402013026,-0.6000000000000001,7.0,0.8593567251461989,-0.1252781777719597,0.407239819004525,-0.9839074679406588,-0.0005806674045981675,-0.2730496453900709,-0.17125,-0.1686746987951807,0.0,-0.27160493827160503,-0.19459053343350874,0.016460905349794164,-0.1610076670317635,-0.015625,0.0873723692435926
1996-12-28,0.018891805889607927,0.0146307910562542,0.04998875253068058,0.027243949250978394,0.008021004897356576,0.06944540448376757,1.0389610389610389,1.0389610389610389,1.0,7.0,0.040886931907532675,-0.12481293026040108,-0.9003215434083601,-12.6875,0.006790493309366985,-0.19999999999999996,-0.45550527903469074,-0.4554865424430642,0.011494252873563315,-0.19915254237288138,-0.028606965174129306,-0.010661268556005465,-0.43080939947780683,-0.04761904761904767,-0.012283693923308303
1997-03-29,0.002379643720631819,-0.009735613136486854,0.010616772596348412,0.021668446083664916,-0.0006197585975252773,0.10156199504470531,0.2331210191082802,0.2331210191082802,0.5,7.0,-0.18038978697688468,0.1482558139534884,-67.6774193548387,-5.570855614973262,-0.03082902021604661,0.12195121951219523,-0.27977839335180055,-0.2737642585551331,0.0,0.10582010582010581,0.9631882202304738,-0.00300095484927021,-0.2706422018348623,0.0,-0.030732218385006504
1997-06-28,0.03790784210559672,-0.001079164051951964,0.10719585443410673,0.2161501009381308,0.012394185401054747,0.23843611257798902,0.7169421487603307,0.7169421487603307,0.6666666666666667,7.0,-0.127926267281106,0.6717795979151153,-0.7808417997097242,1.0459198596080723,-0.06508005917214821,0.15760869565217384,0.26538461538461533,0.25654450261780104,0.011363636363636465,0.1578947368421053,0.6344366541659872,-0.02462717197975106,0.16981132075471672,0.08333333333333348,-0.17863004924136283
1997-09-27,-0.000680995046753563,-0.00580141918228072,-0.054344126281751226,-0.09975393508573216,0.020929535232383722,-0.04016108654453565,0.3372442839951866,0.3372442839951866,0.30000000000000004,7.0,-0.36271401395053904,-0.4208088366292535,-1.8962472406181017,-0.5591136526090064,-0.03069023166945306,0.5727699530516432,0.46808510638297895,0.4624999999999999,0.011235955056179803,0.5537190082644627,0.2152833200319233,0.021601907700939726,0.36827956989247324,0.06153846153846132,0.10437685821513876
1998-01-03,0.013879763720094473,-0.0026184526715876677,0.10270744519307562,0.11820469434682623,-0.019254330021482247,0.14897082778024573,0.2245219347581553,0.2245219347581553,0.23076923076923084,7.0,0.8311774461028192,1.0301445709012613,-30.862068965517242,5.440012970168612,-0.203903330458708,-0.05373134328358209,0.33954451345755676,0.32478632478632474,-0.011111111111111072,-0.06382978723404253,-0.3691512066984075,-0.03267884113689401,0.21414538310412579,0.0869565217391306,-0.1080609925634971
1998-04-04,0.014467374563341462,-0.010616495884428034,0.03566109717036947,0.1055347546898946,0.0055786812237161865,0.055032865059930325,-0.8767223957376447,-0.8767223957376447,-0.875,7.0,-0.8335446477087485,0.2792424242424243,-1.0517980864401189,-0.22743064296863202,-0.19787730678462268,-0.141955835962145,-0.08809891808346204,-0.09677419354838701,0.011235955056179803,-0.13068181818181812,-0.3707221860767729,-0.008800567778566304,-0.16019417475728148,0.08000000000000007,-0.10504700643245912
1998-07-04,0.01966837106075503,0.00696603813857366,0.00928789520338813,-0.027111446470247547,0.024152205266091187,0.07435458913592319,7.001490312965723,7.001490312965723,7.0,7.0,-0.5788900979325353,-0.3568636740495085,-0.2898089171974523,-0.33674400417101147,-0.16361999389057702,0.1654411764705881,0.13898305084745766,0.1333333333333333,0.022222222222222143,0.15032679738562083,0.2789495450785773,0.004439352713733413,0.08285163776493243,0.04938271604938271,0.035025156189528506
1998-10-03,0.014909630216695113,-0.0027411250656376174,-0.01475510622310272,-0.05405649146856173,0.027537303512678246,0.04649282393369725,0.1823430806481654,0.1823430806481654,0.1875,0.1875,7.475452196382429,0.10276243093922655,-0.20403587443946192,-0.1717598506436081,-0.16202760370612435,0.05362776025236582,0.10863095238095233,0.10084033613445365,0.021739130434782483,0.03125,-0.0808407437348424,0.012403763900769693,0.039145907473309594,0.05882352941176472,0.05424534601105746
1999-01-02,0.25312214700360025,0.047857591420704226,0.6376818771604877,0.8731242253789684,0.09616060996858788,0.14984547034962326,0.2919029615626969,0.2919029615626969,0.368421052631579,0.21052631578947367,-0.6015243902439025,0.42234468937875747,40.267605633802816,-0.8890734369438842,-0.021448397678526354,-0.11077844311377238,0.11140939597315436,0.0725190839694656,0.07446808510638303,-0.12947658402203854,-0.21143359718557608,-0.12519363469933809,0.06506849315068486,0.0,-0.4405907985407378
1999-04-03,-0.01768903856948123,-0.04382321348718632,-0.0665650590896445,-0.11777759680768762,0.012115378232150587,-0.08925496619209605,-0.6565053042311912,-0.6565053042311912,-0.6923076923076923,-0.6521739130434783,0.25248661055853105,-0.43530585887049433,-0.9902389078498294,7.283422459893048,-0.18156031693937835,-0.15488215488215495,0.06280193236714982,0.039145907473309594,0.00990099009900991,-0.21202531645569622,-0.25340173990631276,0.030264005151320106,0.06270096463022523,-0.022222222222222254,0.08382772519360548
1999-07-03,0.2890237986398112,0.18013027274348992,0.5530919552145968,-0.1629935614889345,0.14051408748378447,-0.045663627036187315,-1.4029108981185658,-1.4029108981185658,-1.375,-1.375,3.919364691508858,1.9691236095228195,470.93706293706293,-7.0969657843770175,1.3525334402658036,-0.10358565737051784,-0.3329545454545454,-0.36986301369863017,0.13725490196078427,-0.11244979919678721,-0.18524051389303853,-0.11515624999999996,-0.2934947049924358,-0.10227272727272718,0.40995320073541675
1999-10-02,0.04753685178048328,-0.004632882846077213,0.03986266051448073,-0.004893851668045235,0.05341401774503263,-0.02238409316034884,-1.5991189427312775,-1.5991189427312775,-1.6666666666666667,-1.6666666666666667,-0.7720104308953185,-0.5809873949579831,-0.9997777349711796,-1.215264395078461,-0.12376117076971782,-0.04888888888888887,-0.393526405451448,-0.42391304347826086,0.06034482758620685,-0.16742081447963797,0.3359002566923359,0.005650715168638465,-0.3447537473233405,-0.12658227848101278,0.00026672198678245884
2000-01-01,0.1415140942379438,-0.004962280104088834,0.13119601368890255,0.0026459790815265283,0.1493143912625452,0.10891027938069175,-6.254411764705883,-6.254411764705883,-6.5,-6.5,7.639978213507625,0.0458761594384558,24.4,-1.3647811116576487,0.05152218316219481,-0.01869158878504673,-1.103932584269663,-1.1037735849056605,0.1382113821138211,-0.07065217391304357,0.5371946198188307,0.006848112379280069,0.0,-0.1159420289855072,-0.007584735719364688
2000-04-01,0.10132533201390248,0.022130190695007546,0.09422458982670934,0.07146015253675242,0.10660875026719485,-0.029372764449594913,-1.669465435208508,-1.669465435208508,-1.6363636363636365,-1.6363636363636365,0.6791275294710963,-0.2672579098753596,1.1181102362204722,3.8530204962243797,0.23778691015764375,0.7476190476190474,0.216216216216216,0.18181818181818166,0.1071428571428572,0.5321637426900585,0.0,0.004708754795953896,0.0,-0.11475409836065564,-0.0460353475041797
2000-07-01,-0.09313243278890326,-0.022559061155637328,-0.06621591398964743,0.12829473358436072,-0.11293595812417279,0.07341545455589094,-2.092391304347826,-2.092391304347826,-2.142857142857143,-2.142857142857143,-0.3561720979125995,1.4792280013084724,0.526641883519207,-1.2436232286746318,-0.046801605602527996,-0.114441416893733,0.8444444444444446,0.8076923076923079,-0.11612903225806448,-0.1984732824427481,0.0,-0.021871202916160293,0.0,-0.01851851851851849,-0.13372347749890456
2000-09-30,0.09708378972501364,0.01659757890043112,0.0666696749649418,0.04947598203366965,0.12063917930409684,0.11575153472652988,-48.200918484500576,-48.200918484500576,-46.125,-44.125,-0.4963554726223104,-0.12222368826142416,-0.35876623376623373,1.5294251824817517,-0.12419362064331152,0.4276923076923076,-37.30120481927711,-37.680851063829785,0.10218978102189769,0.6142857142857143,0.0,0.02147293700088726,9.428104575163399,0.018867924528301883,-0.031321122791806655
2000-12-30,-0.14878112437875524,0.1716810708947949,-0.11261019398045546,0.11422690741184405,-0.17544596163626414,0.1461298825784807,-1.144726600505935,-1.144726600505935,-1.1412742382271468,-1.1478260869565218,-0.8968391802709275,-1.4233891171460067,3.121518987341772,-2.144738028677067,0.16232944155296103,0.4181034482758621,-0.09956853634251583,-0.10498839907192581,-0.185430463576159,0.2861356932153394,-0.7176785714285714,-0.03127171646977067,-0.18458163585083054,0.09259259259259256,0.05157753412396504
2001-03-31,-0.059375968306860205,-0.024395485552659357,-0.08847279368082905,-0.11459707765234817,-0.03629148398246229,0.011926068411808988,-1.3545098039215686,-1.3545098039215686,-1.3529411764705883,-1.3333333333333335,12.222222222222221,-2.473491124260355,-1.0125921375921376,-1.1169056247045848,-0.016326889859505145,-0.12310030395136784,0.0998894213048287,0.09721322099805585,-0.0325203252032521,0.07568807339449535,-0.003795066413662229,0.02456958393113351,-0.042659492697924684,0.15254237288135597,0.10185480724899798
2001-06-30,0.08514153750101316,0.0832344435048924,0.10979691673908154,0.18701843470581747,0.06663989880540866,0.07429997685873913,-11.90123261694058,-11.90123261694058,-12.0,-12.647058823529411,0.8338001867413631,0.4428559955023692,-116.02439024390245,-6.89622641509434,0.09786486819000317,-0.15944540727902945,-0.6025469168900804,-0.6030714707619611,0.0672268907563025,-0.13006396588486147,-0.18666666666666665,-0.016978820234552883,-0.6378964271376957,0.10294117647058809,-0.08741832694969254
2001-09-29,-0.028189205899134873,0.03467864932679543,-0.006340172551294154,0.24286723951939893,-0.0452483180826283,0.07578508454756672,-1.1339750373280373,-1.1339750373280373,-1.1313131313131313,-1.1262626262626263,-0.23389187187557858,0.06596159198441409,-0.8519932145886344,-1.2502857142857142,-0.022310740736967594,0.2247422680412372,-2.7596964586846546,-2.741071428571429,-0.047244094488189003,0.1470588235294117,2.282591725214676,-0.017628205128205177,0.0,0.11999999999999988,-0.16749550312136297
2001-12-29,0.16495622635708096,0.10213087003658172,0.15815490804819943,0.1836166646713755,0.170482909910177,0.0854494876177263,0.1953040467431293,0.1953040467431293,0.23076923076923084,0.28,-0.09963144220892994,-0.07994778067885122,20.445558739255013,-6.281735159817352,0.12052850399608217,0.10437710437710424,-0.4269286056540489,-0.42820512820512824,0.14876033057851235,0.15811965811965822,0.0,0.004712706180895587,0.0,0.023809523809523725,-0.06884426368412122
2002-03-30,0.02138839986410268,-0.022262106098781653,-0.006419645753993342,-0.017719422459352208,0.043746944957311795,0.15478370864243085,-0.05820584774146831,-0.05820584774146831,-0.09375000000000011,-0.12499999999999989,-1.5345591195812642,0.4764742607412453,-0.9749482263344245,-3.859081870839457,-0.30753422109805084,-0.0929878048780487,-0.1446488294314381,-0.14648729446935727,0.05035971223021596,-0.21033210332103314,0.0,0.02182933429550782,0.0,0.03488372093023262,-0.004640793484690042
2002-06-29,-0.010546542650064494,0.2296932363739057,-0.016685424427359874,0.29877401293561157,-0.005847924835966967,0.030197398448197132,0.41214917339484813,0.41214917339484813,0.4137931034482758,0.3928571428571428,-3.060758222445393,-3.0301376182055817,-2.2880000000000003,-3.084031326539869,0.925548915597932,0.08571428571428563,-2.1417399804496577,-2.147110332749562,-0.013698630136986356,0.032710280373831724,0.0,0.004766949152542388,-0.22283813747228387,0.04494382022471921,-0.053206563971294085
2002-09-28,-0.020799762177300174,-0.08821890018826983,-0.09282568464221919,-0.13133640552995396,0.03372695276078708,0.05403908668516344,-0.06289136945276341,-0.06289136945276341,-0.04878048780487798,-0.05128205128205132,-1.8578216374269005,-1.757365750208286,-0.3747412008281573,-1.7955195078423123,-0.38238042765681446,-0.21207430340557276,0.041952054794520466,0.06412213740458017,0.03472222222222232,-0.20135746606334848,-0.21902497027348378,0.055701985591284364,0.0199714693295292,0.043010752688172005,0.04967894558972619
2002-12-28,0.1055312097898824,0.17459726084903182,0.20138535954309433,-0.055640169989446986,0.041849263316962704,0.08058067261770274,-0.33483439860546194,-0.33483439860546194,-0.3076923076923077,-0.43243243243243246,-4.020735690952989,-0.3232161608080404,-126.38741721854305,-1.9846246443423068,0.6096004878158947,-0.18860510805500985,-0.06409202958093674,-0.06025824964131987,0.04026845637583887,-0.2152974504249291,-0.2603532277710111,-0.057589880159786944,-0.10629370629370627,0.061855670103092786,0.2437678226474107
2003-03-29,-0.021299175263288284,-0.06170842956893896,-0.06689248154776872,-0.12928342323513597,0.013629647088685637,-0.03635470758698489,-0.3892771347455777,-0.3892771347455777,-0.40740740740740744,-0.2857142857142857,-0.4850251539799708,0.05145917990395277,-1.0102992051126312,-1.1390015745114384,-0.05264376363623613,0.03874092009685226,-0.1185250219490781,-0.1099236641221375,0.012903225806451646,0.0,0.13050638122684233,0.035676439420699424,-0.12676056338028163,0.009708737864077666,0.07761999852081947
2003-06-28,0.013944230943212066,-0.021127934104651747,0.013594443017788782,0.08172156394816432,0.014190914416287725,0.047953741592706045,0.5989629894510995,0.5989629894510995,0.5625,0.6666666666666667,0.672098968319182,0.19456838702877421,46.323076923076925,0.8658049040511726,-0.10368115877635353,-0.28904428904428914,-0.1543824701195219,-0.14922813036020588,0.02547770700636942,-0.29963898916967513,-0.2064821558630736,0.0003410641200545239,-0.1630824372759857,0.019230769230769162,-0.09508939295151153
2003-09-27,0.023853120845812148,-0.009652589467028183,0.011713703938869724,0.013275357857472692,0.03240925474807366,-0.006755097619104977,0.3470871072347088,0.3470871072347088,0.3600000000000001,0.32000000000000006,-0.09115727975101695,0.1484073997823594,-1.2256718682271348,-0.9011499178630098,-0.010186883458087492,0.18032786885245922,-0.06949352179034163,-0.07258064516129026,0.024844720496894235,0.15463917525773208,0.3487838458008261,0.00835322195704058,-0.06423982869379008,-0.009433962264150941,-0.02263936291240043
2004-01-03,0.08535140610435965,0.05344338139955207,0.12738672338741597,0.12329902910163426,0.05631787762702167,0.10236460938863368,0.3453971943222378,0.3453971943222378,0.3529411764705881,0.36363636363636354,0.27140282367077195,0.19182011422132295,-0.043457382953181245,-2.4696531791907512,0.016977588581444936,0.336111111111111,0.16202531645569618,0.16739130434782612,0.048484848484848575,0.3035714285714284,0.3929908132017692,-0.026711749788672967,0.16704805491990826,0.0,-0.062158072401350295
2004-04-03,0.028974561873065463,0.039344583301280434,0.01756430647726659,-0.006857149296536469,0.037385784749737194,-0.038177908526047744,-0.12826999012833173,-0.12826999012833173,-0.13043478260869568,-0.15555555555555556,-0.2746603662138216,-0.6408449190966328,0.3787650602409638,8.679941002949853,0.16159850294240763,0.10395010395010407,0.1590413943355118,0.15642458100558665,0.034682080924855585,0.0513698630136985,-0.12066438690766967,0.008163974292166198,0.1705882352941177,-0.00952380952380949,0.046502006536758955
2004-07-03,0.008372170872354756,-0.009429032178478791,-0.03573767399242722,0.02767471150900369,0.04026704392662128,0.04417835932463765,0.01309363720008494,0.01309363720008494,0.0,0.0,0.19563517915309436,0.6088907502692353,-3.475514290915711,-1.218599217837371,-0.0304109434175569,0.026365348399246757,0.06015037593984962,0.0660225442834137,0.033519553072625774,-0.009771986970683932,-0.14111111111111108,0.031529979324603774,0.07872696817420421,-0.009615384615384581,-0.036094089741055546
2004-10-02,0.028617987936862654,0.05719875105569305,0.010743311980861092,0.019653306834492623,0.04059845870844714,0.011721178685581757,0.032485678356853454,0.032485678356853454,0.02499999999999991,0.026315789473684292,0.23189669263880575,0.022795730913688583,-1.3896896602441535,-6.511849442379182,0.17287792222934772,0.01284403669724754,0.005319148936170137,0.010574018126888296,0.03243243243243232,-0.019736842105263164,-0.07244501940491599,0.011691999331885805,0.018633540372670954,-0.009708737864077666,0.03683044869165775
2005-01-01,0.07098660101465515,0.09114721094845968,0.06396274830774673,0.07874390904168926,0.07555925985264023,0.0740261482600284,0.44975979430272695,0.44975979430272695,0.41463414634146334,0.46153846153846145,0.23136803927639438,0.17339296102385116,-0.45423664842423095,0.2155713864182438,0.1791707829285416,0.10507246376811596,0.03615520282186946,0.05231689088191338,0.0628272251308899,0.07046979865771807,0.06345885634588555,0.004292554069671439,0.06402439024390238,-0.009803921568627416,0.011471518987341778
2005-04-02,0.050999475701567265,-0.10535985223947097,0.08712251156505024,0.05421493244464082,0.02773626116136807,0.057871153877149695,-0.41566321291888364,-0.41566321291888364,-0.4137931034482758,-0.42105263157894735,-0.20395114942528736,3.0765035788429955,7.591286307053942,-3.1882997537885354,-0.332504320701429,0.04590163934426239,-0.06723404255319143,-0.0625,0.024630541871921263,-0.01567398119122254,-0.027213114754098267,-0.022192996876541082,-0.06876790830945556,0.0,-0.15134923738756356
2005-07-02,0.04981014374830495,0.05422613236213647,0.04962909661178627,0.28008150595583814,0.04993347523112668,0.058205794297119695,0.5817092651757187,0.5817092651757187,0.5588235294117647,0.5454545454545454,0.0002030502662213607,-0.6142853885269951,-0.4995572728004508,-1.0896139705882353,0.04464003789074833,0.1833855799373041,0.037408759124087476,0.034848484848484684,0.03846153846153855,0.1560509554140126,0.21907650825749925,0.0001681237390720458,0.03384615384615364,0.00990099009900991,-0.17645161290322586
2005-10-01,0.05418525127747098,0.06958425509509669,0.017507738069479695,0.034644222615629605,0.07916317031140707,0.06049709338948572,0.341008938039691,0.341008938039691,0.320754716981132,0.3137254901960784,0.058601944375521686,-0.046684402404177705,-0.6554608331992923,-0.6721485411140584,0.013987229379982535,0.2874172185430466,0.1072999120492526,0.10834553440702788,0.05555555555555536,0.2396694214876034,0.19435996682333423,0.023701462430660625,0.1026785714285714,0.0,0.03379777292820774
2005-12-31,0.14102495652105418,0.26789532772834557,0.21565976496922223,-0.0650668066184743,0.09310147077212294,0.10587125197710967,0.030727519204699405,0.030727519204699405,-0.4714285714285714,-0.4925373134328358,0.9875348916494429,3.408921779394741,22.185574229691877,-12.398058252427184,-0.15746053984767416,0.15740740740740744,0.009531374106433566,-0.0013210039630119352,0.06140350877192979,0.0955555555555554,0.0016203703703703276,-0.04203612479474539,0.0026990553306343035,0.0,0.35610284167794304
2006-04-01,0.030041522549743904,0.026251053126692847,0.003478206431275499,0.0037333230804721396,0.049010365099213304,-0.014087792421442868,-0.26406546836182965,-0.26406546836182965,-0.29729729729729726,-0.26470588235294124,-0.4512151977443528,-0.6896092570539089,-0.9391706182608959,-0.5662029150104108,-0.08108299353423498,-0.003555555555555534,0.018882769472856165,0.01984126984126977,0.06198347107438007,-0.0608519269776876,-0.05361682458978512,0.01834076105587923,0.036339165545087315,-0.019607843137254943,0.022431547856629708
2006-07-01,0.022701207633051057,0.022385481886002978,0.002339513931576054,0.011514550239216215,0.036610358144262944,0.029101187956068086,0.18511715647339155,0.18511715647339155,0.1923076923076923,0.15999999999999992,0.16589501650745286,-0.7526509773118637,-3.5392254220456802,-3.2110832333369697,0.19510058715949552,-0.07760927743086543,-0.01776061776061777,-0.015564202334630406,0.035019455252918386,-0.13174946004319665,-0.14407814407814423,0.01363406833866354,0.0,-0.010000000000000009,0.010735477826358641
2006-09-30,0.043466166645427906,0.04772950986314317,0.029685497748324963,0.0652599529664819,0.05256857493515832,0.04501288675386905,0.11959116994093755,0.11959116994093755,0.09677419354838723,0.13793103448275867,-0.11350346006266654,1.921709923664122,-1.5446486768348326,-0.24988899304356404,0.12245588318204881,-0.029013539651837617,-0.052672955974842894,-0.0513833992094862,0.048872180451127845,-0.06218905472636804,-0.05706134094151216,0.008801062769844048,-0.036363636363636376,-0.02020202020202022,-0.016453593912942766
2006-12-30,0.040771379083662795,0.0413867716447498,0.01916881786956237,0.07120867401350872,0.05473009454445199,0.10229496427868412,0.46460640526788377,0.46460640526788377,0.5,0.303030303030303,0.303060086566995,-0.015028321802562528,-0.9905457156534226,0.5247303341225993,0.16634257299283162,0.17928286852589648,0.06887966804979251,0.08194444444444438,0.043010752688172005,0.12466843501326275,0.18426626323751893,0.01333333333333342,0.07412398921832875,0.010309278350515427,-0.02784213626546239
2007-03-31,0.02088990807233526,-0.042133442003681076,-0.0418764326010278,-0.09306377372391161,0.0600795963979035,-0.03922897134903758,-0.29545802891738615,-0.29545802891738615,-0.31372549019607854,-0.2325581395348837,-0.37369634905208804,0.602346999405823,214.1772151898734,-1.6969200241566733,-0.0993940139653634,0.05912162162162149,0.01552795031055898,0.034659820282413545,0.05498281786941561,0.01650943396226401,-0.014307613694430343,0.03849902534113059,0.035131744040150625,0.0,0.05618839877201487
2007-06-30,0.03173436581513189,0.005428545838254806,-0.006241215325570093,-0.01777245982260467,0.0531648742978732,0.0566786569432447,0.1281725888324874,0.1281725888324874,0.11428571428571432,0.1212121212121211,0.45689934688961964,-0.21405395383331793,-0.5562091887758103,-1.735887595939589,0.08121511862230091,0.12280701754385981,0.006116207951070374,0.027295285359801413,0.04885993485342022,0.06496519721577743,0.05780196993260778,0.02064758329422811,0.020606060606060517,0.0,0.02359735342486724
2007-09-29,0.03879271380936067,0.03551469513595529,0.009175118719587205,-0.008691246540079245,0.05456383080432148,-0.035314081140645825,0.1518881568375381,0.1518881568375381,0.15384615384615374,0.16216216216216206,0.27437764283216226,-0.050028645570046826,0.5603128313891834,2.0227941794936495,0.2270561922692984,0.05184659090909083,0.016717325227963542,0.03864734299516903,0.04968944099378869,0.002178649237472685,-0.0056358735604019605,0.015172413793103523,0.05463182897862251,-0.010204081632653073,0.044612165595576014
2007-12-29,0.03563917146709161,0.10029437462195046,0.012156156505068738,0.08277025757427725,0.04760547953315908,0.05782493510950948,-0.09073407550012558,-0.09073407550012558,-0.08888888888888902,-0.18604651162790697,0.10165157298605387,0.7105202476187098,-0.9346699515759069,-1.314486059324392,-0.05819293981958229,0.008102633355840494,-0.09790732436472349,-0.07790697674418601,0.041420118343195256,-0.03913043478260869,-0.05667816658452429,0.01162439613526578,-0.05855855855855863,-0.020618556701030966,0.016167107804564207
2008-03-29,0.02089640203650278,-0.10681021887109621,-0.016671808411416134,-0.02291035425842436,0.03939234988891127,-0.02467927837952244,0.1297370278314769,0.1297370278314769,0.12195121951219523,0.25714285714285734,-0.4270395742512597,-1.0734595682020864,17.605981794538362,-6.980799858432136,0.3695452507735877,-0.17950435365036832,0.023198011599005808,0.0390920554854981,0.03693181818181812,-0.21266968325791857,-0.13505747126436785,0.018057006416952737,0.05980861244019153,-0.021052631578947323,-0.08585005279831048
2008-06-28,0.033331594475067616,0.06506613707765885,0.02065545124062207,0.03446622288844203,0.03923580991931441,0.046872766493833984,-0.041556889480403036,-0.041556889480403036,-0.0434782608695653,-0.045454545454545525,0.6876346317266457,-7.326510446075663,-0.9963656695554934,-0.3951327760929063,0.16321170097681126,-0.12816326530612243,-0.013765182186234792,-0.0012135922330097637,0.03561643835616435,-0.15804597701149425,-0.18846270009060706,0.005716798592787953,0.020316027088036037,-0.021505376344086002,0.029571445073351077
2008-09-27,0.024763627062513782,0.05374692598609232,0.0015530142594946117,0.008591295390162346,0.03538123590297393,0.049473684210526336,0.2756539235412474,0.2756539235412474,0.27272727272727293,0.2857142857142858,-0.4423392196355801,2.4583528571747326,22.403846153846153,-3.66930000489165,-0.3745328505979856,0.08333333333333348,0.02463054187192104,0.03523693803159178,0.03439153439153442,0.04436860068259385,0.05024190547078522,0.010348345722198005,0.03207964601769908,0.0,0.044766072029619686
2009-01-03,0.029592911363581553,0.046693835170700915,0.01704596146502846,0.16170117149598107,0.035144942984513206,0.1017368142162336,0.5892833340738437,0.5892833340738437,0.5714285714285714,0.5,1.0617151736592332,-1.1427096707593245,-23.375513557929334,-1.808488413645235,0.4841268970360697,-0.17199654278305965,0.21474358974358987,0.227699530516432,0.04347826086956519,-0.19934640522875813,-0.22395464209780303,0.005481823427582189,0.20685959271168297,0.0219780219780219,-0.09901202749140903
2009-04-04,0.014865591912335496,0.020420946985177046,-0.03164327106788145,-0.06183053311177733,0.03410502902726065,-0.1576282650004831,-0.4292703382722952,-0.4292703382722952,-0.4204545454545454,-0.3950617283950618,-0.003636067343633864,-2.8405895384058955,-1.1401344056406302,-0.3802302914910014,0.20217084297618437,0.045929018789143905,-0.013852242744063492,-0.003824091778202643,0.0318627450980391,0.004081632653061051,-0.1716894977168949,0.018938307030128998,0.015985790408525657,-0.021505376344086002,0.08768375049662303
2009-07-04,0.034543073417323766,0.06970351843653444,-0.009611499738197637,-0.05106130417805543,0.05341216961306938,0.02927187361402117,0.07139358314964483,0.07139358314964483,0.05882352941176472,0.061224489795918435,-0.30560382720340196,0.3326046374533307,1.2788259958071277,-0.4744907288885638,0.08837566886032344,0.3183632734530939,0.004013377926421535,0.017274472168905985,0.04750593824228022,0.27642276422764245,0.28886438809261294,0.01816389749366354,0.04370629370629375,-0.02197802197802201,0.127260108850495
2009-10-03,0.038893792113083636,0.08011511454387787,-0.0013665350744002103,0.010109322895921036,0.05430726690021159,0.013890333476966665,0.10627500285746949,0.10627500285746949,0.11111111111111094,0.09615384615384603,0.080553510967172,0.4702965734613753,1.3609705611775529,-0.5109610968056233,0.03970976327849951,0.24829674489023446,-0.02664890073284476,-0.012264150943396168,0.04535147392290262,0.19108280254777066,0.19546621043627033,0.01493569354169555,0.025125628140703515,-0.03370786516853941,0.06931078059686979
2010-01-02,0.047212022018792155,0.1320608448078182,0.04007759790873999,0.1670294932377383,0.049802383091882785,0.13899344186216922,0.25007232301524973,0.25007232301524973,0.2333333333333334,0.2807017543859649,0.4731614942372142,1.7528332163273492,-1.7926063026642638,-9.98313647360182,-0.3430940397638951,0.20557913887204382,-0.09787816563997265,-0.08595988538681953,0.04772234273318876,0.1524064171122992,0.19033989266547424,0.002452650224826325,-0.054738562091503296,-0.03488372093023262,-0.02996969696969698
2010-04-03,0.007044695371380083,-0.005576031439326168,-0.08779274669804094,-0.14942907487510582,0.04111020713896196,-0.07502128362222593,-0.1687714890240677,-0.1687714890240677,-0.17567567567567566,-0.1917808219178082,-0.024321899882552067,-0.4422554966573765,-2.0164075462422417,-0.9879919840949235,-0.006271641507014203,0.04627766599597605,0.0,0.016718913270637348,0.035196687370600444,0.0,0.08265704839194465,0.033845317384803675,0.025064822817631782,-0.012048192771084376,0.16912936178188764
2010-07-03,0.03788505169147527,0.04039412496940642,0.038667910094743796,0.061981273309870355,0.03764143261670094,0.05718034854417775,0.1032295271049597,0.1032295271049597,0.09836065573770503,0.10169491525423746,0.04488024037231164,-0.17347355357055372,-0.35755743651753324,-11.282321899736148,0.06489402890007367,0.0009615384615384581,0.011380880121396153,0.02466598150051391,0.03600000000000003,-0.03480278422273775,-0.04053303720155477,-0.00026295030239298356,0.02613827993254647,0.0,-0.02033400133600538
2010-10-02,0.05018891869927744,-0.04070439042487706,0.0205818384608234,0.004522816573974131,0.059519619584154304,0.014653476637112695,0.09724750797627846,0.09724750797627846,0.10447761194029836,0.0923076923076922,0.07908343765307779,0.8190717983166713,0.2324487107095803,-3.825763407749551,-0.17220039484743643,-0.05235350624399615,0.010502625656414022,0.022066198595787512,0.05405405405405417,-0.08413461538461542,-0.10098379629629639,0.008942661756970116,0.027115858668857795,-0.012195121951219412,-0.045003272965306595
2011-01-01,0.02730981354597617,0.007335756318585851,-0.05764614168466842,-0.058479568158456785,0.05309187664882686,0.08108791548425165,0.1604185832566698,0.1604185832566698,0.16216216216216206,0.16901408450704225,0.023462456706681456,-0.38605199276641267,-1.4139431887599268,-1.0627497275699238,0.013053313624278085,0.1459706031424226,-0.0029695619896064063,0.013738959764475034,0.04578754578754585,0.0866141732283463,0.0862568393949148,0.02502606882168923,0.025600000000000067,0.0,0.0698863311818132
2011-04-02,0.0572703370907095,0.0503943507370026,0.04152709940410504,0.029081625982244397,0.06154893436561326,-0.017067139010117915,-0.08608802752098754,-0.08608802752098754,-0.10465116279069764,-0.09638554216867468,0.03904819009913996,0.6829717035372789,-6.7452499538830475,-11.83357452966715,-0.1395919090396297,0.14595311808934097,0.006701414743112366,0.015488867376572957,0.0525394045534151,0.09661835748792269,0.10459259259259257,0.004069175991861629,0.027301092043681807,-0.012345679012345734,0.02071487680521078
2011-07-02,0.062174610313154854,0.09096572898183775,0.09615334652171814,0.11473530075056626,0.0531255840353293,0.06622205408571702,0.1159923167482495,0.1159923167482495,-0.4415584415584416,-0.44000000000000006,-0.03457680176441291,-0.38343363203952385,-0.22414512762883287,-1.9848049692759817,0.15977395742467504,0.12890775762253948,0.008136094674556338,0.01620591039084851,0.048252911813643884,0.07268722466960353,0.06759656652360513,-0.008485309017223774,0.028853454821564206,-0.012499999999999956,-0.02131443366372887
2011-10-01,0.04511933407992563,0.0836123966551996,0.07710383614567151,0.0756544360893685,0.03625230984180394,0.09045196414502987,0.09426183998667481,0.09426183998667481,0.09302325581395343,0.0714285714285714,0.05772679260114466,0.04046508852537278,-0.4343237874524085,-0.41883414154430465,0.08006316104197042,0.0923076923076922,0.015407190022010298,0.017823639774859235,0.03333333333333344,0.04106776180698146,0.025879396984924696,-0.008557925661003996,0.011070110701107083,0.0,0.0074020629576183605
2011-12-31,0.055138473917275777,0.055638549340468746,0.08384442970447048,0.16216602825945303,0.04686725557870175,0.07694702959904842,0.156745100526416,0.156745100526416,0.1276595744680853,0.1333333333333333,0.30432662161220647,0.10977568041422936,-2.4723096056770792,-0.3026024040144708,0.051696843343685295,-0.016275430359937393,0.022398843930635737,0.015668202764977046,0.04608294930875578,-0.047337278106508895,-0.07249571393583154,-0.007858799278536499,0.016058394160583855,0.0,-0.09167351919149036
2012-03-31,0.04639479688757131,0.05934715335619134,0.008918769586850672,0.010940919037199182,0.05758086036107968,0.04156094771825747,-0.027239231511536066,-0.027239231511536066,-0.018867924528301883,0.0,-0.034310845218382235,0.12539772769218271,-2.3073788819875776,2.183734939759036,0.1564985646484005,0.09704104358892773,0.028268551236749095,0.025408348457350183,0.052863436123347984,0.04761904761904745,0.0374966992342225,0.0107778210621996,0.010057471264367956,0.012658227848101333,0.04789300002920305
2012-06-30,0.050798535717914595,0.043550903535157115,0.050045493289560206,0.04871482683982675,0.051015414128881664,-0.006010492629582753,0.10282048969653235,0.10282048969653235,0.09615384615384603,0.0980392156862746,0.1237247092951792,0.22408375589564633,0.04123750522595104,-0.4326185220224955,0.0767786399618775,0.15400232018561488,0.02886597938144342,0.02743362831858409,0.046025104602510414,0.09683794466403173,0.0717739882921864,0.00012846865364846138,0.02844950213371278,0.0,-0.00493269793495521
2012-09-29,0.05195808240205335,0.051180137537700565,0.05921092257064786,0.06639276239126612,0.04989760161968548,0.06138465352282396,0.010814789070725528,0.010814789070725528,0.01754385964912286,0.0,-0.003423777202894329,0.10972492403659095,-0.6841144692655863,-1.680268642890227,-0.04850588530589062,-0.028901734104046173,0.004676018704074858,0.0051679586563306845,0.04800000000000004,-0.072072072072072,-0.09593920683923052,-0.0019267822736029894,0.013139695712309774,0.0,-0.01425530723127777
2012-12-29,0.06742975562865516,0.025619493865206344,0.12540919306416942,0.16956413921577718,0.050840015619918244,0.050115154579131405,0.13066429358763032,0.13066429358763032,0.12068965517241392,0.125,-0.009104729080801066,-0.24904142400448137,-0.5755719898312919,-2.975828964390277,0.10072509293615783,-0.035196687370600444,0.0019946808510638014,0.0,0.04707379134860057,-0.07961165048543695,-0.08484370895718407,-0.015572715572715556,0.017064846416382284,-0.025000000000000022,-0.1230786714776827
2013-03-30,0.0163804897221409,-0.03515542533786542,-0.00563722844497927,-0.013254337093526747,0.02314682476664376,-0.04273041059483318,-0.015812821980538017,-0.015812821980538017,-0.015384615384615441,-0.015873015873015928,0.18329142527997155,0.23145581870912557,-16.36373536618568,-2.2289189841138564,-0.11245585267406655,0.15504291845493556,0.00995355009953558,0.007712082262210762,0.024301336573511412,0.1033755274261603,0.09385763490241095,0.0066675382402927585,0.03892617449664426,-0.02564102564102566,-0.022193422971002685
2013-06-29,0.020926661866502494,-0.008256732038250503,0.03120997702991879,0.05767937347031826,0.017855368993253462,0.04048650866360104,0.026054162122864488,0.026054162122864488,-0.484375,-0.4838709677419355,-0.1738420205197334,-0.3279895561357702,0.006273147737945406,-0.7001289888396612,-0.037995011689132996,0.10636321411983274,0.0013140604467805073,-0.0025510204081632404,0.02016607354685651,0.08030592734225617,0.0548412490160064,-0.0029870129870129825,0.009689922480620172,-0.013157894736842146,-0.062359178263750925
2013-09-28,0.0318498645010421,-0.007121945069620161,-0.004428098829252769,-0.03468551797040165,0.04282707563892596,0.028646293393785216,0.021584135616038003,0.021584135616038003,0.030303030303030276,0.03125,-0.0695553150866538,0.07820343461030377,-0.8373514132253236,-2.566859921451281,0.06188415003471648,0.03568429890848024,0.0045931758530184386,0.004262574595055524,0.04302325581395361,0.015929203539823078,0.0019900497512437276,0.010681255698840708,0.019193857965451144,-0.013333333333333308,0.02855325464697156
2013-12-28,0.033278287199630885,0.03563236364363176,0.046930189655560284,0.09580453083293405,0.02933459847468156,0.09273868897956938,-0.47927070328755716,-0.47927070328755716,-0.5,-0.48484848484848486,-0.13852523899409364,0.6538982659959351,-1.331637072325682,-6.081343996180473,-0.29612896494156926,0.12261856505877589,-0.13977792292619207,-0.1366723259762309,0.026755852842809347,0.07665505226480818,0.0784508440913605,-0.0038664776388710465,-0.14061519146264911,0.0,-0.05490276918848358
2014-03-29,0.02268807748652879,0.08711602603836721,0.015312130654346223,-0.04491499487845707,0.02485522454401723,-0.013286342238673865,0.9900104889865642,0.9900104889865642,1.0588235294117645,1.0,0.10112383375742162,-0.40046190382813696,-1.5605615409729023,-1.2061355601752346,0.08672428190950554,0.03556598664018784,-0.004555808656036553,-0.003933136676499527,0.026058631921823894,0.008090614886731462,0.16850828729281764,0.002070125501358433,-0.01241782322863405,0.013513513513513598,0.13825069070815776
2014-06-28,0.01763800094862078,-0.006219777660701475,0.0640826878854035,0.0994904089970523,0.004119027956223542,0.08537758629697456,0.0795391797600522,0.0795391797600522,0.08571428571428585,0.08823529411764697,0.5936567236033816,-0.8229894247192644,74.55212580081538,4.431713292689875,0.4334691353533884,-0.08193863319386341,0.01449275362318847,0.012833168805528095,0.011640211640211673,-0.1059390048154093,-0.10559495665878649,-0.013169786959328578,-0.007396449704141772,0.01333333333333342,-0.09616428731116855
2014-09-27,0.029860442761603823,0.17454600479490812,-0.00902829023397178,-0.002084690166269665,0.04185603335696486,-0.01363409027404372,-0.00024024861857041557,-0.00024024861857041557,0.0,0.0,-0.11580087887832247,0.34610330951794377,-1.00047794145988,0.9010825326228338,0.5748715346063566,0.04804405620964691,0.006766917293232977,0.006822612085769952,0.040794979079497695,0.03590664272890476,0.004625550660793065,0.011644642156221297,-0.0037257824143069884,0.013157894736842035,0.17703180212014136
2015-01-03,0.03139958266535969,0.050686721446921545,-0.031945107925509975,-0.05484116104422454,0.04998454159195109,0.10222234389376172,0.146276801910048,0.146276801910048,0.13157894736842102,0.1351351351351351,0.017888949121040776,1.7405972607754019,177.29032258064515,-0.23464140282728407,0.27937699146414663,0.10708461677840186,0.16504854368932054,0.17037754114230386,0.046231155778894584,0.0641247833622185,0.07169480377110293,0.017977237454733563,0.15482423335826478,0.012987012987013102,0.11164815370759529
2015-04-04,0.18144315333738725,-0.18626856597408192,0.7024560515946037,0.24906237437235434,0.040508776298609606,0.07565405477786391,-0.2497971218351006,-0.2497971218351006,-0.2558139534883721,-0.23809523809523803,-0.041177365651068665,10.194969113473205,49.04378505518364,-2.765336063269146,-0.3854956604424098,0.1294599018003273,-0.048717948717948656,-0.0777502067824648,0.0355427473583092,0.07980456026058635,-0.058715220949263625,-0.11929869139880567,-0.07383419689119186,0.0,-0.34853763266628857
2015-07-04,0.02470348549911683,-0.014426973323127257,-0.012997325512853597,-0.018235539865631534,0.04138937333526305,0.13041806505242004,0.03699496998215146,0.03699496998215146,0.03125,0.03125,-0.49280970095263876,-0.7763319586562897,-0.9639902817145832,-0.6064981949458483,-0.24685462487350607,0.024344297927836545,-0.06738544474393537,-0.08699551569506725,0.03896103896103886,-0.010558069381598867,0.0380352097370138,0.01630121177149446,-0.09580419580419575,0.012820512820512775,0.0038966960991584365
2015-10-03,0.006944969883312835,-0.04244025211988911,0.03995459144641056,0.0790434157698583,-0.006901668817723028,0.001678512464953208,0.2802899911333647,0.2802899911333647,0.303030303030303,0.2727272727272727,1.498711624825149,-0.48091728601401085,-10.277208835341366,-0.6655942546390469,-0.10960646848924582,-0.06337530060828978,0.005780346820809301,-0.01964636542239684,0.0017857142857145014,-0.09908536585365846,-0.03726968174204359,-0.013768630234208712,-0.03480278422273786,0.012658227848101333,-0.1126068464301937
2016-01-02,0.0070721583219037765,0.013344886964022917,0.003559563360227891,-0.07323535894487898,0.008615115998775291,0.04203169289122055,0.12782281609429536,0.12782281609429536,0.13953488372093026,0.11904761904761907,0.3004382734236888,-0.5000214083252695,-0.17721128559214727,-5.3561852150704485,0.5362416286861478,-0.06267935357196786,0.014367816091954033,-0.014028056112224463,0.01426024955436711,-0.06429780033840948,-0.09417137886037408,0.0015831894070235109,-0.023237179487179516,0.012499999999999956,0.09343880874825494
2016-04-02,0.005844677007341259,-0.05426918104662737,-0.007942184913691142,-0.0024862894123152124,0.011870398389410397,-0.03161676993160856,-0.0948057890047439,-0.0948057890047439,-0.10204081632653061,-0.08510638297872342,-0.07366855945283846,4.199088822662967,-0.13890551320920996,-1.7589712535176147,-0.26492706193642723,-0.11762810183693206,0.05878186968838528,0.061991869918699205,0.017574692442882123,-0.13019891500904168,-0.1462184873949579,0.005891651099295903,0.03937653814602138,0.012345679012345512,-0.0519193122818965
2016-07-02,0.03307878534816022,0.11863096842716625,0.028251095690829064,0.05046962878190353,0.03514747364047999,0.06838116743620049,0.10703644586326155,0.10703644586326155,0.11363636363636354,0.11627906976744184,-0.22055869611077306,-0.5571562226160749,-0.7339458650291755,-1.769648841204134,0.27738853610925984,0.022461650840029268,0.07558528428093658,0.0736842105263158,0.03626943005181338,0.006237006237006293,-0.04583802024746908,0.0020000000000000018,0.06787687450670865,0.012195121951219523,0.06490708322111494
2016-10-01,0.029236873244997685,0.03341093898354863,-0.03192153340190951,0.015908614109064745,0.05526895077819893,-0.02582728736588813,0.021177021879918767,0.021177021879918767,0.020408163265306145,0.02083333333333326,-0.05724047038149849,0.916385845105522,-3.0469642600832496,-0.3424438671593917,0.14279017537912297,0.11716377924629384,0.007462686567164312,0.01693404634581097,0.050000000000000044,0.07644628099173567,0.024167403477748373,0.025377815796977288,0.023651145602365142,-0.012048192771084376,0.017197774405665056
2016-12-31,-0.053553425915356834,-0.18963676897786386,0.01887108708093188,0.020941719199091935,-0.08183383258902743,0.06184759365737569,-0.11935592043723053,-0.11935592043723053,-0.09999999999999998,-0.08163265306122447,0.38647550021011123,-0.6344181605036994,-7.90251872212717,-5.834201984605397,-0.6040273744661029,-0.12438049560351705,-0.02839506172839501,-0.028045574057843914,-0.05476190476190468,-0.1650671785028791,-0.15712230215827339,-0.029894327030033363,-0.04187725631768957,0.024390243902439046,-0.2062406762804574
2017-04-01,0.03077196066830279,0.12767319949041633,-0.006864800330901755,-0.014031211224022733,0.047080319566429996,0.0021203368688180735,0.15713703562672432,0.15713703562672432,0.15555555555555567,0.15555555555555567,-0.08898444955257201,0.10270867178458043,-1.0088766352899585,-1.796478613852269,1.2149700633848566,-0.0239182033960198,0.023506988564167663,0.02705139765554554,0.04534005037783362,0.03218390804597715,-0.01331512461590989,0.015766088576752102,0.009796533534287777,0.011904761904761862,0.14372226572696412
2017-07-01,0.04401582710804086,0.10191938054115024,0.0075760264847379855,0.009801580969816648,0.05899205324935641,0.024996707619124647,0.037352854577889616,0.037352854577889616,0.03846153846153855,0.019230769230769162,-0.03736021213169294,1.2883622847898932,4.328679331654841,-0.605098486928624,0.21661399596249997,0.191358024691358,0.0012414649286158763,0.007901668129938422,0.05542168674698811,0.14031180400890864,0.13598615916955015,0.014392549738958538,0.0052238805970148405,0.0,0.09119956180390743
2017-09-30,0.02865576620235455,0.10897284897422055,-0.020482779434197296,-0.04139672974864239,0.04787047557997326,-0.012373896473203416,-0.0125721409370948,-0.0125721409370948,-0.01851851851851849,-0.018867924528301883,0.24190143134309472,0.06116111440726102,-1.0004724882951763,0.37383200370831204,0.2446061290532764,0.05040037682524745,-0.005579665220086905,-0.0008710801393728707,0.044901065449010735,-0.005859375,0.02406335668595805,0.018639588259841355,-0.007423904974016127,0.0117647058823529,0.15686438550991388
2017-12-30,0.03803678796249699,0.06664697889853666,0.0094170368643125,-0.021403828397563385,0.04849799616696138,0.029606420654432197,0.8974772296870772,0.8974772296870772,0.9433962264150944,0.9230769230769229,-0.03864858088318357,0.6343571808109887,12601.09090909091,-2.794741795709618,-0.35272592111738166,0.021823617339312262,0.21321695760598502,0.23103748910200528,0.04806991988346687,-0.02161100196463639,0.0065437239738252995,0.010105148163321198,0.2610321615557216,-0.023255813953488413,0.08999855365924203
2018-03-31,0.006542736931336224,-0.00630696147888421,-0.04324263656624283,0.0169036024797522,0.024062199865088285,-0.015926502433807666,-0.5247372704643882,-0.5247372704643882,-0.5339805825242718,-0.52,0.17212175059470924,-0.4868571095831251,0.1131702531325971,-1.2101409481969614,0.1145143331634868,-0.04973668812170873,-0.056526207605344214,-0.043201133144475934,0.02640722724113953,-0.09437751004016082,-0.2529550827423168,0.017439502501013893,-0.021352313167259718,-0.023809523809523836,-0.022823022060043163
2018-06-30,0.00266614943889687,0.005993958265950505,0.024207023084218404,0.040781276854368054,-0.004415881337677341,0.05790723055301372,0.058474634533534076,0.058474634533534076,0.0625,0.0625,-0.267172007384495,-1.001494103963158,0.26996131189610595,1.2970383275261326,0.2360165360825739,-0.11283866995073877,-0.03921568627450989,-0.029607698001480443,0.004062288422478133,-0.1352549889135255,-0.09889240506329111,-0.007042253521126862,-0.026666666666666727,0.0,-0.0334385714770683
2018-09-29,0.03927110419223534,0.0031176031524020598,0.04213266106917879,0.08536449651604006,0.03830325728132067,-0.02021894720218287,0.0001417124771931899,0.0001417124771931899,0.0,0.0,0.12930554118938553,-1111.4810126582279,-1.0233506319877124,-1.1266180856624541,-0.024177639304222565,0.10237723407947241,-0.035147392290249546,-0.030511060259344025,0.03641267700606865,0.09743589743589753,0.11106233538191379,-0.0009367054730361479,-0.021170610211705965,-0.012195121951219412,-0.07575864006743471
2018-12-29,-0.011313113449465062,-0.028492422941080342,0.035225944512609964,0.06137096551914234,-0.02711178842930828,0.019096720850282134,-0.2247064310636966,-0.2247064310636966,-0.1960784313725491,-0.23529411764705876,0.20219882170102887,-0.23957288436987045,-58.71044580419581,9.07673627974745,-0.24966807991753137,-0.10105461986463093,-0.25088131609870734,-0.25255704169944915,-0.01171112556929077,-0.13084112149532712,-0.09758988542078229,-0.016072863648540103,-0.2531806615776081,0.0,-0.08466653999619989
2019-03-30,0.04320937967121785,0.04528282683659324,0.05005822225792267,-0.022921189583354984,0.04073542084441795,0.017729836914497366,0.2657554066402681,0.2657554066402681,0.24390243902439024,0.3076923076923077,-0.22026400320480521,-0.31174885606892444,-0.9735272622622433,-2.03652560889403,0.3448971736794555,-0.039572754333741855,-0.0023529411764705577,-0.008421052631578885,0.037524687294272496,-0.029569892473118364,0.2705779334500875,-0.002314184590253232,-0.0076660988074956915,0.0,0.06978868269190852
2019-06-29,0.039693723465788144,0.07371217003341024,0.3689369052452627,0.09647000289169738,-0.08030182004851094,0.02963139903746881,-0.23613425661326326,-0.23613425661326326,-0.21568627450980393,-0.23529411764705876,-0.3481495023103641,-0.413944624431679,-15.610070090115864,0.5481303522300152,0.39701606444060644,0.18395624430264346,-0.05896226415094341,-0.09235668789808915,-0.05964467005076135,0.1412742382271468,0.16540317022742945,-0.11543184609087187,-0.07725321888412029,-0.012345679012345734,-0.020762185656628462
