Quarter end,Assets,Current Assets,Liabilities,Current Liabilities,Shareholders equity,Revenue,Earnings,Earnings available for common stockholders,EPS basic,EPS diluted,Cash from operating activities,Cash from investing activities,Cash from financing activities,Cash change during period,Cash at end of period,Price,ROE,ROA,Book value of equity per share,P/B ratio,P/E ratio,Cumulative dividends per share,Equity to assets ratio,Net margin,Asset turnover,Current ratio
1993-12-31,-0.02640264026402639,-0.048799999999999955,-0.04873441632036268,-0.21406250000000004,-0.0053437833986462735,0.7171717171717171,3.7272727272727275,3.7272727272727275,3.7777777777777777,36.0,31.230769230769234,0.6842105263157894,0.09090909090909083,-9.372093023255815,-0.06332842415316642,0.19347319347319347,0.03922918100481754,0.033441208198489614,-0.0034482758620688614,-0.05649717514124297,-0.05822550831792983,inf,0.02156596075383721,0.02815622161671194,0.014705882352941124,0.21025010879860728
1994-03-31,-0.02640264026402639,-0.048799999999999955,-0.04873441632036268,-0.21406250000000004,-0.0053437833986462735,0.7171717171717171,3.7272727272727275,3.7272727272727275,3.7777777777777777,36.0,31.230769230769234,0.6842105263157894,0.09090909090909083,-9.372093023255815,-0.06332842415316642,0.19347319347319347,0.03922918100481754,0.033441208198489614,-0.0034482758620688614,-0.05649717514124297,-0.05822550831792983,inf,0.02156596075383721,0.02815622161671194,0.014705882352941124,0.21025010879860728
1994-06-30,0.021657250470809686,0.04457527333894018,0.016679904686258906,0.17693836978131205,0.02614613180515768,0.7171717171717171,3.7272727272727275,3.7272727272727275,3.7777777777777777,36.0,31.230769230769234,0.6842105263157894,0.09090909090909083,-9.372093023255815,0.5660377358490567,-0.056640625,0.03922918100481754,0.033441208198489614,0.02422145328719716,-0.05649717514124297,-0.05822550831792983,0.7500000000000002,0.004374286801064997,0.02815622161671194,0.014705882352941124,-0.11246721380827474
1994-09-30,0.09603686635944708,-0.028582930756843816,0.14765625000000004,0.5219594594594594,0.04991273996509604,0.3058823529411765,0.42307692307692313,0.42307692307692313,0.430232558139535,36.0,1.1312649164677806,22.53125,-0.08333333333333337,-0.6972222222222222,0.10943775100401609,0.006211180124223725,0.03922918100481754,0.033441208198489614,0.05067567567567566,-0.017964071856287456,-0.05822550831792983,0.5714285714285714,-0.042037492899072104,0.02815622161671194,0.014705882352941124,-0.36173407373864963
1994-12-31,0.036831483350151295,0.115209283050145,0.03846153846153855,0.10543840177580477,0.0352393617021276,0.2918918918918918,0.04054054054054057,0.04054054054054057,0.03252032520325199,36.0,-0.6035834266517357,-1.0332005312084993,1.5151515151515151,1.761467889908257,0.2723981900452488,-0.0473251028806585,0.03922918100481754,0.033441208198489614,0.03536977491961424,-0.09146341463414631,-0.05822550831792983,0.36363636363636354,-0.0015813401858074672,0.02815622161671194,0.014705882352941124,0.008849557522123908
1995-03-31,-0.02903487429034879,-0.07134894091415833,-0.05080301540478527,-0.14457831325301207,-0.0077071290944122905,-0.5564853556485356,-0.6753246753246753,-0.6753246753246753,-0.6771653543307087,36.0,-0.8672316384180792,-2.16,-0.5060240963855422,-1.0930232558139534,-0.019914651493598834,0.03455723542116629,0.03922918100481754,0.033441208198489614,0.0031055900621117516,0.0,-0.05822550831792983,0.26666666666666683,0.021975846367056073,0.02815622161671194,0.014705882352941124,0.08560959360426379
1995-06-30,0.02021383227530915,0.030412164865946334,0.002071823204419898,0.11032863849765251,0.03721682847896446,0.8694968553459119,3.1799999999999997,3.1799999999999997,3.2682926829268295,36.0,1.148936170212766,2.1379310344827585,3.048780487804878,4.642857142857143,-0.11465892597968075,0.0020876826722338038,0.19668874172185435,0.033441208198489614,0.04334365325077405,0.0,-0.05822550831792983,0.21052631578947367,0.016660209221232236,0.13427561837455815,0.04347826086956519,-0.0719716341072586
1995-09-30,0.01850335680366788,0.07300970873786405,-0.008270158511371473,0.022198731501057,0.04274570982839321,0.21614802354920104,-0.1722488038277512,-0.1722488038277512,-0.17142857142857149,36.0,0.7425742574257426,-0.6263736263736264,-0.7710843373493976,-1.6645569620253164,0.08606557377049184,0.11041666666666683,0.017155506364139317,0.033441208198489614,0.041543026706231334,0.06040268456375841,-0.10206084396467119,0.21739130434782616,0.023818597560975485,-0.030373831775700855,0.06944444444444442,0.04970609845701679
1995-12-31,0.03633440514469455,0.0593557727108216,0.04933981931897158,0.0703205791106516,0.025134649910233398,0.009681881051175623,-0.1560693641618497,-0.1560693641618497,-0.1448275862068965,36.0,0.4545454545454546,-0.20588235294117652,3.078947368421052,-0.2952380952380952,0.055849056603773484,-0.08442776735459667,-0.03699673558215455,-0.025052192066805867,0.031339031339031376,-0.12025316455696211,-0.12568306010928965,0.1428571428571428,-0.010794714312302278,-0.01847389558232926,-0.012987012987012991,-0.010254436006019496
1996-03-31,-0.026372944461681702,-0.06081311923471133,-0.05695364238410594,-0.17101449275362324,0.0005837711617047159,-0.5904109589041096,-0.7534246575342466,-0.7534246575342466,-0.7580645161290323,36.0,-1.51171875,0.5185185185185186,-0.7548387096774194,-3.810810810810811,-0.14867762687634023,0.11680327868852469,-0.04915254237288125,-0.035331905781584516,0.005524861878453136,0.08633093525179869,0.12375000000000003,0.125,0.027657572906867545,-0.016366612111292977,-0.013157894736842146,0.13295615275813266
1996-06-30,0.0073295092415550656,0.01673335758457628,0.000702247191011196,0.05128205128205132,0.012835472578763163,1.3545150501672243,3.9444444444444446,3.9444444444444446,4.066666666666667,36.0,-1.1450381679389312,0.7804878048780488,2.3157894736842106,-0.13461538461538458,-0.1511335012594458,-0.05871559633027523,-0.07308377896613194,-0.06326304106548275,0.027472527472527597,-0.06622516556291391,-0.036707452725250334,0.11111111111111116,0.005492493592090808,-0.09733777038269553,0.040000000000000036,-0.03286516853932575
1996-09-30,0.04175893704523892,0.09302325581395343,0.0663157894736841,0.2039911308203992,0.021601382488479315,0.18394886363636354,0.196629213483146,0.196629213483146,0.21052631578947367,36.0,34.473684210526315,0.2191780821917808,0.1507936507936507,-3.438888888888889,0.43422354104846694,-0.06822612085769975,0.05897435897435899,0.05924170616113722,0.04278074866310155,-0.0921985815602836,-0.020785219399538035,0.09999999999999987,-0.019300801165331505,0.028571428571428692,0.025641025641025772,-0.09216768322199631
1996-12-31,0.02292742180382623,-0.01538461538461533,-0.0026324448831852587,-0.028545119705340682,0.04482661404003374,-0.095380923815237,-0.14084507042253525,-0.14084507042253525,-0.11413043478260876,36.0,-0.5964391691394659,0.348314606741573,-0.4758620689655172,-0.8337129840546698,0.05034482758620684,0.10041841004184082,0.04358353510895885,0.05257270693512317,0.04358974358974366,0.0546875,0.01297169811320753,0.09090909090909083,0.021351652432231916,0.05465949820788518,0.0,0.013543777327503559
1997-03-31,-0.038741279501261716,-0.1073803191489362,-0.0808314087759815,-0.181042654028436,-0.004317323259579009,-0.7924403183023873,-0.8360655737704918,-0.8360655737704918,-0.8404907975460123,36.0,-2.3786764705882355,-0.07499999999999996,-0.2894736842105263,-8.397260273972602,-0.3545633617859488,0.03802281368821303,-0.0278422273781902,-0.01700318809776835,-0.002457002457002644,-0.007407407407407418,-0.038416763678696175,0.08333333333333348,0.0358116706053444,0.048428207306711935,-0.0625,0.08992704826038156
1997-06-30,0.01096355775169866,-0.07374301675977657,-0.008973438621679874,-0.06018518518518523,0.026016260162601723,2.900958466453674,3.3,3.3,3.384615384615384,36.0,-0.384,1.099099099099099,-0.31481481481481477,-0.07592592592592595,-0.3743641912512716,-0.04395604395604402,-0.10083532219570401,-0.08864864864864863,0.024630541871921263,-0.03731343283582089,-0.03753026634382561,0.0769230769230771,0.014917514917514918,-0.044570502431118264,-0.053333333333333344,-0.014416269790191727
1997-09-30,0.03956010386436537,0.00965018094089265,0.028250633828323046,0.11083743842364524,0.04780771262546213,0.21949221949221953,0.6356589147286822,0.6356589147286822,0.6315789473684212,36.0,-3.220779220779221,-0.03433476394849788,0.0,-1.498997995991984,0.4048780487804877,0.02490421455938696,-0.031187790311878016,-0.011862396204033177,0.04807692307692313,0.0,0.10566037735849054,0.0714285714285714,0.00795434895383007,0.034775233248515613,-0.042253521126760396,-0.09109311740890702
1997-12-31,0.02012929767851901,0.05854241338112298,0.010567101091933706,0.017738359201773912,0.026972523317368324,0.030221625251846795,-0.15165876777251186,-0.15165876777251186,-0.15053763440860213,36.0,0.005847953216374213,-0.3288888888888889,0.8648648648648649,0.18473895582329325,0.3414351851851851,0.028037383177570208,-0.03082191780821919,-0.015606242496998712,0.02752293577981657,-0.023255813953488413,0.023890784982935287,0.06666666666666665,0.006690684508491973,-0.012295081967213073,0.0,0.04008908685968815
1998-03-31,-0.02837390177156851,-0.10872836719337853,-0.0634367375392123,-0.21350762527233114,-0.003681885125184081,-0.7535853976531943,-0.9720670391061452,-0.9720670391061452,-0.9746835443037974,36.0,-1.8565891472868217,-0.45695364238410596,-0.28985507246376807,-2.942372881355932,-0.4943917169974116,0.11272727272727279,-0.06784452296819787,-0.054878048780487854,-0.0022321428571430157,0.08730158730158744,0.12444444444444436,0.0625,0.025391956373551405,-0.058921161825726154,0.0,0.13324583822615188
1998-06-30,0.02371775867180559,0.05107640354580001,0.021957573502046968,0.08033240997229907,0.02488297610248824,3.177248677248677,32.8,32.8,36.25,36.0,-1.6742081447963801,0.2682926829268293,0.2857142857142858,-1.2321116928446771,0.22354948805460761,0.09477124183006547,0.05155420773313124,0.06193548387096781,0.02684563758389258,0.0948905109489051,0.1462450592885376,0.07352941176470584,0.0011633704503906106,-0.0008818342151675207,0.07352941176470584,-0.027093746190418155
1998-09-30,0.017376194613379692,0.02048192771084345,0.026584122359796014,0.11538461538461542,0.011298076923076827,0.11272957568081066,0.18934911242603558,0.18934911242603558,0.20805369127516782,0.20270270270270263,1.4832214765100673,0.7115384615384615,0.9682539682539681,2.2781954887218046,0.610878661087866,-0.12537313432835817,-0.03172314347512606,-0.025516403402187193,0.028322440087146017,-0.1466666666666666,-0.18534482758620696,0.0547945205479452,-0.005976095617529986,-0.06796116504854366,0.041095890410958846,-0.08507972308367007
1998-12-31,0.029746655280387113,0.022825659189295466,0.014189428875487797,0.025287356321838983,0.040171143332540904,-0.24587364826408653,-0.00995024875621886,-0.00995024875621886,-0.005555555555555536,0.0,-0.5608108108108107,-0.2415730337078652,-0.6612903225806452,-0.6605504587155964,0.1281385281385281,-0.15699658703071673,0.017870439314966458,0.026184538653366562,0.033898305084745894,-0.1796875,-0.1428571428571428,0.06493506493506485,0.01002004008016022,0.07859848484848486,-0.052631578947368474,-0.0023966857260245833
1999-03-31,-0.022529371112646857,-0.0688726433243555,-0.048618398041273214,-0.14125560538116588,-0.005484460694698323,-0.8113207547169812,-0.864321608040201,-0.864321608040201,-0.8659217877094972,-0.8651685393258427,-2.5507692307692307,-0.3481481481481481,0.0,-5.283783783783784,-0.48656945510360705,-0.030364372469635748,0.020482809070958563,0.025516403402187082,-0.006147540983606592,-0.06666666666666676,-0.06913580246913575,0.060975609756097615,0.01752645502645489,0.06584723441615448,-0.02777777777777779,0.08429145073274524
1999-06-30,0.011453619909502333,0.024793388429751984,0.013235294117647012,0.039164490861618884,0.010340073529411686,2.916,1.8888888888888888,1.8888888888888888,1.9166666666666665,1.9166666666666665,-0.39682539682539686,-0.022727272727272707,0.0,-0.3186119873817035,-0.6457399103139013,-0.04384133611691021,-0.16487455197132617,-0.15995260663507105,0.01030927835051565,-0.04081632653061229,-0.07957559681697612,0.05747126436781613,-0.0011374715632107568,-0.03542009884678743,-0.12857142857142856,-0.013832178014116958
1999-09-30,-0.03732699566615405,-0.10040322580645167,-0.020682148040638615,-0.031407035175879394,-0.047759836251989984,-0.06230847803881512,-2.371794871794872,-2.371794871794872,-2.3714285714285714,-2.3714285714285714,-1.861842105263158,-0.13953488372093026,1.2380952380952381,-1.2175925925925926,0.3966244725738397,-0.11790393013100442,-0.609442060085837,-0.607898448519041,-0.03469387755102038,-0.12765957446808507,0.03458213256484144,0.04347826086956519,-0.010899625833740045,-0.5157984628522629,-0.19672131147540983,-0.0712543330337656
1999-12-31,-0.012924774905605618,-0.026893769610040308,0.009262689885142672,-0.04409857328145261,-0.027227131597802767,0.5980392156862746,-1.4672897196261683,-1.4672897196261683,-1.46875,-1.46875,1.2366412213740459,0.08108108108108114,0.7127659574468086,2.6702127659574466,1.0422960725075527,-0.09158415841584155,-0.7516483516483516,-0.7517985611510791,0.00845665961945019,-0.04878048780487798,1.3231197771587744,0.05208333333333348,-0.014473684210526416,-0.7654320987654322,0.061224489795918435,0.018005252972076224
2000-03-31,-0.024128291893482423,-0.04606172270842934,-0.032305433186490484,-0.1099050203527816,-0.018659464767984302,-0.7593728698023177,-1.7,-1.7,-1.7111111111111112,-1.7111111111111112,-1.3890784982935154,-0.3125,-0.7515527950310559,-1.936231884057971,-0.477810650887574,-0.09264305177111709,-1.3008849557522124,-1.289855072463768,-0.023060796645702153,-0.10256410256410264,2.7140287769784175,0.04950495049504955,0.0056742323097465075,0.0,0.03846153846153855,0.07173167668126412
2000-06-30,0.03075531433740397,0.10429744084983095,0.04931714719271629,0.2179878048780488,0.018513885414060516,3.2209631728045327,-4.142857142857142,-4.142857142857142,-4.25,-4.25,-1.2105263157894737,0.290909090909091,1.375,-0.6346749226006192,-0.3342776203966006,-0.09609609609609615,-2.2941176470588234,-2.35,0.040772532188841026,-0.07142857142857129,0.0,0.037735849056603765,-0.011948224361101878,-0.6766917293233082,0.14814814814814814,-0.09334811529933484
2000-09-30,0.003510311540149136,0.010494097070397945,0.017353579175704903,0.07008760951188986,-0.005895357406042745,-0.00939597315436247,-0.42727272727272725,-0.42727272727272725,-0.42307692307692313,-0.42307692307692313,8.166666666666666,0.08450704225352124,0.0736842105263158,-3.211864406779661,1.1106382978723404,0.036544850498339,9.568181818181818,9.259259259259258,0.014432989690721598,-0.015384615384615441,0.9186440677966101,0.04545454545454519,-0.009237487403426337,8.13953488372093,0.14516129032258052,-0.0556894804877196
2000-12-31,0.060778312199387896,0.07312851579402846,0.1577825159914712,0.19532163742690067,-0.006671608598962209,-0.1659891598915989,-0.31746031746031744,-0.31746031746031744,-0.2833333333333333,-0.30000000000000004,-0.9545454545454546,1.3766233766233764,-0.6666666666666667,-1.7547892720306515,-0.39717741935483875,-0.14102564102564097,-0.03440860215053754,-0.05415162454873634,0.008130081300812941,-0.15625,-0.89811542991755,0.04347826086956519,-0.06373961688421759,0.012722646310432628,-0.07042253521126751,-0.10222353768174919
2001-03-31,0.05234954657873048,0.1802419354838709,0.06353591160220984,0.5048923679060666,-0.026119402985074647,-0.7303005686433794,-3.2325581395348837,-3.2325581395348837,-3.2093023255813953,-3.261904761904762,-19.45,-0.6338797814207651,-21.352941176470587,-2.299492385786802,0.8561872909698998,-0.16044776119402993,-0.334075723830735,-0.3587786259541985,-0.028225806451612878,-0.16666666666666674,-0.1461601981833195,0.008333333333333304,-0.0744160782183596,-0.33417085427135684,-0.045454545454545525,-0.2157339487348554
2001-06-30,0.0199764982373678,0.0737956952511103,0.09033189033189037,0.19895968790637197,-0.0406130268199234,2.0120481927710845,0.5729166666666667,0.5729166666666667,0.5789473684210527,0.5789473684210527,-0.054200542005420016,-0.9552238805970149,-0.49132947976878616,-1.0,0.0,0.0755555555555556,-2.1973244147157187,-2.130952380952381,-0.03941908713692954,0.11111111111111116,0.6866537717601549,0.008264462809917328,-0.05946791862284817,0.0,-0.12698412698412687,-0.10440859650044665
2001-09-30,0.01804915514592942,0.048679605472478515,0.02249867654843829,0.04826464208242953,0.016773162939297093,0.30800000000000005,-0.8874172185430463,-0.8874172185430463,-0.8933333333333333,-0.8933333333333333,-2.140401146131805,-22.333333333333332,-1.0142045454545454,inf,0.8234234234234235,-0.15289256198347112,0.5921787709497208,0.5157894736842106,0.017278617710583255,-0.12,0.0,0.016393442622950838,-0.0012479201331114798,0.0,-0.09090909090909094,0.00041070171321289095
2001-12-31,0.03734439834024905,0.10042475728155331,0.09992234015014234,-0.018106570098292862,-0.02016234616391721,-0.05504587155963303,-3.0588235294117645,-3.0588235294117645,-3.1875,-3.1875,-0.025125628140703515,-1.828125,-99.2,0.8074398249452954,0.8162055335968379,-0.024390243902438935,0.05438596491228065,0.003472222222222099,-0.02123142250530774,-0.045454545454545525,0.0,0.008064516129032251,-0.055393586005830886,0.0,-0.020000000000000018,0.1207553809160753
2002-03-31,0.07781818181818179,0.04438930245381867,0.23935043539656387,0.13171759747102207,-0.030999465526456493,-0.5088996763754046,-4.657142857142857,-4.657142857142857,-4.628571428571429,-4.628571428571429,-1.8762886597938144,0.5660377358490567,-0.9877800407331976,-1.5048426150121066,-0.2268770402611534,0.18500000000000005,0.16306156405990024,0.09688581314878886,-0.03470715835141003,0.2142857142857144,0.0,0.0,-0.10097001763668434,0.0,0.020408163265306145,-0.07718472004186283
2002-06-30,-0.00596041385515067,-0.04725448785638864,-0.013292821876186856,0.04655493482309114,0.004688361831219012,1.6260296540362438,-1.046875,-1.046875,-1.047244094488189,-1.047244094488189,-1.4117647058823528,0.5662650602409638,-0.8333333333333334,-1.026378896882494,0.007741027445461013,0.4303797468354431,-0.597997138769671,-0.61198738170347,0.004494382022471877,0.4901960784313726,0.0,0.0,0.010789602746444471,0.0,0.1200000000000001,-0.08965126169549198
2002-09-30,-0.10295282271750195,0.07786090329731232,0.0021170130869900827,0.09430604982206403,-0.252813615152347,0.30301129234629864,-154.66666666666666,-154.66666666666666,-153.0,-153.0,3.0285714285714285,0.0923076923076922,0.0,37.45454545454545,0.2953910614525139,-0.07079646017699126,9.459074733096084,8.674796747967479,-0.2527964205816555,-0.07894736842105265,0.0,0.0,-0.16715186802523052,0.0,0.1607142857142856,-0.015011835056683687
2002-12-31,-0.07920292596796574,-0.22750642673521848,0.2116381793739197,-0.16747967479674797,-0.7086700955180014,-0.08858931150698124,-0.09002169197396959,-0.09002169197396959,-0.08114035087719285,-0.08114035087719285,0.0,0.0,0.0,-3.92434988179669,-0.6668463611859838,-0.1873015873015873,1.3763184756719973,0.9201680672268908,-0.7095808383233533,0.10000000000000009,0.0,0.0,-0.683658607631809,0.0,0.15384615384615374,-0.07209258205274138
2003-03-31,-0.0016436104643199334,0.025956738768718735,-0.003328578221588163,-0.01953125,0.049180327868852514,-0.14685684099313256,-1.0262216924910608,-1.0262216924910608,-1.0250596658711217,-1.0250596658711217,-1.173758865248227,-1.1056338028169015,3.0,-0.9361358124494745,-0.12783171521035597,-0.01953125000000011,0.24226804123711343,-0.03238512035010943,0.04123711340206193,2.3636363636363633,0.0,0.0,0.05064456721915267,0.0,0.2266666666666668,0.04641177673277452
2003-06-30,-0.034298257648511465,-0.0723321440155692,-0.011768447837150142,-0.07021912350597614,-0.25841346153846156,0.32321981424148616,-10.636363636363637,-10.636363636363637,-10.857142857142856,-10.857142857142856,-0.7959183673469388,-4.866666666666667,-12.25,0.5569620253164558,-0.2282003710575139,-0.13545816733067728,0.0,0.19402985074626877,-0.25742574257425743,-0.16988416988416988,0.0,0.0,-0.23137598597721287,0.0,0.13043478260869557,-0.002279536277191685
2003-09-30,0.027276601790027,0.06433566433566429,0.04119729642742187,0.1489019817889663,-0.05348460291734203,0.09592887225081892,-0.7735849056603774,-0.7735849056603774,-0.7729468599033816,-0.7729468599033816,-15.7,-0.3793103448275862,-1.0444444444444445,-3.113821138211382,0.625,0.2857142857142858,0.0,-0.43446969696969706,-0.053333333333333344,0.730232558139535,0.0,0.0,-0.07867730900798175,0.0,0.06730769230769229,-0.073634049219923
2003-12-31,0.23800304245609172,0.02923784494086723,-0.0001545595054095461,0.05314685314685308,2.905821917808219,0.0602049530315969,0.8541666666666667,0.8541666666666667,0.8297872340425532,0.8297872340425532,-0.1462585034013606,0.8888888888888888,-91.5,-0.9923076923076923,0.002958579881656709,0.7921146953405018,-0.6505301982480405,-0.7126590756865372,2.802816901408451,0.8924731182795698,0.0,0.0,2.153465346534654,0.0,0.009009009009008917,-0.02269043760129663
2004-03-31,0.13795799821268995,0.42195978295563363,-0.06647086102952537,-0.1540504648074369,-0.03463393248575186,-0.030205396697543296,-0.9325842696629214,-0.8089887640449438,-0.813953488372093,-0.813953488372093,-2.4382470119521913,-0.7647058823529411,-9.265193370165745,558.5,1.6504424778761062,0.3839999999999999,-0.15039577836411622,-0.00932400932400923,-0.04814814814814827,-0.6363636363636364,0.0,0.0,-0.1514913657770801,0.0,0.0,0.6808710072824284
2004-06-30,0.0002944929812505048,0.11537598204264876,-0.005795661533366414,0.03349031920460499,0.009990917347865613,0.2691029900332227,-55.666666666666664,-19.470588235294116,-19.5625,-19.125,-1.5734072022160666,1.125,-0.9939839572192514,-0.837354781054513,0.1012799109627156,-0.03179190751445082,-1.3408385093167703,-1.4752941176470586,0.011673151750972943,0.01953125,0.0,0.0,0.00971322849213685,-0.41132075471698115,0.008928571428571175,0.07922958133150293
2004-09-30,0.07163886162904798,0.2137250955926746,0.014490339773484351,0.22683544303797465,0.2742805755395683,0.14168848167539272,1.667682926829268,1.7420382165605095,1.7104377104377106,1.703448275862069,0.0,0.0,0.0,2.71978021978022,0.3420919656392116,0.21791044776119395,4.104783599088838,4.4504950495049505,0.2615384615384615,0.20306513409961702,1.6548165137614674,0.0,0.18873110398534143,4.993589743589744,0.008849557522123908,-0.01065225167931938
2004-12-31,0.06327838827838828,0.2167136461614989,-0.12231160728944346,0.0610813041683862,0.4961185603387439,-0.10748065348237312,1.330285714285714,1.3519163763066202,0.17142857142857126,-0.4107142857142857,-8.347826086956522,-31.5,-1.5555555555555556,-1.7193500738552436,-0.18335843373493976,0.33210784313725483,0.0,1.740236148955495,0.49390243902439046,0.05414012738853491,-0.806695464362851,0.016000000000000014,0.4073217726396918,1.8213903743315507,-0.01754385964912264,0.14663934755534114
2005-03-31,0.28533287399879415,-0.25211229217770514,0.4612794612794613,0.3975106962271491,0.05849056603773595,-0.12780989081567118,-0.8764100049043648,-0.8824691358024691,-0.8833510074231177,-0.803030303030303,-2.277449046679816,-4.628736740597878,-148.2,1.2258726899383983,-0.49976947902259106,0.5538178472861086,1.2255689424364125,-0.02784222737819031,0.04693877551020398,0.04229607250755296,-0.23798882681564237,0.023622047244094446,-0.17661555312157717,0.05307050796057622,-0.07142857142857151,-0.464840054658211
2005-06-30,0.06693915840257314,0.052660349854227295,0.01868919610855091,-0.06707486779849703,0.19474153297682717,0.786818851251841,2.9563492063492065,3.1302521008403366,3.118181818181818,2.945054945054945,-0.33659289758106026,-0.7517937815572682,-1.3804347826086958,-1.0691881918819188,0.06912442396313367,-0.0627590290112493,-0.026867167919799595,0.06375724514149339,0.1949317738791423,-0.10434782608695659,-0.14809384164222883,0.01538461538461533,0.11972065181243763,0.043196544276457916,0.019230769230769162,0.12832263978001834
2005-09-30,0.00954593983545804,0.058507876060238884,-0.11962804724805232,-0.08890214797136042,0.16430436404326754,0.05934473521533068,-0.14142427281845538,-0.14343845371312314,-0.14790286975717448,-0.14484679665738165,-0.5283165244375485,-0.7301927194860813,0.9035714285714285,-3.36,-0.15603448275862064,0.14908401768793444,-0.17152570310085502,-0.09230769230769231,0.1615008156606852,-0.03883495145631055,-0.03958691910499135,0.037878787878787845,0.15354915354915355,-0.1086956521739132,0.018867924528301883,0.16183126378089807
2005-12-31,0.08659409020217734,0.04006541291905141,0.2145304025121324,0.18762278978389002,0.043728976453628166,-0.0886986967516048,-0.21612149532710279,-0.21971496437054627,-0.21761658031088082,-0.22149837133550476,1.0625,-0.09523809523809523,-0.8893058161350844,-6.361581920903955,0.9693564862104187,0.16932380428807026,-0.4016413827406118,-0.3908898305084746,0.0435393258426966,0.006734006734006703,0.2508960573476704,0.03649635036496335,-0.03964984552008244,-0.3945025164537359,0.0,-0.12425710433002046
2006-03-31,0.01408370069273479,0.01996855345911941,-0.01151721706428488,-0.006341328921974032,0.03836709637814617,-0.3459978655282817,-0.4351713859910581,-0.4444444444444444,-0.44701986754966894,-0.42677824267782427,-1.0406698564593302,0.8771929824561404,0.20338983050847448,-1.5911485774499474,-0.2909751037344398,0.12176774800188062,-0.04904405652535326,0.002318840579710102,0.032301480484522305,0.0735785953177257,0.3724928366762177,0.021126760563380254,0.024128686327077764,0.02621483375959066,-0.01851851851851849,0.026461362988309034
2006-06-30,0.027776209563597387,0.05071681825188845,0.015931518249910903,0.031076581576026552,0.026603606266627278,0.5868146214099217,1.1926121372031662,1.2383561643835614,0.14371257485029942,0.11678832116788307,-20.176470588235293,-0.4182242990654206,11.338028169014084,-0.7664884135472371,-0.09583028529626925,-0.1429170159262364,-0.11472902097902093,-0.08849045691150959,0.08735332464146017,-0.16822429906542058,-0.18058455114822547,0.04137931034482767,-0.0013089005235602524,-0.05919003115264798,-0.037735849056603765,0.019056614256347526
2006-09-30,0.015709969788519684,0.03345070422535201,-0.060620245757753044,0.005382131324004336,0.08825223150014394,0.19313039901275197,0.07220216606498187,0.0734394124847002,0.11518324607329844,0.09803921568627438,0.3905930470347647,0.008032128514056325,-0.639269406392694,-7.076335877862595,0.6440129449838188,-0.10464547677261615,-0.03480622068625028,-0.02093908629441621,0.1007194244604317,-0.17602996254681635,-0.056050955414012726,0.039735099337748325,0.071559633027523,-0.023178807947019875,0.0,0.02791407698179027
2006-12-31,0.048996809258558205,0.11059057353776258,0.16581537311573435,0.0034796573875803816,-0.013361555761344124,-0.0536114463023617,-0.21436588103254772,-0.21778791334093506,-0.20657276995305163,-0.20833333333333326,0.4713235294117648,0.37848605577689254,-0.3006329113924051,0.8655778894472361,0.7308070866141732,0.17804478427089032,-0.022506393861892682,-0.016202203499675938,-0.009803921568627416,0.06818181818181812,0.14439946018893401,0.0573248407643312,-0.05944227005870839,-0.03186440677966085,0.019607843137254832,0.1067677946324388
2007-03-31,0.03706758777130492,-0.11248881503259622,0.026928830946783444,-0.08829021072285947,0.043309198176454844,-0.40710382513661203,-0.5357142857142857,-0.5466472303206997,-0.544378698224852,-0.5338345864661654,-1.4827586206896552,4.297687861271676,-3.009049773755656,-2.568350168350168,-0.6622121125959625,0.28465461288827076,-0.053113553113553036,-0.050065876152832645,0.04290429042904287,0.2978723404255319,0.2511792452830188,0.03614457831325302,0.00598179453836134,-0.028711484593837655,-0.019230769230769273,-0.026549096659797877
2007-06-30,0.10409624179757415,0.1158000864179749,0.06982310093652444,-0.05617320070216503,0.15679218609433243,0.6823348694316436,1.6738461538461538,1.7491961414790995,1.7272727272727275,1.6774193548387095,-1.6097308488612836,-0.3409710856519367,0.5427927927927927,-1.0450837269214255,0.08838383838383845,0.40959942259112236,-0.05139541309754081,-0.03675450762829402,0.15717299578059074,0.3508196721311476,0.42695570216776635,0.03488372093023262,0.04782833505687689,-0.017303532804614163,-0.019607843137254943,0.18219859203465782
2007-09-30,0.37856821251688433,0.09022847553891822,0.7133547320299582,0.1822690638561686,0.10754360626597048,0.13148283418553697,-0.34522439585730724,-0.3508771929824561,-0.36190476190476184,-0.3493975903614457,1.0152801358234296,2.390728476821192,3.3124087591240876,-0.01904761904761909,0.07965970610982209,-0.06298003072196623,-0.18030876784153804,-0.2318214542836573,0.08659981768459435,-0.1893203883495146,-0.08586525759577279,0.03370786516853941,-0.19664446089316556,-0.13499633162142333,-0.12,-0.07782959940034984
2007-12-31,0.004572473708276181,-0.10655931802036467,-0.05784842463809259,0.04771893025694807,0.16731868793259097,0.26291155584247905,0.6467486818980668,0.6702702702702703,0.5970149253731343,0.6388888888888888,0.7514743049705139,-0.922607421875,-1.5355450236966823,0.6990291262135921,0.12535816618911166,0.22814207650273222,-0.019545131485430023,-0.024367385192127555,0.08053691275167796,0.12874251497005984,0.38511560693641633,0.0380434782608694,0.16185503685503688,-0.012722646310432628,0.0,-0.14725671709189436
2008-03-31,0.07321672410429803,0.273919957593427,0.09104603518920218,-0.037537537537537524,0.0712382916559251,-0.36817891373801914,-0.8217716115261473,-0.8295577130528586,-0.8364485981308412,-0.8192090395480226,-1.577200577200577,-0.6498422712933754,-1.9721871049304678,0.6799999999999999,0.18714194780394644,0.14037819799777518,-0.16020297209133738,-0.16234390009606148,0.06987577639751552,0.0557029177718833,0.04225352112676051,0.020942408376963373,-0.0018503832936823672,-0.12285223367697595,-0.045454545454545525,0.3236072865918236
2008-06-30,0.22596182974856105,0.5011962966815771,0.21279063345667426,0.33983359334373375,0.31894753730145986,1.0400485436893203,15.179640718562876,16.075949367088608,6.857142857142858,7.03125,-2.6908333333333334,12.162162162162161,-0.5364109232769831,3.554421768707483,0.7179624664879356,0.7487319547405384,0.48252050064738916,0.488532110091743,0.1182873730043541,0.635678391959799,0.8578578578578577,0.04615384615384621,0.0760063559322035,0.46229187071498523,0.023809523809523725,0.12042408481696354
2008-09-30,0.06481504361363011,-0.16000277181068534,0.16188524590163933,1.2196778575587035,0.026821554555406912,0.1795558199484435,-0.3527017024426351,-0.35174203113417346,-0.3927272727272727,-0.3735408560311283,1.460818137013307,0.47843942505133463,-3.4109396914446,-0.4929051530993278,0.21192259675405745,-0.10609103078982607,0.12168850072780191,0.16178736517719572,-0.0350421804023362,-0.20122887864823347,-0.4803340517241379,0.04411764705882337,-0.035687915333497466,0.06630944407233774,0.09302325581395343,-0.6215675772183538
2008-12-31,-0.04597141000649774,-0.28914370565913217,-0.07619047619047614,-0.26132190942472455,0.03684179352010908,-0.22972177859964693,-0.6912521440823327,-0.6901086335048598,-0.7125748502994012,-0.7080745341614907,-0.45724013619066695,0.9555555555555555,-0.878999418266434,-4.082474226804123,-0.5390162245686325,-0.5816797703731436,-0.15572281339216199,-0.13262599469496017,0.03698722259583054,-0.5673076923076923,-0.6671850699844479,0.06103286384976525,0.08677896886166425,-0.10427135678391963,-0.02127659574468077,-0.03764861294583888
2009-03-31,-0.020748704726229028,-0.08030637112684225,-0.031946035382461546,-0.07610368090898334,-0.007369323050556931,-0.4927979048450458,-1.1407407407407408,-1.136531365313653,-1.1458333333333333,-1.148936170212766,-1.1653136531365313,-0.9261363636363636,-0.6875,-0.6096512183468705,-0.4564245810055866,-0.3394988066825776,-0.11404857055026119,-0.08868501529051986,-0.00907911802853445,-0.36,-0.28348909657320875,0.039823008849557695,0.013621418506341021,-0.03716690042075732,-0.05434782608695654,-0.004608294930875556
2009-06-30,0.06721645387252217,0.19772870662460562,-0.10995705145060919,-0.3077120163976428,0.3035796500920811,-0.16028399311531838,-6.9868421052631575,-7.148648648648648,-6.142857142857142,-6.142857142857142,1.578125,0.5641025641025641,-52.323076923076925,-3.170134638922889,1.8221993833504624,0.11382113821138207,-0.501734906315059,-0.4656040268456375,0.13154450261780104,0.11805555555555558,0.16956521739130448,0.017021276595744705,0.22150139017608894,-0.34304442825928627,-0.1839080459770115,0.7302009456264773
2009-09-30,0.049995344939949726,0.07069110830172787,0.03614161209316058,0.03626943005181338,0.062072314688093266,0.7074045605944146,0.2923076923076924,0.2923076923076924,0.25,0.25,-2.341125541125541,0.42622950819672134,-1.0083932853717026,-0.5188945290468133,0.3106336489439183,0.11557177615571779,-0.483983286908078,-0.44113029827315553,0.06246385193753623,-0.012422360248447228,1.1579925650557619,0.01673640167364021,0.011570561456752726,-0.31263858093126384,-0.18309859154929575,0.033191004839168814
2009-12-31,0.028395992197198128,0.142576011020368,-0.0009504348239319782,0.01857142857142846,0.056989649582242174,0.23124249699879962,0.8435374149659864,0.8401360544217686,0.8444444444444443,0.822222222222222,0.23369916074887032,-0.5732758620689655,6.142857142857143,0.6740914419695194,0.3967768824673521,0.40785169029443824,0.23751686909581649,0.3202247191011236,0.023407729994556314,0.32704402515723263,1.757105943152455,0.03703703703703698,0.027751734483405288,0.41290322580645156,-0.06896551724137923,0.12177650429799436
2010-03-31,0.19239971547431733,0.26636238374095766,0.2870189792132427,0.30838008415147256,0.11306433852446118,-0.18159658744667884,-0.13745387453874536,-0.13585951940850283,-0.1686746987951807,-0.1585365853658537,-0.6509680795395081,5.562289562289562,-9.71,-0.6659663865546219,0.09488760692261788,0.45985024528789054,0.3293347873500545,0.37234042553191493,0.11170212765957444,0.42654028436018954,0.13214620431115298,0.031746031746031855,-0.06659368728334236,0.3710045662100456,0.0,-0.03212496315944602
2010-06-30,0.018872358502503683,0.10887453247194823,-0.02228628451047787,-0.04287819911563717,0.059887644419319486,0.7636634400595681,1.788235294117647,1.788235294117647,1.7971014492753623,1.7826086956521738,1.5337331334332833,-0.16726526423807075,-1.1521239954075775,-1.480083857442348,-0.04160610465116277,0.083834453484259,0.586546349466776,0.5906976744186045,0.05980861244019131,-0.026578073089700838,-0.27124724061810157,0.05384615384615388,0.04026583268178263,0.29808492922564533,0.2222222222222221,0.15854648802273652
2010-09-30,0.2559480510263825,0.24058628725622477,0.37128600589702887,-0.03401931961360771,0.14570971398093202,0.13653635058684466,0.1407748369773687,0.1407748369773687,0.13989637305699487,0.13541666666666674,1.3390532544378697,4.763401109057301,-37.41132075471698,-20.29694323144105,0.8377251184834122,-0.0776762402088772,0.33040330920372285,0.294346978557505,0.145372460496614,-0.12969283276450527,-0.44831503218477853,0.05109489051094873,-0.08774896655392717,0.2116741500962156,0.06060606060606055,0.2842561766251972
2010-12-31,0.09878653463108678,0.2772257649908547,0.08597971110376013,0.49086956521739133,0.1190025895429021,0.09985141158989608,0.23839946200403506,0.23839946200403506,0.23636363636363633,0.23853211009174302,0.7429800151783457,-0.9197134915544152,-1.0259094206653538,0.3516632722335371,0.6161543222611925,0.25920028308563325,0.2090944422852703,0.1807228915662651,0.11903823413480485,0.10196078431372557,-0.12903225806451613,0.04861111111111116,0.018331616889804447,0.15299100052938042,0.028571428571428692,-0.14329569874134462
2011-03-31,0.1509475199917718,0.43743468668963126,0.1875618733341795,0.07630990570623108,0.11105332951974822,-0.2007565522831667,0.14960629921259838,0.14960629921259838,0.1470588235294117,0.15185185185185168,-0.8448476052249637,-0.5019973368841545,-26.096,0.1736145990289637,0.44743728856832843,0.2700576085429254,0.19222115075538415,0.1696428571428572,0.10954561465304691,0.13167259786476881,-0.048857368006304136,0.04635761589403975,-0.034587378640776656,0.19329660238751156,-0.01388888888888895,0.3355231724796941
2011-06-30,0.527171788255532,-0.545410484934974,0.5286636456908345,0.07568641618497107,0.2979639597472501,0.5262001352265044,-0.03708077468115256,-0.03708077468115256,-0.0608974358974359,-0.06109324758842438,4.7820392890551915,124.22459893048128,2.2387631495058975,-3.895292439372325,-0.8950037482912202,0.011505697532913084,-0.05607980587759498,-0.1292257360959651,0.20571428571428552,-0.0880503144654089,-0.23529411764705876,0.04430379746835422,-0.15001047559187097,-0.009619084263178146,-0.12676056338028163,-0.5774081030319291
2011-09-30,0.020012141869701683,0.128235503168868,-0.008137925248542288,0.09101595298068843,0.03194980346904197,0.1866208882489755,0.44591611479028703,0.44591611479028703,0.39590443686006815,0.3938356164383563,0.3277786765895485,-0.9577657257547936,-1.1440944881889763,-1.1512613322822232,1.28937421251575,-0.16285683036202558,0.0542702085118536,0.010644959298684809,0.05371248025276487,-0.3034482758620689,-0.23943661971830998,0.08484848484848495,0.011584914961794368,0.050893550893550854,-0.032258064516129115,0.03414462081128744
2011-12-31,0.04276709715818239,-0.059901301973960486,0.057587932614365345,0.14922271817762045,0.010762833280916873,-0.22414597722605933,-0.6632739609838847,-0.6632739609838847,-0.6552567237163814,-0.6609336609336609,-0.09455342999878158,0.9504550050556118,0.33709016393442615,-1.0765472312703583,-0.04311135571454783,-0.20512150509537497,-0.1771877539962069,-0.21499380421313496,0.01799100449775115,-0.24752475247524752,-0.3233618233618233,0.07821229050279332,-0.030701754385964897,-0.1190388170055453,-0.11666666666666659,-0.18193601200627596
2012-03-31,0.024178741137556026,-0.11358686547160324,-0.005678485737136807,-0.07279180338846847,0.06136560069144337,-0.23927819548872176,0.893198992443325,0.893198992443325,0.8723404255319152,0.9057971014492754,-1.1735970932579733,-0.34681181959564544,-0.9458492975734355,15.99148936170213,-0.7655291411042945,0.13625904010519374,-0.10767204478103398,-0.1302288871349645,0.057682866961217494,0.11842105263157898,0.2673684210526315,0.07253886010362698,0.03645047762694831,-0.04070499370541336,-0.09433962264150952,-0.04402935290193455
2012-06-30,0.020210430193442708,0.09783909783909794,0.017079121645172446,0.10811786797631084,0.025244299674267,0.2856803985134815,-0.31346460883448646,-0.31346460883448646,-0.31439393939393945,-0.311787072243346,-1.745736434108527,0.06706349206349205,-11.037735849056604,-1.092411720510894,0.3017170891251022,-0.16100101258498478,-0.12361623616236173,-0.11887477313974593,0.025295892318403235,-0.2058823529411764,-0.1245847176079734,0.15217391304347827,0.004850836769342726,-0.07130358705161854,-0.04166666666666663,-0.00924633635729255
2012-09-30,0.006745950784175614,-0.044301618271548215,0.002741603838245288,0.11731734341393474,0.006640190627482223,-0.049876998769987746,-0.67015503875969,-0.67015503875969,-0.6685082872928176,-0.6740331491712708,2.2047817047817047,-0.018966158423205703,-1.7725563909774436,-4.2439024390243905,-0.7518844221105527,-0.2832758620689655,-0.3709473684210526,-0.36972193614830073,0.0065640561339972425,-0.3037037037037038,-0.20303605313092965,0.1320754716981134,0.0,-0.2915685350918511,-0.10869565217391308,-0.14465574925162872
2012-12-31,-0.11256602688143924,-0.009247027741083214,0.027130763972869287,-0.19413171556903697,-0.2689212220679207,-0.06977797915722705,-20.016451233842538,-20.016451233842538,-19.933333333333334,-20.25423728813559,-0.22478105741161203,-0.3286580742987112,-1.562043795620438,-2.300751879699248,3.941772151898734,-0.10343998075535232,-2.0287817938420347,-1.9967320261437909,-0.26894535642005846,-0.10638297872340419,0.3833333333333331,0.1148148148148147,-0.17620082066135656,0.0,-0.024390243902438935,0.22943901183736481
2013-03-31,0.01819534582206872,0.10539393939393937,-0.10891988738162273,-0.20275063336952592,0.23137695080622533,-0.20638786444923807,-1.0661187666069332,-1.0600012358647963,-1.0580985915492958,-1.0580985915492958,-1.106276150627615,0.28966685488424626,2.7435064935064934,-0.4091201027617213,0.471311475409836,-0.21733297558357934,0.33506831489915423,0.32295081967213113,0.14610888957243917,0.0714285714285714,0.0,0.024916943521594792,0.20920011719894527,0.0,0.0,0.3864701942397857
2013-06-30,-0.016423212438232082,-0.08662755633532537,-0.021801260968849157,0.04830216088614492,-0.012866809241664612,0.30512932924156067,0.36448598130841114,0.3707518022657055,0.3181818181818181,0.2424242424242422,-17.311023622047244,0.19045534150612964,-1.4411679676206997,-1.259782608695652,-0.08321727019498604,-0.3270483373328763,0.13888888888888884,0.12763320941759604,-0.012882447665056307,-0.4111111111111111,0.0,0.024311183144246407,0.0036346014053791897,0.0,0.0,-0.12874396135265687
2013-09-30,-0.0020743072769935367,0.0022210216699682928,-0.026280630147846873,-0.08150008661008146,0.02637093337121743,0.039032583137386556,-0.1972602739726027,-0.21637866265965444,-0.2183908045977011,-0.19512195121951215,-0.28312816799420715,-0.1390216991541008,-0.7948885976408913,-2.485355648535565,0.13482719331560955,0.05348955680081513,0.010269576379974277,0.005494505494505475,0.026373028820010802,0.05660377358490565,0.0,0.023734177215189778,0.02848865282472235,0.0,0.02499999999999991,0.09121153313002495
2013-12-31,-0.032786160230564576,-0.06564446574029703,-0.05948342154068842,0.023573785950023574,0.050141010779106265,-0.019914651493598834,-0.6305460750853242,-0.7094918504314478,-0.7205882352941176,-0.5909090909090908,0.5488215488215489,-0.671507902605724,9.667731629392971,0.033802816901408406,0.12282463186077641,0.1813346228239845,-1.2664125370605674,-1.3344262295081968,0.050331125827814516,0.1607142857142856,0.0,0.023183925811437467,0.08568075117370899,-0.5738031914893618,0.024390243902439046,-0.08720782520325199
2014-03-31,0.006165265700851297,0.07198717948717959,0.02077722200846477,-0.03906034085674803,-0.008237910865804388,-0.3798654176012667,-2.6235565819861435,-3.742574257425743,-3.8421052631578947,-3.0,-1.1782608695652175,0.17945383615084531,-1.5926924228811021,-0.22343324250681196,0.08494783904619974,-0.09864920180106429,-0.5007949125596185,-0.42156862745098034,-0.008827238335435084,-0.1384615384615384,0.5731497418244409,0.0226586102719033,-0.01427027027027028,-0.47581903276131055,-0.023809523809523836,0.1155799874747756
2014-06-30,-0.007604447541430637,-0.0050828200681696245,-0.014825983163714085,-0.005368612788802629,0.0013456267131821686,0.171063829787234,-1.155049786628734,-0.9771359807460891,-0.9814814814814815,-0.9814814814814815,-0.48902439024390243,-0.36493936052921716,-0.5310763011622031,-1.143859649122807,-0.011263736263736224,-0.20844686648501365,-0.7356687898089171,-0.5706214689265536,0.0012722646310434627,-0.2142857142857143,0.5754923413566739,0.02215657311669128,0.008993200263215595,-0.7113095238095237,-0.04878048780487798,0.0003118762475049497
2014-09-30,-0.6328000976920258,-0.18223344151941334,-0.20474110445096294,0.0778795180722891,-0.9949067622270887,0.17932412790697683,-540.4128440366973,3100.2631578947367,3848.0,3848.0,-6.4391408114558475,0.03472222222222232,-3.945043103448276,27.26829268292683,-0.3220338983050848,-0.17957544463568553,0.0,-71.14473684210526,-0.9949174078780177,-0.18181818181818188,1.6131944444444444,0.021676300578034713,-0.9860869565217392,0.0,0.1282051282051282,-0.24131695454262025
2014-12-31,-0.34236780844695713,0.06489783918859326,-0.01808158765159873,-0.1428060448895645,-47.62214983713355,-0.010399014019411457,-0.7814137016123546,-0.7797162446541308,-0.7799428422967004,-0.7799428422967004,0.118473014480035,-2.75,0.11855104281009887,-1.4046591889559965,0.1922131147540984,-0.3944055944055944,0.0,0.5813168261114237,-47.699999999999996,119.27777777777777,0.0,0.021216407355021172,0.0,0.0,0.2272727272727273,0.24229473165118787
2015-03-31,-0.1458280657395702,0.052108496100490065,-0.08443745789355495,-0.11694137283538497,0.3943268357437295,-0.652837238265743,-0.40880796763149707,-0.4047765793528505,-0.4049586776859505,-0.49704840613931534,-1.895253040408003,-1.1505273250239694,-2.014066077854105,0.38166311300639655,0.22275696115503618,-0.21939953810623558,0.0,0.5790035587188611,0.3940042826552461,0.0,0.0,0.0,0.0,0.0,0.2777777777777777,0.19139927224611308
2015-06-30,-0.03448531044179681,-0.09328260299134083,-0.030124646018685808,-0.10407560543414063,-0.03602745903692939,0.11681614349775793,-1.0792313766780732,-1.0779187160238157,-1.0773809523809523,-1.091549295774648,-0.9123575810692375,0.16560509554140124,-1.1341935483870969,-2.226851851851852,-0.22350295192578018,-0.17603550295857984,0.0,0.7786041619713022,-0.03686635944700467,0.0,0.0,0.0,0.0,0.0,0.5362318840579712,0.012050199911150639
2015-09-30,-0.1294933701234,-0.2216032412096658,-0.07324811476917414,-0.11669303797468356,0.004262397338600676,0.19092551696446503,-0.823920265780731,-1.2491694352159468,-1.2564102564102564,-1.2564102564102564,-10.435,0.26775956284153013,3.091346153846154,-0.9245283018867925,-0.02172338884866043,-0.3877917414721723,0.0,-0.6896304118268215,0.003987240829346206,0.0,0.0,0.0,0.0,0.0,-0.009433962264150941,-0.11873799725651568
2015-12-31,-0.059872331058771766,-0.08662515103634172,-0.020813693872488215,-0.1316614420062696,0.025569358178053836,-0.1975724881995954,-6.688679245283019,3.0199999999999996,2.9,2.9,-0.48383677795442503,0.9827586206896552,-0.781433607520564,-3.5,0.05551443375277576,-0.2434017595307918,0.0,-0.5802939575394666,-0.12629070691024624,0.0,0.0,0.0,0.0,0.0,-0.20952380952380956,0.05186476558122144
2016-03-31,-0.1166939826738469,-0.19405718937620842,-0.09224493932254063,-0.24394017534811763,-0.06157262541637232,-0.3581932773109243,-2.791044776119403,-2.791044776119403,-2.5897435897435894,-2.5897435897435894,-2.298767967145791,-0.8934782608695653,1.510752688172043,-16.02,-0.7899719495091164,-0.03875968992248069,0.0,-1.172503242542153,-0.07090909090909081,0.0,0.0,0.0,0.0,4.11340206185567,0.012048192771084265,0.06594057061678704
2016-06-30,-0.018713884323808494,-0.016161616161616155,-0.014819983254256264,-0.1448385629831742,-0.015435086587071045,0.6242225859247137,-0.8814814814814815,-0.8814814814814815,-0.8870967741935484,-0.8870967741935484,-1.8474308300395257,0.9183673469387754,-0.47430406852248397,-1.214380825565912,0.8063439065108515,0.7338709677419355,0.0,-0.34398496240601495,-0.02544031311154593,0.0,-0.7802285410576668,0.0,0.0,-0.5100806451612903,0.09523809523809534,0.15048867170146618
2016-09-30,-0.04219340896812529,-0.10215605749486656,-0.10099436244652826,-0.13985642116458386,-0.15644289069754735,0.11507456670697302,-3.015625,-3.015625,-2.714285714285714,-2.714285714285714,-0.1473880597014925,1.6808510638297873,-0.11405295315682284,-0.5031055900621118,0.22181146025877996,0.5860465116279072,0.0,-0.47851002865329506,-0.32730923694779124,0.0,3.123337363966143,0.0,0.0,-0.21810699588477367,0.04347826086956519,0.043826624191524166
2016-12-31,0.08517118844830507,0.17867352773013145,0.02552467385138968,0.20896445131375585,-0.0518034060739494,0.36273269474064707,-4.065891472868217,-4.065891472868217,-3.9166666666666665,-3.7500000000000004,1.526258205689278,-0.2698412698412699,-0.5310344827586206,6.966666666666667,1.4462934947049924,0.1598240469208212,0.0,4.148351648351649,-0.06268656716417909,0.0,0.2885630498533722,0.0,0.0,3.347368421052632,0.17708333333333326,-0.025062424858965926
2017-03-31,0.0009355995633868464,-0.01382488479262678,-0.1922627826941986,-0.20915366913832778,-0.43310796967834464,-0.3877984084880637,-1.3552465233881164,-1.3552465233881164,-1.3142857142857143,-1.3333333333333333,-1.1087050671286272,0.48913043478260865,-2.127450980392157,-1.1469665271966527,-0.08688930117501548,0.26927939317319827,0.0,-0.7833511205976521,-0.5541401273885351,0.0,-0.7460172963131543,0.0,0.0,-0.7966101694915255,0.07079646017699126,0.24701195219123506
2017-06-30,0.05421405203302698,0.11694540088539096,0.025906341537642152,0.3362431296475914,-0.04939163956149861,0.23331889081455803,-2.1316725978647684,-2.1316725978647684,-1.9090909090909092,-1.9090909090909092,-4.701195219123505,-0.23722627737226276,-3.034782608695652,-1.9323843416370106,0.08872333220453776,-0.27191235059760954,0.0,0.46798029556650267,-0.04999999999999993,0.0,2.8530465949820787,0.0,0.0,0.45238095238095255,0.008264462809917328,-0.16411836300015203
2017-09-30,-0.052608245899216755,-0.12903225806451613,0.022100266983090977,0.010162109847568379,0.05601317957166385,0.22676971719655725,0.679245283018868,0.679245283018868,0.7999999999999998,0.7999999999999998,0.4951560818083962,0.7272727272727273,2.5213675213675213,-3.316793893129771,-0.1888024883359254,0.04103967168262668,0.0,1.3422818791946307,0.05639097744360888,0.0,-0.11511627906976751,0.0,0.0,1.2459016393442623,0.040983606557376984,-0.1377804067889158
2017-12-31,0.5355898715748972,0.9524712425736317,0.2325859817152809,0.08311377245508988,-0.4668186727469099,-0.13960481099656352,4.803370786516854,4.803370786516854,4.888888888888889,4.722222222222222,-0.05399568034557234,0.9833795013850415,-5.171723300970874,-13.304777594728172,2.8638803680981595,-0.1235216819973719,0.0,1.3810888252148996,-0.46975088967971534,0.0,-0.6494086727989488,0.0,0.0,1.8740875912408756,-0.16535433070866135,0.8025753337907013
2018-03-31,-0.03064264915013204,-0.08558850187750877,-0.014657836644591637,-0.06037151702786381,0.09160477155075397,-0.6022632717590282,-1.2720232333010648,-1.2720232333010648,-1.2735849056603774,-1.2815533980582523,-2.0875190258751903,-0.0027932960893854997,-1.0101818181818183,-1.2960235640648012,-0.2194105388508485,0.1574212893553224,0.0,-0.2340553549939831,0.09395973154362403,0.0,-0.5179910044977512,0.0,0.0,-0.0634920634920636,-0.18867924528301894,-0.026817343443510833
2018-06-30,0.06587725732648719,0.09522798074199934,0.003016996744033218,0.11767474699929403,-0.3684536082474227,1.988702928870293,-2.9584816132858838,-2.9584816132858838,-2.8965517241379315,-2.8965517241379315,-1.655003498950315,-0.6022408963585435,1.6714285714285713,-1.2048846675712348,0.02021357742181551,0.023316062176165886,0.0,0.29300864100549884,-0.36809815950920244,0.0,0.20528771384136868,0.0,0.0,0.336271186440678,-0.03488372093023262,-0.020095664992027973
2018-09-30,0.024086514828772776,0.06703730040726619,-0.04365953898385844,-0.19835754895767532,-0.7185765589291544,0.03849923001539968,1.6517262265293762,1.6517262265293762,1.6727272727272724,1.5636363636363635,1.5427350427350426,1.602112676056338,3.385026737967914,0.7836644591611479,0.11788161993769464,0.34303797468354413,0.0,0.6786148238153098,-0.7184466019417476,0.0,-0.06838709677419363,0.0,0.0,0.8305428716387622,-0.07228915662650592,0.3310717465385442
2018-12-31,0.12947200000000003,-0.10359869138495092,-0.0329471848530144,0.22983976884686097,-5.921113689095128,-0.1408735508223241,0.392188213796254,0.392188213796254,0.40816326530612246,0.4113475177304966,0.2176470588235293,0.3450608930987822,2.2621951219512195,-1.9542079207920793,-0.08237654665031768,-0.041470311027332674,0.0,0.29931234165761844,-6.0,0.0,-0.4778393351800554,0.006925207756232732,17.78125,0.34063192904656314,-0.038961038961038974,-0.27112115690661254
2019-03-31,-0.0632649592021759,-0.23898350905650179,-0.019578798222451232,-0.1584792823579667,-0.38307402168788307,-0.7536482033579162,-1.0362592288761279,-1.0362592288761279,-1.038647342995169,-1.0402010050251256,-1.3837129054520358,0.26358148893360167,-0.41009345794392527,4.097276264591439,-0.4774052478134111,-0.0314650934119961,0.0,0.019220055710306383,-0.35862068965517235,-0.8431870669745958,-0.286472148541114,0.00687757909215958,-0.341098169717138,0.09344635104403554,-0.06756756756756765,-0.09565850262641618
2019-06-30,0.02628315639839096,-0.005861456483126082,0.020692373382381835,0.11015228426395929,0.09132594573939623,3.7337579617834393,-8.27601809954751,-8.27601809954751,-8.375,-8.125,-3.3588129496402876,0.3280254777070064,-0.048795944233206545,-0.8651399491094147,-0.12319851231985124,-0.008121827411167515,0.0,-0.029242962558075902,0.13978494623655924,0.5478645066273933,-0.06319702602230481,0.008196721311475308,0.06313131313131293,-0.016260162601626105,-0.014492753623188248,-0.1045173029147275
