Quarter end,Assets,Current Assets,Liabilities,Current Liabilities,Shareholders equity,Revenue,Earnings,Earnings available for common stockholders,EPS basic,EPS diluted,Cash from operating activities,Cash from investing activities,Cash from financing activities,Cash change during period,Cash at end of period,Price,ROE,ROA,Book value of equity per share,P/B ratio,P/E ratio,Cumulative dividends per share,Equity to assets ratio,Net margin,Asset turnover,Current ratio
1993-12-31,0.13904098883451943,0.26254826254826247,0.2741021130375856,0.7008153723151245,0.02381539129957444,0.2995437434608623,0.6188779180017001,0.6188779180017001,0.6315789473684212,0.5319148936170213,-7.301747451633035,-0.8772124319621837,-2.19228926159878,-1.0757986954244632,-0.155194963534393,-0.03520599250936318,0.023094688221709125,0.0044130626654899086,0.03007518796992481,-0.06501547987616096,0.07319819819819795,1.0444444444444443,-0.10118606375092654,0.006916996047430901,0.0,-0.25766152644934603
1994-03-31,0.13904098883451943,0.26254826254826247,0.2741021130375856,0.7008153723151245,0.02381539129957444,0.2995437434608623,0.6188779180017001,0.6188779180017001,0.6315789473684212,0.5319148936170213,-7.301747451633035,-0.8772124319621837,-2.19228926159878,-1.0757986954244632,-0.155194963534393,-0.03520599250936318,0.023094688221709125,0.0044130626654899086,0.03007518796992481,-0.06501547987616096,0.07319819819819795,1.0444444444444443,-0.10118606375092654,0.006916996047430901,0.0,-0.25766152644934603
1994-06-30,-0.060709714937677406,-0.12329426818476585,-0.15315030724615253,-0.2545545063083755,0.03743432025023896,0.0,0.0,0.0,0.0,0.5319148936170213,-7.301747451633035,-0.8772124319621837,-2.19228926159878,-1.0757986954244632,0.013924604215866276,-0.03649068322981375,0.023094688221709125,0.0044130626654899086,0.03649635036496335,-0.06501547987616096,0.07319819819819795,0.0,0.10453608247422674,0.006916996047430901,0.0,0.17608905250241036
1994-09-30,-0.0022544002629643067,-0.0352704377571762,-0.043060221886133676,-0.09391962366163609,0.03311022336287972,-0.011539068076559134,0.074038170251439,0.074038170251439,0.07526881720430101,0.5319148936170213,-0.3321504222717394,1.3994607812402031,-0.7130329935328291,21.608040201005025,0.31048463622090705,0.01208702659145855,0.023094688221709125,0.0044130626654899086,0.030516431924882514,-0.023178807947019764,0.07319819819819795,0.4782608695652175,0.03546761246966579,0.006916996047430901,0.0,0.06468922343121175
1994-12-31,0.003429684095924923,0.02895440595779153,0.07603677470850445,0.07911691637252072,-0.054856268253846596,-0.12996912044705022,-0.35888757262932247,-0.35888757262932247,-0.36,0.5319148936170213,-1.072405980969642,-0.15775170503540725,-1.4979203802733214,-1.4878028450766836,-0.11557196835051409,0.10270700636942665,0.023094688221709125,0.0044130626654899086,-0.04783599088838264,0.06779661016949134,0.07319819819819795,0.3529411764705881,-0.058049396069947745,0.006916996047430901,0.0,-0.04647907041859167
1995-03-31,0.05276628944938988,0.11247065874244622,0.04777946724957549,0.10311421698287782,0.05732390829165679,0.20413845686131626,0.5848071564745563,0.5848071564745563,0.59375,0.5319148936170213,-4.672772784162021,0.21863365599404316,-2.468888510057961,1.361736059691291,-0.3086180846550608,0.06353790613718413,0.023094688221709125,0.0044130626654899086,0.05741626794258381,0.11746031746031749,0.07319819819819795,0.26086956521739113,0.004210526315789664,0.006916996047430901,0.0,0.008515636470415311
1995-06-30,0.06563829133202548,0.07803546576879916,0.13220742810505937,0.18243916638708524,0.005347792930390227,0.19081673546266975,0.10156568086760198,0.10156568086760198,0.0980392156862746,0.5319148936170213,3.522087980173482,1.45708902976145,-0.8542621714153078,-2.0716990232726396,0.4783834991172544,0.03326544467074011,0.023094688221709125,0.0044130626654899086,0.018099547511312153,-0.022727272727272707,0.07319819819819795,0.2068965517241379,-0.05641318848866028,0.006916996047430901,0.0,-0.08829523948172946
1995-09-30,-0.025871780778235598,-0.1616291679090368,-0.06475452319843289,-0.11056010247786985,0.013787287599598796,-0.12755241978229448,-0.01248277947649612,-0.01248277947649612,0.0,0.5319148936170213,0.15191850547704022,-0.109375,17.251443360541508,-1.2134209460371754,-0.06905992863904464,-0.44875164257555844,0.023094688221709125,0.0044130626654899086,0.017777777777777892,-0.4593023255813953,0.07319819819819795,0.19999999999999996,0.0405978590183802,0.006916996047430901,0.0,-0.057485029940119614
1995-12-31,0.0010121986084423718,0.016401748460162846,0.047091566564787746,0.07458793560841515,-0.04234596787424749,-0.09970761023441332,-0.3550247537385801,-0.3550247537385801,-0.3482142857142858,0.5319148936170213,-1.1369023901420763,-0.6769858997626692,-1.3142009446207883,1.3175875158161112,-0.17192559798507578,0.10727056019070313,0.010835214446952568,-0.002636203866432263,-0.037117903930131035,0.09139784946236551,0.07319819819819795,0.15476190476190488,-0.04328416149068326,-0.007850834151128638,0.0,-0.05412960609911055
1996-03-31,0.17283886871020848,0.2133436287398227,0.337469161598527,0.4228861802814934,0.003463534136108004,0.19988045990800973,0.5720767059692438,0.5720767059692438,0.5753424657534245,0.5319148936170213,-3.0478279756733277,7.5245452908337835,4.975004339524388,-0.20686988171064602,-0.16467043243345358,0.07212055974165787,0.03171058508262625,-0.02555066079295154,0.009070294784580435,0.11330049261083741,0.047219307450157455,0.13402061855670122,-0.1444512071414079,-0.001978239366963286,-0.017857142857142905,-0.14723267060720047
1996-06-30,-0.0007681481301440307,-0.07547543709279325,-0.011835145401628888,-0.042919995581900516,0.014407680036190529,0.20065667900394768,0.10409570630379705,0.10409570630379705,0.11304347826086958,0.5319148936170213,3.5479518890138095,-1.2354574031197716,-2.5555691127767126,-1.1373831239603052,0.027082650141915243,0.051204819277108404,0.03203463203463208,-0.005424954792043413,0.01797752808988773,0.039823008849557695,0.019038076152304573,0.1272727272727272,0.015176665876215134,-0.007928642220019877,0.0,-0.03402646502835549
1996-09-30,0.021246100085639874,-0.00420496824055272,0.0025777125770223286,0.008674661717044563,0.046183219200109704,-0.12149709209385595,-0.004452684528061024,-0.004452684528061024,-0.0078125,0.5319148936170213,-0.4319270505375592,-2.1083636885643022,-0.8726286655536009,9.823799582463465,0.28540758356453955,0.11843361986628453,0.025167785234899265,-0.014545454545454528,0.04415011037527594,0.09787234042553195,0.07571288102261553,0.11290322580645151,0.0245269796776455,-0.0019980019980019303,-0.018181818181818188,-0.012828875842574416
1996-12-31,0.2183641195099557,0.08890996654020067,0.3705828486533822,0.031087020775530938,0.023506290033189492,-0.10250637723795775,-0.3296443291100596,-0.3296443291100596,-0.3307086614173229,0.5319148936170213,-0.8613291513399894,6.283512498381039,-12.646549954546787,-2.382556031323535,-0.3069780986886622,0.09564474807856516,0.004091653027823217,-0.06826568265682653,0.02114164904862581,0.050387596899224674,0.058500914076782484,0.10869565217391308,-0.16005471956224349,-0.0010010010010009784,-0.06481481481481488,0.056167400881057095
1997-03-31,0.06321631758172375,-0.07777249219751925,0.08489936276419363,-0.038490524164651596,0.02604698007406525,0.22442594042039543,0.49425025617670504,0.49425025617670504,0.49411764705882355,0.5319148936170213,0.2335247794422406,-0.8600940678568888,-0.8113350068864107,-1.9157645089285715,0.4056432376314716,0.09431021044427124,-0.0016299918500407573,-0.045544554455445585,0.0269151138716357,0.07380073800738018,0.06563039723661479,0.0915032679738561,-0.03474484256243204,-0.012024048096192397,-0.02970297029702973,-0.040875912408759096
1997-06-30,-0.036260877378556544,0.1736566494436651,-0.062284972009687745,0.4308992347961005,0.010908743191792913,0.1744353513275385,0.1337549527583053,0.1337549527583053,0.12598425196850394,0.5319148936170213,8.72370757932127,-1.0310444536239713,-3.898892299479514,-1.3865208250815027,-0.1115429254739212,0.08689458689458696,0.008979591836734802,-0.022821576763485396,0.012096774193548265,0.05841924398625431,0.05915721231766624,0.437125748502994,0.048931383577052845,-0.001014198782961384,-0.020408163265306145,-0.17982170036964562
1997-09-30,0.010519980186842748,-0.04120137134983526,-0.005539908582897102,-0.22101828348929897,0.03752150001061727,-0.1484286265138618,-0.00045700767504064377,-0.00045700767504064377,-0.49650349650349646,0.5319148936170213,-0.7546328749000365,-47.098771750255885,-1.1229064424944986,0.07795995585685,-0.1353344021534747,1.2339449541284404,0.010922330097087318,-0.019108280254777177,0.03585657370517947,1.2045454545454546,1.1644988523335882,0.06666666666666665,0.026541554959785607,0.012182741116751217,-0.03124999999999989,0.23091198303287386
1997-12-31,0.008751855957731092,0.05321425695472537,0.05951198899007992,0.15174479552379805,-0.07304915714657834,-0.08854214796606719,-0.33457499025052784,-0.33457499025052784,-0.33333333333333337,0.5319148936170213,-0.9909667035509506,-0.15065999089667725,0.4827134134921527,1.6671297989031078,-0.41744972588158547,0.06336168964505706,0.02200880352140855,0.010822510822510845,-0.07307692307692304,0.026509572901325384,0.027218098267939084,0.0625,-0.08096108644554723,-0.0020060180541624506,0.010752688172043001,-0.08561275037691152
1998-03-31,0.05090855670569083,0.2031374290373189,0.05183654744119082,0.10064349710838316,0.049199215574499355,0.1499590229724821,0.5348503526463635,0.5348503526463635,0.5208333333333333,0.5319148936170213,56.98218262806236,-0.5418529265678509,-0.1507174616006467,-1.6744989444246428,0.48333922747455693,0.13324137931034485,0.0340642129992168,0.031049250535331918,0.043568464730290524,0.22238163558106172,0.11321403991741241,0.0588235294117645,-0.0017050298380221207,0.027135678391959628,0.0,0.0931574608408905
1998-06-30,0.018175317483359654,-0.02391273264105731,0.007393482670666973,0.38969196127253847,0.038085171510015,0.20441267228965243,0.2925120804750556,0.2925120804750556,0.3013698630136985,0.0,8.083467772912345,2.097657698781775,-4.382741388541852,-0.42351936913133614,0.1878435475966569,0.06962025316455689,0.07383566830745947,0.06230529595015577,0.03976143141153088,0.025821596244131495,0.034930448222565635,0.05555555555555558,0.01964133219470532,0.06360078277886494,0.0,-0.29756517991812104
1998-09-30,-0.006603977832284724,-0.07541630148992107,-0.01870465050389325,-0.14746758568447993,0.015080604661663166,-0.1632011673260937,-0.12981205113838945,-0.12981205113838945,-0.13684210526315788,0.12500000000000022,-0.4842121287725337,-0.15813807839669913,-0.9024630455236939,0.3732195741080242,0.21715859546615235,0.08807464724624503,0.030677009873060657,0.019550342130987275,0.017208413001912115,0.04576659038901609,-0.0014934289127837008,0.0592105263157896,0.021775544388609624,0.022999080036798514,0.0,0.08450920245398752
1998-12-31,0.01210738137304479,0.029486840947099635,-0.0006020810309891322,-0.042586438175556296,0.03412487824539001,-0.054981680549014866,-0.32165016038022987,-0.32165016038022987,-0.31707317073170727,-0.32098765432098764,-0.7611274626351734,-0.4673106798240816,-2.1396501983411467,-1.3550192554557126,-0.06334054014438051,0.032001673290106725,-0.006158056790968258,0.009587727708533,0.03195488721804507,0.014223194748358647,0.0005982650314089177,0.05590062111801242,0.021584699453552014,0.007194244604316724,0.0,0.07523688304341691
1999-03-31,0.3559680609238698,0.4338985057350311,0.35047492911192757,0.3760759406323786,0.3651646384765357,0.5304132236505126,-0.6194560452835398,-0.6194560452835398,-0.6607142857142858,-0.6727272727272728,4.386806699615596,1.2159947423548498,-5.193892888220868,-0.4266705235753544,0.07888147727939598,0.2199027158492095,-0.25645438898450945,-0.24216524216524227,0.20036429872495432,0.18230852211434745,0.18774289985052306,0.05294117647058827,0.006953730944102787,-0.2517857142857143,0.010638297872340496,0.04195712218860992
1999-06-30,0.00027718232666118503,0.0,-0.005306970732652405,0.0,0.00952554871250122,0.6905474051156737,2.6543013922271097,2.6543013922271097,0.42105263157894735,0.38888888888888884,0.0,0.0,0.0,0.0,0.0,-0.09353713241402217,-0.1509259259259259,-0.13909774436090228,0.004552352048558417,-0.24452554744525556,0.10294487792600049,0.24581005586592175,0.009296148738379806,-0.266109785202864,0.17894736842105274,0.0
1999-09-30,0.0070183930300096176,0.05861167756926622,-0.04800936768149888,-0.04505258751504371,0.0968152866242038,-0.4382739386537895,0.07965897668184807,0.07965897668184807,0.37037037037037024,0.43999999999999995,-0.10799617712647336,-0.5829433080936802,-0.6416108648495709,-20.424823410696266,0.8947120309681162,-0.12188416422287396,-0.0981461286804799,-0.06841339155749626,0.09969788519637457,-0.1256038647342994,0.0718849840255591,0.04484304932735439,0.08894736842105266,-0.05528455284552847,-0.017857142857142905,0.10855844483716237
1999-12-31,-0.00216294160057684,-0.012131715771230511,-0.013120131201312057,-0.013698630136986356,0.013356562137049943,0.01273885350318471,-0.12643678160919536,-0.12643678160919536,-0.1351351351351351,-0.11111111111111105,-0.2928571428571428,0.711111111111111,2.789473684210526,-1.6493506493506493,-0.23923444976076558,-0.024212064287205126,-0.025392986698911657,0.0015625000000001332,0.013736263736263687,-0.11325966850828728,0.02086438152011927,0.0429184549356223,0.015708071532141155,0.001721170395869276,0.0,0.0015941698929629045
2000-03-31,0.04792870905587665,0.1166666666666667,0.0909846281678437,0.18287037037037046,-0.011461318051575908,0.0838574423480083,0.39473684210526305,0.39473684210526305,0.40625,0.375,-0.0505050505050505,0.7402597402597402,-1.4166666666666667,-0.8,-0.06289308176100628,-0.08620320855614971,0.28287841191067,0.2995319812792512,-0.004065040650406582,-0.09813084112149528,-0.12659019812304484,0.04115226337448541,-0.056626219367118646,0.304123711340206,0.0,-0.05593451568894958
2000-06-30,0.0004596644449552656,0.14218381775333855,-0.025514089870525503,0.005218525766470972,0.040000000000000036,0.11508704061895547,0.179245283018868,0.179245283018868,0.1777777777777778,0.18181818181818188,2.4574468085106385,-0.9701492537313433,-8.466666666666667,-10.7,0.6442953020134228,-0.07092696629213491,0.09090909090909083,0.11164465786314537,0.03673469387755102,-0.06735751295336778,-0.308261700095511,0.03952569169960474,0.03934426229508192,0.27140974967061937,-0.12727272727272743,0.13619942196531798
2000-09-30,-0.049391224442912884,-0.1217331499312242,-0.09652207893708475,-0.02336145360155739,0.01783723522853964,-0.1457068516912402,-0.21599999999999997,-0.21599999999999997,-0.20754716981132082,-0.21153846153846156,-0.5015384615384615,11.25,-0.2142857142857143,-1.670103092783505,-0.22857142857142854,-0.0007558578987150177,0.012854609929078054,0.029157667386608965,0.017060367454068137,-0.03703703703703709,-0.16534345875043144,0.03992395437262353,0.07085658820674601,0.01761658031088076,0.01041666666666674,-0.10068892421833597
2000-12-31,0.014499758337360946,-0.01644479248238062,0.11461937716262982,0.02657807308970095,-0.11226725082146771,-0.08730964467005076,-0.34693877551020413,-0.34693877551020413,-0.3571428571428571,-0.3414634146341463,-0.2407407407407407,2.061224489795918,-1.1931818181818181,-1.1076923076923078,0.03703703703703698,-0.028996469994957086,-0.012253829321662968,-0.03147953830010497,-0.11483870967741927,-0.044230769230769296,-0.057485525227460754,0.03839122486288837,-0.12508497620666215,-0.01731160896130335,-0.010309278350515427,-0.04195639363582804
2001-03-31,-0.04311576941400663,-0.09474522292993626,-0.0772215754753589,-0.28608414239482205,0.011104256631708775,0.10011123470522798,0.234375,0.234375,0.2222222222222221,0.2222222222222221,-0.3414634146341463,-0.72,-3.411764705882353,-7.285714285714286,-0.22448979591836737,-0.12308491300960778,-0.057155516171909726,-0.050920910075839654,0.010204081632652962,-0.010060362173038184,-0.09653356735410268,0.0369718309859155,0.05672105672105676,-0.05803108808290158,0.0,0.26805265100258335
2001-06-30,-0.005476723923325877,-0.029903254177660488,-0.11900756938603874,-0.030825022665457835,0.15924344112263578,0.04145601617795758,0.03797468354430378,0.03797468354430378,0.06060606060606055,0.030303030303030276,3.7037037037037033,1.2619047619047619,1.231707317073171,-3.25,0.6513157894736843,-0.021024578027835417,-0.1311090225563909,-0.09817351598173507,0.1587301587301586,-0.030487804878048808,0.049538610976201936,0.035653650254668934,0.165686274509804,-0.08910891089108908,-0.01041666666666663,0.0009701202949166099
2001-09-30,-0.040801001251564495,-0.10244786944696282,-0.010978520286396232,-0.018709073900841866,-0.0736842105263158,-0.03786407766990296,-0.03658536585365857,-0.03658536585365857,-0.02857142857142847,-0.02941176470588236,-0.43044619422572183,-0.5368421052631579,0.28415300546448097,-1.6262626262626263,-0.24701195219123506,0.11252268602540827,-0.04975662520281243,-0.04050632911392393,-0.0572851805728517,-0.0398322851153039,0.2605275335492827,0.03442622950819674,-0.03427249789739284,-0.06038647342995174,0.021052631578947434,-0.08528784648187637
2001-12-31,-0.020615866388308923,0.0060606060606061,-0.01496138996138996,-0.04385128693994278,-0.027272727272727226,-0.09081735620585263,-0.35443037974683544,-0.35443037974683544,-0.3529411764705883,-0.33333333333333337,-0.20276497695852536,-0.31818181818181823,-0.37872340425531914,-0.8870967741935484,-0.03703703703703709,0.02882001087547592,-0.055207740466704514,-0.01583113456464391,-0.029062087186261687,0.09170305676855883,0.0939794419970632,0.033280507131537185,-0.0067494012627912214,-0.04370179948586117,0.030927835051546504,0.05212968849332489
2002-03-31,-0.01225686117772451,0.05923694779116473,0.032827045565898993,0.07377866400797606,-0.06600467289719625,0.14650388457269692,-0.0980392156862745,-0.0980392156862745,-0.09090909090909083,-0.09090909090909083,-0.08670520231213874,-0.033333333333333326,-0.1917808219178082,-2.142857142857143,0.04395604395604402,0.10729386892177573,-0.10843373493975916,-0.0951742627345844,-0.05578231292517,0.14000000000000012,0.15234899328859064,0.03220858895705536,-0.05458132398071014,-0.12365591397849462,0.030000000000000027,-0.013494461228600207
2002-06-30,-0.020771513353115778,-0.05023696682464451,0.07969639468690692,0.137418755803157,-0.1532207629768605,0.09970958373668926,2.1739130434782608,2.1739130434782608,2.15,2.15,1.0759493670886076,-0.7931034482758621,1.8305084745762712,-2.625,-0.06842105263157894,0.056801909307875986,0.3547297297297298,0.2785185185185184,-0.1253602305475504,0.11929824561403501,0.18287711124053563,0.031203566121842385,-0.13517273359610482,0.21625766871165641,0.058252427184465994,-0.16496529195590048
2002-09-30,-0.04297520661157028,-0.13173652694610782,-0.04569420035149385,0.059591836734693926,-0.03840472673559825,-0.07834507042253525,-0.006849315068493178,-0.006849315068493178,0.031746031746031855,0.031746031746031855,-0.36585365853658536,8.166666666666666,-0.44610778443113774,1.6153846153846154,-0.192090395480226,-0.14430894308943087,0.2972568578553616,0.2352259559675549,-0.02471169686985175,-0.021943573667711602,-0.32397833579517477,0.030259365994236287,0.004825737265415686,0.18789407313997497,0.0366972477064218,-0.18056234718826403
2002-12-31,0.0008635578583764403,-0.00919540229885063,0.022559852670349878,0.05778120184899849,-0.03533026113671278,-0.11556829035339067,-0.38620689655172413,-0.38620689655172413,-0.36923076923076925,-0.3846153846153846,-0.043269230769230727,-0.07272727272727275,-0.20540540540540542,-1.1764705882352942,0.04195804195804187,0.12061229875956725,0.1887735486351403,0.11913696060037515,-0.023648648648648574,0.14903846153846145,-0.09031318281136202,0.03076923076923066,-0.036286019210245435,0.09129511677282376,0.026548672566371723,-0.06340444577055049
2003-03-31,0.10181190681622088,0.2204176334106729,0.12832057631697436,0.13692643845593588,0.05493630573248409,0.10043196544276456,0.2359550561797752,0.2359550561797752,0.24390243902439024,0.25,-0.5678391959798995,-0.33333333333333337,-0.8503401360544218,4.0,0.20134228187919456,-0.004945831370701814,0.210543337645537,0.13998323554065384,0.05709342560553643,0.019525801952580135,-0.10048038430744599,0.02985074626865658,-0.0423588039867111,0.154669260700389,-0.008620689655172376,0.07343102899012433
2003-06-30,-0.046724092926129,-0.0960076045627376,-0.027533918595371132,-0.0704676489429853,-0.08301886792452828,0.13052011776251238,0.3545454545454545,0.3545454545454545,0.3529411764705881,0.3600000000000001,2.604651162790698,0.5588235294117647,10.954545454545455,-1.2333333333333334,-0.03910614525139666,0.06224852071005915,0.03339567192091897,0.004411764705882337,-0.07037643207855981,0.00547195622435015,-0.08366711170449481,0.02898550724637672,-0.03816131830008673,0.002527379949452291,0.0,-0.027452144235049825
2003-09-30,-0.02573932092004383,-0.06309148264984232,-0.014772260976610552,-0.005513439007580945,-0.047736625514403275,-0.09027777777777779,-0.13422818791946312,-0.13422818791946312,-0.1159420289855072,-0.11764705882352955,-0.5483870967741935,-0.09433962264150941,-0.7072243346007605,-3.142857142857143,0.08720930232558133,-0.018270944741533013,-0.004136504653567741,-0.038067349926793614,-0.035211267605633645,0.05578231292517,-0.040310830500242756,0.03457106274007682,-0.02254283137962132,-0.032773109243697474,-0.008695652173913104,-0.05782728104974055
2003-12-31,0.010961214165261302,0.013468013468013407,0.004581424406497225,0.0020790020790020236,0.02420051858254113,-0.09637404580152675,-0.15503875968992253,-0.15503875968992253,-0.14754098360655732,-0.1499999999999999,0.34285714285714275,0.1875,0.5324675324675325,-0.06666666666666665,0.07486631016042788,0.06218792555605979,0.05711318795430942,0.03348554033485551,0.029197080291970767,0.10051546391752564,0.08653846153846145,0.033415841584158334,0.012915129151291671,0.036490008688097486,0.0,0.011336032388663986
2004-03-31,0.03141506811231576,0.14396456256921364,-0.014510779436152532,-0.017289073305670866,0.12489451476793256,0.1467793030623019,0.15596330275229353,0.15596330275229353,0.15384615384615374,0.1568627450980391,0.07978723404255317,-0.45614035087719296,0.48305084745762716,-1.1428571428571428,-0.00995024875621886,0.041239316239316315,0.03045186640471509,0.04123711340206171,0.1134751773049647,0.011709601873536535,-0.008849557522123797,0.03233532934131733,0.09077109896782032,0.0159262363788768,0.026315789473684292,0.16413130504403517
2004-06-30,0.033423180592991875,0.00968054211035807,-0.034917963819941056,-0.10767065446868407,0.1552888222055513,0.14456721915285442,0.46825396825396814,0.46825396825396814,0.43333333333333335,0.4576271186440679,0.812807881773399,2.225806451612903,0.34285714285714275,-17.5,0.16582914572864316,0.057049045762364026,0.0035748331744518413,0.05657708628005653,0.1512738853503186,-0.05092592592592604,0.016917293233082775,0.030162412993039567,0.11800723629279153,0.04785478547854782,0.008547008547008517,0.13149931224209088
2004-09-30,-0.01617110067814298,0.0834132310642377,-0.07236268526591105,-0.13643533123028395,0.06753246753246755,-0.12308930008045049,-0.33513513513513515,-0.33513513513513515,-0.32558139534883723,-0.33720930232558144,-0.4130434782608695,-0.65,-0.32340425531914896,-0.303030303030303,0.09913793103448265,0.007765482430595938,-0.09546426027071941,-0.025435073627844695,0.06500691562932226,-0.12439024390243902,-0.06284658040665436,0.03040540540540526,0.08488922081155104,-0.020472440944881876,-0.008474576271186418,0.25455871626549964
2004-12-31,-0.0164369034994698,-0.07345132743362837,0.9581766917293233,0.3415525114155251,-1.2779805352798053,-0.08256880733944949,4.682926829268292,4.682926829268292,5.431034482758621,5.4561403508771935,-0.125,-0.11428571428571432,-0.28301886792452835,0.9565217391304348,0.17647058823529416,0.0851473704488539,0.0,1.0714285714285712,-1.387012987012987,0.019498607242339983,0.0976331360946745,0.02950819672131133,0.0,1.0610932475884245,0.008547008547008517,-0.3093992248062015
2005-03-31,0.012398921832884158,0.0773638968481376,-0.01559875209983197,-0.12457454050374406,-0.24288840262582057,0.08600000000000008,-0.8311874105865522,-0.8311874105865522,-0.7935656836461126,-0.7934782608695652,-0.6931216931216931,-0.09677419354838712,-0.6754385964912281,-1.1555555555555554,-0.023333333333333317,0.06763713829220674,0.0,-0.009946949602122057,-0.24832214765100669,0.0,-0.5260557053009883,0.02972399150743099,0.0,-0.0070202808112325155,-0.008474576271186418,0.23067209204433836
2005-06-30,-0.03700745473908418,-0.03368794326241131,0.016577279375914244,0.04821150855365475,0.5982658959537572,0.11602209944751385,0.3220338983050848,0.3220338983050848,0.31168831168831157,0.3157894736842106,4.206896551724138,1.1428571428571428,5.54054054054054,-1.0,0.0,0.007482540738277477,0.0,-0.011721366376423292,0.625,0.0,-0.02180094786729858,0.02886597938144342,0.0,-0.01885310290651998,0.008547008547008517,-0.07809827841751227
2005-09-30,-0.012994194083494559,-0.0431192660550459,-0.016306954436450805,-0.05637982195845692,-0.03797468354430378,-0.08910891089108908,-0.3012820512820513,-0.3012820512820513,-0.28712871287128716,-0.29000000000000004,-1.195364238410596,-0.35,-1.322314049586777,-inf,-0.06825938566552903,-0.07245420036309624,0.0,0.0010166045408337432,-0.030219780219780334,0.0,-0.09399224806201556,0.028056112224448926,0.0,-0.01601281024819856,0.016949152542372836,0.014098441751174917
2005-12-31,-0.0008403361344537785,0.02301054650047929,-0.0017064846416382506,0.0,-0.007518796992481258,-0.036231884057971064,-0.23853211009174313,-0.23853211009174313,-0.2222222222222221,-0.22535211267605626,-3.406779661016949,-0.7948717948717949,-2.717948717948718,-1.0,0.0,-0.017259786476868433,0.0,-0.5649966147596479,-0.0028328611898016387,0.0,-0.03957219251336885,0.02826510721247577,0.0,-0.5756712774613506,0.025000000000000133,0.022926829268292703
2006-03-31,0.015419119708438567,0.04873477038425489,-0.011233211233211193,0.08254716981132071,-0.19128787878787878,0.08740601503759393,0.32530120481927716,0.32530120481927716,0.3035714285714284,0.30909090909090886,-0.028169014084507005,5.875,-0.5,inf,0.05860805860805862,0.08546080028969771,0.0,-0.008560311284046662,-0.1960227272727273,0.0,1.2104677060133633,0.027488151658767723,0.0,-0.03259827420901251,0.024390243902439046,-0.031235097758702923
2006-06-30,-0.001656543346217565,-0.1000893655049151,-0.06841195356878238,-0.17937545388525777,-0.6346604215456675,0.14001728608470176,0.290909090909091,0.290909090909091,0.28767123287671237,0.2777777777777779,1.181159420289855,0.07272727272727275,4.059701492537314,-7.0625,-0.33564013840830453,0.03552960800667204,0.0,-0.03061224489795933,-0.6360424028268552,0.0,0.0493702770780855,0.025830258302582898,0.0,-0.05252725470763131,0.023809523809523725,0.09672655673147923
2006-09-30,-0.021294247787610576,-0.06653426017874875,-0.047189819724284154,-0.1504424778761062,-0.6474358974358974,-0.11978771796815768,-0.21126760563380287,-0.21126760563380287,-0.21276595744680848,-0.2065217391304348,-0.5581395348837209,-0.44067796610169496,-0.6489675516224189,-0.8144329896907216,-0.09375,-0.030927835051546393,0.0,0.009716599190283448,-0.6504854368932039,0.0,-0.004320691310609637,0.026079136690647653,0.0,-0.005230125523012608,0.015503875968992276,0.09874326750448836
2006-12-31,0.024018084204577628,0.04148936170212769,0.017529215358931483,0.5822916666666667,-0.4,-0.05167958656330751,-0.1428571428571429,-0.1428571428571429,-0.14864864864864868,-0.15068493150684925,-0.08270676691729328,1.8181818181818183,-0.7983193277310925,-1.2777777777777777,0.028735632183908066,0.07064494680851063,0.0,0.024859663191659997,-0.38888888888888884,0.0,0.06364513018322082,0.02716914986853647,0.0,0.02103049421661418,0.007633587786259444,-0.3418096405228759
2007-03-31,0.018487858719646866,0.039836567926455624,-0.01585999453103637,-0.023699802501645828,-3.787878787878788,0.12715712988192562,0.34375,0.34375,0.3492063492063491,0.35483870967741926,0.4098360655737705,-0.032258064516129004,2.7916666666666665,-2.6,-0.04469273743016755,-0.0027945971122494973,0.0,0.035993740219092185,-3.7727272727272725,0.0,-0.026291931097008114,0.026450511945392385,-0.94286369894447,0.022657054582904124,0.007575757575757569,0.06501163692785106
2007-06-30,-0.006773232186399358,0.013752455795677854,-0.028896915809947243,-0.03776129467296019,0.8586956521739131,0.08299758259468182,0.2713178294573644,0.2713178294573644,0.2823529411764707,0.27380952380952395,0.6395348837209303,-0.4222222222222223,1.4395604395604398,-2.375,0.06432748538011701,0.017748715553479677,0.0,0.04229607250755296,1.0327868852459017,13.639344262295081,-0.02141527001862198,0.024106400665004246,0.8714859437751006,0.04128902316213501,0.007518796992481258,0.05361305361305346
2007-09-30,0.001909438079650938,0.03100775193798455,0.23319027181688123,0.508759635599159,-4.7251461988304095,-0.078125,-0.323170731707317,-0.323170731707317,-0.29357798165137616,-0.28971962616822433,-0.4219858156028369,-0.46153846153846156,-0.5045045045045045,1.4545454545454546,0.14835164835164827,-0.06761511396665143,0.0,-0.010869565217391353,-4.709677419354838,-0.5413400522583054,-0.11037107516650813,0.032467532467532534,0.0,-0.01837524177949712,0.0,-0.3166482300884955
2007-12-31,0.3212632725292677,0.14191729323308278,0.2545243619489559,0.08267533673943328,-0.13029827315541598,-0.042776432606941084,-0.1711711711711712,-0.1711711711711712,-0.1428571428571428,-0.14473684210526316,-0.09202453987730064,33.17857142857143,-8.98181818181818,1.6296296296296298,0.3397129186602872,0.044790812141099146,0.0,-0.08498168498168512,-0.1326086956521738,0.0,0.03529411764705892,0.03144654088050314,0.0,-0.024630541871921152,-0.059701492537313494,0.0546337515176043
2008-03-31,-0.021223985163816184,0.04444444444444451,-0.03421490660255222,-0.23852423852423854,-0.148014440433213,0.14080944350758862,0.08695652173913038,0.08695652173913038,0.09090909090909083,0.0923076923076922,0.11486486486486491,-0.96760710553814,-1.1571753986332574,-0.971830985915493,0.0071428571428571175,-0.05292085427135673,0.0,-0.11689351481184951,-0.1428571428571429,0.0,-0.06146694214876025,0.030487804878048808,0.0,-0.07878787878787885,-0.039682539682539764,0.37164236377590165
2008-06-30,-0.008842105263157873,-0.01576044129235621,-0.027575641516660254,-0.0642253521126761,-0.21610169491525422,0.10495195861049522,0.5800000000000001,0.5800000000000001,0.5972222222222221,0.5774647887323945,0.5393939393939393,1.129032258064516,0.8115942028985508,-35.0,-0.24113475177304966,-0.07643840159177584,0.0,-0.07071622846781511,-0.21637426900584789,0.0,-0.03907539900935608,0.029585798816567976,0.0,-0.04166666666666663,-0.03305785123966942,0.05189536998181565
2008-09-30,-0.025700934579439227,-0.06645316253002398,-0.02500984639621895,-0.05960264900662249,-0.01621621621621616,-0.07424749163879596,-0.189873417721519,-0.189873417721519,-0.19999999999999996,-0.1875,-0.6338582677165354,-0.3939393939393939,-0.7,-0.5588235294117647,-0.14018691588785048,0.009694793536804358,0.0,-0.012682926829268304,-0.022388059701492602,0.0,-0.005727376861397571,0.033045977011494365,0.0,0.009153318077803174,-0.017094017094017144,-0.007313829787233939
2008-12-31,-0.04120340091563113,-0.10720411663807894,-0.03029690971520904,-0.08450704225352113,0.1071428571428572,-0.12138728323699421,-0.328125,-0.328125,-0.32608695652173914,-0.31868131868131866,0.053763440860215006,0.10000000000000009,0.8,1.9,-0.47282608695652173,0.031650071123755286,0.0,0.011857707509881577,0.10687022900763354,0.0,-0.013824884792626668,0.03198887343532686,0.0,-0.018140589569161092,0.026086956521739202,-0.024782317481580773
2009-03-31,0.015234197362437474,0.06820365033621512,-0.005623828369089812,0.3832167832167832,-0.23325062034739452,0.11019736842105265,0.7790697674418605,0.7790697674418605,0.7580645161290325,0.741935483870968,1.3673469387755102,0.20454545454545459,0.16296296296296298,-1.2298850574712643,0.2061855670103092,-0.11857980006894175,0.0,0.1298828125,-0.23448275862068957,0.0,-0.11098130841121501,0.030997304582210283,0.0,0.1131639722863742,0.016949152542372836,-0.22774725274725272
2009-06-30,0.024860022396416603,0.06115107913669071,-0.004817762882278975,-0.02072800808897879,-0.43365695792880254,0.11111111111111116,0.11111111111111116,0.11111111111111116,0.12844036697247696,0.11111111111111094,0.35775862068965525,0.13207547169811318,0.10191082802547768,3.45,0.7606837606837606,0.05338287055142743,0.0,0.030250648228176358,-0.43243243243243246,0.0,-0.05124835742444156,0.030065359477124076,0.0,0.021784232365145373,0.008333333333333304,0.08360014229811452
2009-09-30,0.004807692307692291,0.017796610169491522,-0.022311092401599675,-0.036654620547238004,-0.7314285714285714,-0.08533333333333337,-0.07647058823529407,-0.07647058823529407,-0.08943089430894302,-0.07499999999999984,-0.7015873015873015,-0.44999999999999996,-0.7976878612716762,-0.651685393258427,0.15048543689320382,0.08631891590866902,0.0,0.05285234899328861,-0.7301587301587301,0.0,0.06371191135734078,0.032360406091370475,0.0,0.05685279187817249,0.0,0.056467498358502954
2009-12-31,-0.023705959112657715,-0.08159866777685265,-0.03939720129171154,-0.2647374062165059,-1.574468085106383,-0.06778425655976672,-0.2993630573248408,-0.2993630573248408,-0.3035714285714286,-0.3063063063063064,0.6170212765957446,0.2727272727272727,4.428571428571429,-3.6774193548387095,-0.3502109704641351,0.020676691729323293,0.0,0.03745019920318726,-1.5588235294117647,0.0,-0.02994791666666663,0.03073140749846348,-0.8712446351931331,0.03073967339097039,0.0,0.2490677439403357
2010-03-31,0.05658275785252842,0.213055303717135,0.022635589421784008,0.29154518950437325,5.666666666666667,0.06802189210320564,0.5,0.5,0.4999999999999998,0.5064935064935063,0.29605263157894735,0.26190476190476186,-0.7105263157894737,-2.072289156626506,0.5649350649350648,0.03917629331993977,0.0,0.004608294930875445,5.7368421052631575,5.646592065106816,0.0013422818791946067,0.02981514609421576,5.333333333333333,0.016775396085740857,-0.008264462809917328,-0.060704067670108164
2010-06-30,-0.03963736032047227,-0.15994020926756358,-0.019943019943019946,-0.07054176072234764,-0.5388888888888889,0.11054172767203507,0.036363636363636376,0.036363636363636376,0.03418803418803429,0.034482758620689724,0.9086294416243654,0.9433962264150944,6.745454545454545,-2.7191011235955056,-0.6390041493775933,0.01917190269051061,0.0,0.003058103975535298,-0.53125,-0.8487204603893719,0.0,0.028951939779965352,-0.5210526315789473,-0.0009165902841430373,0.0,-0.09614620580055622
2010-09-30,0.05225027442371011,0.5311387900355873,0.00939177101967803,0.030358227079538613,2.36144578313253,-0.16545814106789714,0.26315789473684204,0.26315789473684204,0.2727272727272727,0.26666666666666683,-0.6063829787234043,-0.6699029126213591,-1.176056338028169,-2.3006535947712417,2.2873563218390807,0.022605121719886156,0.0,0.08612804878048763,2.3333333333333335,1.1817078106029943,0.02278820375335111,0.030951041080472752,2.1978021978021975,0.11926605504587151,-0.025000000000000022,0.4858608058608058
2010-12-31,-0.1324848737742541,-0.21905868680999419,-0.10633584404076213,-0.30701237477902177,-0.5555555555555556,-0.06872037914691942,-0.9027777777777778,-0.9027777777777778,-0.9025974025974026,-0.9013157894736842,-0.4797297297297297,-22.08823529411765,-10.293333333333333,-0.5326633165829145,0.3251748251748252,0.008192920080383415,0.0,-0.11859649122807014,-0.55,-0.6975514746800222,-0.08060288335517696,0.030021834061135344,-0.48797250859106533,-0.11885245901639341,0.0,0.12700917069322548
2011-03-31,-0.02573352573352572,-0.10416666666666663,0.024541398116013857,0.04761904761904767,-1.661290322580645,0.10602205258693798,6.190476190476191,6.190476190476191,6.333333333333334,6.2666666666666675,1.3506493506493507,-1.097629009762901,-0.5136298421807748,-3.4301075268817205,-0.5963060686015831,0.019625881631401443,0.0,0.014331210191083077,-1.6777777777777776,1.2658693652253912,0.17605131860299372,0.029146793852676156,0.0,-0.012093023255813962,0.025641025641025772,-0.1448945664537581
2011-06-30,0.027647494445815823,0.06229235880398676,0.02806677957899839,0.10795454545454541,0.04878048780487809,0.13650306748466257,0.11920529801324498,0.11920529801324498,0.16363636363636358,0.15596330275229353,0.6132596685082874,-0.014285714285714235,-0.6548672566371682,-1.4690265486725664,0.6928104575163399,0.029774436090225675,0.0,0.018838304552590168,0.06557377049180335,0.0,0.047878787878787854,0.028321318228630155,0.0,0.0028248587570620654,0.016666666666666607,-0.04123605852859913
2011-09-30,-0.02065817919769397,-0.03205629397967158,-0.022593551423864433,-0.07106227106227103,-0.11627906976744184,-0.11943319838056676,-0.23076923076923073,-0.23076923076923073,-0.2265625,-0.2222222222222222,-0.5513698630136986,-0.46376811594202894,-0.3418803418803419,-0.8962264150943396,0.042471042471042386,0.014894859813084027,0.0,-0.11787365177195686,-0.10769230769230775,0.0,0.0,0.03004506760140213,0.0,-0.16056338028169015,0.049180327868852514,0.04194236926360717
2011-12-31,0.05224429727740976,0.08885298869143776,0.08090536961232853,0.29100946372239744,1.6184210526315788,-0.06436781609195408,-0.1923076923076923,-0.1923076923076923,-0.202020202020202,-0.19387755102040816,-0.7175572519083969,2.4054054054054053,-2.4935064935064934,1.4545454545454546,0.10000000000000009,-0.04546762589928055,0.0,0.16943231441048012,1.637931034482759,0.0,0.10237131289762869,0.029168692270296726,0.0,0.16890380313199116,0.0,-0.1565092696916931
2012-03-31,0.02237762237762242,0.06973293768545985,0.0006683002895968571,0.30177153329260853,-0.46733668341708545,0.14742014742014753,0.2571428571428571,0.2571428571428571,0.2911392405063291,0.2784810126582278,3.243243243243243,-0.7063492063492063,-2.008695652173913,-0.7777777777777778,0.02020202020202011,0.034519143804642605,0.0,-0.053771471247199276,-0.47058823529411764,0.0,-0.12591815320041966,0.028341993386868047,0.0,-0.05167464114832543,0.0,-0.1782635094110504
2012-06-30,-0.007067943456452341,-0.04576976421636614,-0.00044523597506673784,-0.032848427968090066,0.2735849056603774,0.0999286224125624,0.3181818181818181,0.3181818181818181,0.3137254901960784,0.29702970297029707,0.8280254777070064,1.0810810810810811,1.0948275862068964,-7.0,-0.1188118811881188,0.021856331050561062,0.0,-0.0015785319652723562,0.28395061728395055,0.0,0.042016806722688926,0.027560863573725447,0.0,-0.0020181634712410634,0.0,-0.013447613418058224
2012-09-30,0.09001148105625711,0.2681686046511629,0.06169265033407578,-0.1630276564774381,-0.8518518518518519,-0.13173264114211547,-0.23563218390804597,-0.23563218390804597,-0.23880597014925375,-0.2290076335877863,-0.2752613240418118,-0.2987012987012987,-1.9958847736625516,-12.11111111111111,1.4981273408239701,0.021816626265506844,0.0,-0.032411067193675924,-0.8557692307692308,0.0,0.009216589861751112,0.028609745194456915,0.0,0.0,-0.03125,0.5152786099460755
2012-12-31,-0.05161154413313673,-0.11060171919770778,-0.06733794839521712,-0.20405797101449274,-3.8,-0.00971599402092671,-0.07518796992481203,-0.07518796992481203,-0.07843137254901966,-0.07920792079207917,-0.4375,-2.111111111111111,-2.6404958677685952,-1.5550000000000002,-0.33283358320839584,0.03084007814680456,0.0,0.021241830065359624,-3.8666666666666667,0.0,0.02340182648401834,0.02781399391568873,-0.5838926174496644,0.01415571284125372,0.008064516129032251,0.11743772241992878
2013-03-31,0.004664593513993731,0.02319587628865971,-0.01686909581646423,-0.04734158776402042,1.7142857142857144,0.06641509433962267,0.08130081300813008,0.08130081300813008,0.07446808510638303,0.07526881720430101,0.36752136752136755,-1.55,-0.6272040302267002,-0.9009009009009009,-0.04943820224719098,0.09733315283606325,0.0,-0.006399999999999961,1.6744186046511627,1.5512247936121262,0.06134969325153383,0.027061310782241055,1.7096774193548385,-0.0009970089730807485,-0.008000000000000007,0.07404458598726094
2013-06-30,-0.04687154543444616,-0.10579345088161207,-0.047128803477465064,-0.1330275229357798,-0.03947368421052633,0.094833687190375,0.37593984962406024,0.37593984962406024,0.38613861386138604,0.3600000000000001,0.8125,-0.1515151515151515,1.5810810810810811,4.636363636363637,-0.29314420803782504,0.05613126079447328,0.0,0.01851851851851838,-0.02608695652173898,-0.6051137870669991,0.058328954282711454,0.02634829147797446,0.008928571428571397,0.014970059880239583,0.0,0.031381270076600076
2013-09-30,-0.00231964741359314,0.0,0.013205282112845218,0.031746031746031855,-0.4452054794520548,-0.11829347123464773,-0.2568306010928961,-0.2568306010928961,-0.2571428571428571,-0.24264705882352944,-0.38620689655172413,-0.0357142857142857,-0.6649214659685864,-1.1935483870967742,0.08026755852842804,-0.013900245298446468,0.0,0.03083003952569152,-0.4375,0.012627619559376635,-0.02532274081429997,0.02847974328118741,-0.4454277286135693,0.000983284169124854,0.032258064516129004,-0.03074588723846028
2013-12-31,0.020227853987444755,0.05633802816901401,0.0028436018957345155,0.009401709401709368,0.9259259259259258,-0.024926686217008776,-0.15441176470588236,-0.15441176470588236,-0.14423076923076927,-0.15533980582524276,-0.8202247191011236,0.2962962962962963,-1.1953125,-0.25,0.05572755417956654,0.04809286898839149,0.0,-0.0076687116564416735,0.9047619047619047,0.8630936587954365,0.043301069791136015,0.027691107644305823,0.8936170212765957,-0.014734774066797685,0.0078125,0.04646947351075226
2014-03-31,-0.0031905195989061497,0.01333333333333342,0.021030245746691767,0.5563082133784929,-0.6602564102564102,0.042105263157894646,0.19130434782608696,0.19130434782608696,0.1797752808988764,0.1954022988505748,5.875,-0.22857142857142854,-7.56,0.2777777777777777,0.0674486803519061,-0.002938517179023603,0.0,0.016228748068006338,-0.6583333333333333,-0.4765024209626887,0.01123046875,0.026944971537001816,-0.6601123595505618,0.011964107676969205,0.007751937984496138,-0.34887016770333046
2014-06-30,-0.026520347508001807,-0.08223684210526316,-0.05021985651469563,-0.10881392818280744,1.9056603773584904,0.09018759018759015,0.24087591240875916,0.24087591240875916,0.2666666666666666,0.24038461538461542,0.5318181818181817,0.8148148148148149,0.9817073170731707,-2.5217391304347827,-0.09615384615384615,0.020176830650646016,0.0,-0.019771863117870825,1.9268292682926829,1.9857181719260066,0.010622887493964228,0.026237989652623916,1.991735537190083,-0.016748768472906517,-0.007692307692307665,0.029746070133011004
2014-09-30,-0.025364020666979847,-0.03154121863799286,-0.029970760233918092,-0.0641025641025641,0.09740259740259738,-0.10522832561217732,-0.47058823529411764,-0.47058823529411764,-0.4736842105263158,-0.4728682170542635,-0.27893175074183973,-0.44897959183673475,-0.4338461538461539,-1.7428571428571429,0.07902735562310026,0.2025555555555556,0.0,-0.07447633824670274,0.09166666666666679,-0.5891303357478019,0.22264691829909222,0.026647461289160956,0.12430939226519322,-0.08016032064128253,0.007751937984496138,0.03487552841709718
2014-12-31,0.12626506024096384,0.4100666173205034,0.10349158502888711,0.13763861709067182,0.6627218934911243,-0.005177514792899407,0.38888888888888884,0.38888888888888884,0.37142857142857144,0.3970588235294117,-0.8600823045267489,0.11111111111111116,-3.527173913043478,16.846153846153847,1.3070422535211268,-0.0039730204194771135,0.0,0.0025146689019279744,0.633587786259542,-0.08759285951879359,0.08558030480656509,0.025955804980708486,0.4766584766584767,0.016339869281045694,-0.015384615384615441,0.23941904005446513
2015-03-31,-0.09542148053059474,-0.21522309711286092,-0.10630548600045531,-0.2545871559633027,0.07473309608540935,0.04163568773234205,0.3919999999999999,0.3919999999999999,0.3645833333333335,0.368421052631579,5.411764705882353,-0.23333333333333328,-2.3526881720430106,-1.9504310344827587,-0.5384615384615384,-0.06512059369202228,0.0,0.08026755852842826,0.0747663551401867,-0.4277554988455462,-0.08387329013678912,0.025299145299145342,0.18801996672212984,0.0685959271168275,0.015625,0.052824315664194765
2015-06-30,-0.015137180700094621,-0.044147157190635444,0.030565461029037122,0.0807692307692307,-0.609271523178808,0.11134903640256955,0.09770114942528729,0.09770114942528729,0.1297709923664121,0.09999999999999987,0.738532110091743,0.13043478260869557,-0.44674085850556444,-1.0090702947845804,0.010582010582010692,-0.08543361778130576,0.0,0.04334365325077405,-0.6,-0.14907623699299222,-0.14184675834970528,0.024674891630543483,-0.6036414565826331,0.029087261785356144,0.007692307692307665,-0.11556521739130432
2015-09-30,-0.016570605187319898,-0.013296011196641033,-0.01730103806228378,-0.03843416370106767,0.008474576271186418,-0.10725754656390496,-0.09947643979057597,-0.09947643979057597,-0.10135135135135132,-0.08391608391608385,-0.6121372031662269,-0.3846153846153846,-0.6551724137931034,-0.75,0.002617801047120505,0.21514592600629268,0.0,0.14465875370919878,0.0,2.038183179435987,0.17628205128205132,0.02505694760820054,0.028268551236749095,0.1335282651072125,0.01526717557251911,0.026152787336545247
2015-12-31,0.019536019536019467,0.05673758865248235,0.00025150905432602677,0.005181347150259086,0.6638655462184875,-0.03237410071942448,-0.13372093023255816,-0.13372093023255816,-0.13533834586466176,-0.13740458015267187,-0.7414965986394557,1.5,-1.1333333333333333,6.0,0.018276762402088753,0.09749999999999992,0.0,0.06740116655865203,0.6630434782608696,0.09750287497946464,-0.04126119112495141,0.02444444444444449,0.6288659793814431,0.03611349957007737,0.03007518796992481,0.05125994059595662
2016-03-31,0.026107784431137704,0.06711409395973145,0.01206939904450599,0.02135493372606767,0.3080808080808082,0.06022304832713754,0.08724832214765099,0.08724832214765099,0.0869565217391306,0.08849557522123908,5.894736842105263,0.125,-13.3125,2.4285714285714284,0.06153846153846154,0.0356329319882851,0.0,-0.020643594414086253,0.30718954248366015,-0.3772921188533793,-0.0004060089321964444,0.02386117136659416,0.2763713080168777,-0.021576763485477102,0.0,0.04484141450966117
2016-06-30,0.054621848739495826,-0.06603773584905659,0.04869565217391303,0.12328767123287676,0.14671814671814665,0.12201963534361848,0.0185185185185186,0.0185185185185186,0.02400000000000002,0.016260162601626105,0.26335877862595414,6.311111111111111,-0.9238578680203046,-1.5416666666666665,-0.03140096618357491,0.011940298507462588,0.0,-0.058896466212027376,0.14500000000000002,-0.2258413461538462,0.025995125913891082,0.02330508474576276,0.08595041322314034,-0.04580152671755722,-0.014598540145985384,-0.16861479413817182
2016-09-30,-0.01150951748561313,-0.04646464646464643,-0.010424070125562679,-0.023106546854942178,-0.026936026936026924,-0.09812500000000002,0.08484848484848495,0.08484848484848495,0.0859375,0.08800000000000008,-0.48640483383685795,-0.8237082066869301,5.933333333333334,-1.5384615384615383,0.0174563591022443,-0.1305697873001086,0.0,-0.010540184453227908,-0.02183406113537112,-0.24064586244371988,-0.09897070467141722,0.0236616385684707,-0.015220700152207,0.001777777777777656,-0.014814814814814836,-0.023817018151295666
2016-12-31,0.022839229735781563,0.09392655367231639,0.02896815896576488,0.33837056504599206,-0.06574394463667821,-0.02564102564102566,-0.16759776536312854,-0.16759776536312854,-0.16546762589928055,-0.16176470588235303,-0.4117647058823529,-0.03448275862068961,-0.6634615384615384,-0.1428571428571429,0.014705882352941124,0.09749999999999992,0.0,-0.021970705725699036,-0.05803571428571441,0.12185647106931108,0.08655536028119504,0.023114706732158208,-0.08655332302936625,-0.010647737355811815,-0.007518796992481258,-0.1827171109200344
2017-03-31,0.013353765323993017,0.034861200774693346,-0.016984644020474615,-0.019145802650957333,0.49629629629629624,0.050497866287339876,0.15436241610738266,0.15436241610738266,0.15517241379310365,0.1491228070175441,1.12,-0.6071428571428572,4.0,1.8333333333333335,0.04106280193236711,0.0356329319882851,0.0,-0.004084411164057111,0.48815165876777256,0.09950792782941509,0.03356247472705198,0.02259248799774083,0.47715736040609147,0.00627802690582957,-0.015151515151515138,0.055102577590741886
2017-06-30,-0.012097645279758096,-0.055520898315658096,-0.045917159763313564,-0.09459459459459463,0.34158415841584167,0.11509817197021,0.16860465116279078,0.16860465116279078,0.14925373134328357,0.16030534351145032,0.820754716981132,2.1363636363636362,0.8914285714285715,-1.7647058823529411,-0.030162412993039456,0.011940298507462588,0.0,0.051264524948735346,0.33757961783439483,-0.31990717719211004,-0.00391236306729259,0.022093344380005542,0.3573883161512026,0.04634581105169344,0.007692307692307665,0.043126012713448736
2017-09-30,0.005904220424229223,0.003963011889035695,-0.005705780203423494,-0.23935876174682147,0.09225092250922518,-0.08925318761384338,-0.04477611940298509,-0.04477611940298509,-0.032467532467532534,-0.03947368421052633,-0.33160621761658027,-0.4782608695652174,-0.46827794561933533,-4.846153846153847,0.11961722488038284,0.033768048439683174,0.0,0.01105331599479853,0.09285714285714275,-0.22715086522057026,-0.01885310290652009,0.022696568495001346,0.08607594936708884,0.008517887563884274,0.0,0.31999044091289286
2017-12-31,0.03434782608695652,0.10526315789473695,-0.0024950099800399306,0.0029069767441860517,0.28378378378378377,-0.05600000000000005,0.21354166666666674,0.21354166666666674,0.21476510067114107,0.21232876712328763,-0.751937984496124,0.05555555555555558,-0.9943181818181818,-0.5800000000000001,0.044871794871794934,0.03063753097544497,0.0,0.10610932475884227,0.27886710239651413,-0.057079785556606866,0.012009607686148893,0.022192866578599535,0.24087024087024078,0.11570945945945943,-0.007633587786259555,0.10201864759663248
2018-03-31,0.14417822614543918,0.4125000000000001,0.15232616308154068,0.45869565217391295,0.10131578947368425,0.0713276836158192,-0.223175965665236,-0.223175965665236,-0.2320441988950277,-0.22598870056497167,2.9375,0.0,-470.0,31.61904761904762,1.4008179959100207,-0.007213114754098471,0.0,-0.03139534883720918,0.10051107325383302,-0.2237458193979932,-0.110363924050633,0.024812613078314838,-0.037570444583594265,0.004542013626041008,-0.03076923076923077,-0.03170691637916867
2018-06-30,-0.07053637031594417,-0.4475347661188369,-0.059257651400043465,-0.4038748137108793,-0.13261648745519716,0.11470006591957804,0.19889502762430933,0.19889502762430933,0.2086330935251799,0.21167883211678817,0.5873015873015872,18.657894736842106,-2.473347547974414,-2.5226277372262773,-0.8884156729131175,-0.08329663877880522,0.0,-0.005402160864345862,-0.1222910216718266,-0.16673847479534687,-0.09248554913294793,0.021185372005044334,-0.0663630448926481,0.012810851544837742,-0.023809523809523836,-0.07321004411265697
2018-09-30,-0.00039525691699604515,0.004576659038901587,0.010844485463774811,0.029166666666666563,-0.06749311294765836,-0.07569485511531637,-0.032258064516129004,-0.032258064516129004,-0.017857142857142905,-0.02409638554216853,-0.35250000000000004,-0.9518072289156626,-0.7221418234442836,-1.0297219558964525,0.2595419847328244,0.12368905612040693,0.0,-0.0006035003017500484,-0.06525573192239864,0.279731127197518,0.0984811366976972,0.02370955791553464,-0.06759581881533094,0.01116071428571419,-0.008130081300813052,-0.023890160183066333
2018-12-31,0.0029655990510082386,0.036446469248291535,-0.011412919424788837,-0.03967611336032384,0.09601181683899562,-0.05758157389635321,-0.1333333333333333,-0.1333333333333333,-0.1393939393939394,-0.13580246913580263,-0.26640926640926643,0.13888888888888884,-0.23958333333333337,-0.9032258064516129,0.0,0.10159589626674248,0.0,-0.0754830917874395,0.09245283018867934,0.17858585858585863,0.0740410347903655,0.023160434258142182,0.09342301943198805,-0.06916850625459892,-0.008196721311475419,0.07923855963990989
2019-03-31,0.01754385964912286,0.02051282051282044,0.011544677903486456,0.06323777403035402,0.052560646900269514,0.05295315682281054,0.027472527472527375,0.027472527472527375,0.028169014084507005,0.028571428571428692,-0.18947368421052635,0.19512195121951215,-0.37671232876712324,4.0,0.09090909090909083,-0.012870262579226521,0.0,0.02155453951665587,0.058721934369602824,-0.0963318477888242,0.0477574750830565,0.02263617071445423,0.034176349965823416,0.002371541501976271,0.016528925619834656,-0.04014249717612306
