Quarter end,Assets,Current Assets,Liabilities,Current Liabilities,Shareholders equity,Revenue,Earnings,Earnings available for common stockholders,EPS basic,EPS diluted,Cash from operating activities,Cash from investing activities,Cash from financing activities,Cash change during period,Cash at end of period,Price,ROE,ROA,Book value of equity per share,P/B ratio,P/E ratio,Equity to assets ratio,Net margin,Asset turnover,Current ratio
1995-01-29,0.13324974470619688,0.25643718890977163,0.1274371452032006,0.1274371452032006,0.1400302416533905,0.12093506881777638,1.337664765822193,1.337664765822193,1.3684210526315788,-0.8604651162790697,0.07324483243183844,-0.4876888749706412,-2.0842452526552946,6.66199389145587,0.13549304442864574,0.10270270270270276,-0.13541666666666663,-0.1522658610271903,0.1428571428571428,0.16683831101956725,0.1616950757575757,0.006028833551769308,-0.13901345291479816,-0.013513513513513487,0.11442207926955805
1995-04-30,0.13324974470619688,0.25643718890977163,0.1274371452032006,0.1274371452032006,0.1400302416533905,0.12093506881777638,1.337664765822193,1.337664765822193,1.3684210526315788,-0.8604651162790697,0.07324483243183844,-0.4876888749706412,-2.0842452526552946,6.66199389145587,0.13549304442864574,0.10270270270270276,-0.13541666666666663,-0.1522658610271903,0.1428571428571428,0.16683831101956725,0.1616950757575757,0.006028833551769308,-0.13901345291479816,-0.013513513513513487,0.11442207926955805
1995-07-30,0.14166554055809932,0.1694086787853739,0.06489182593781329,0.06489182593781329,0.16699691476890388,0.0,0.0,0.0,0.0,-0.8604651162790697,0.07324483243183844,-0.4876888749706412,-2.0842452526552946,6.66199389145587,0.9142696944210822,0.3333333333333335,-0.13541666666666663,-0.1522658610271903,0.16666666666666674,0.16683831101956725,0.1616950757575757,0.022146951537258985,-0.13901345291479816,-0.013513513513513487,0.09816773424698333
1995-10-29,0.22227944452759063,0.29553229066366526,0.4115544949608594,0.4115544949608594,0.18246851633857508,0.3927771567531526,0.3496520834999599,0.3496520834999599,0.3111111111111111,-0.8604651162790697,0.7165480466092706,4.219961795606495,0.578404452690167,-1.1770820556850239,-0.0845757300606309,0.31985294117647034,-0.13541666666666663,-0.1522658610271903,0.1785714285714286,0.13150926743159763,0.1616950757575757,-0.032628090746877336,-0.13901345291479816,-0.013513513513513487,-0.08220293000542589
1996-01-28,0.10147000352905144,0.03517604296641896,0.077208496500343,0.077208496500343,0.11103559699835497,0.1637460908403514,0.16357624135540183,0.16357624135540183,-0.423728813559322,-0.8604651162790697,-0.5787634603338291,-0.7664611274769912,-5.64206121585406,2.6766522366522367,-0.33968462198900384,0.1838440111420614,-0.13541666666666663,-0.1522658610271903,0.09090909090909083,0.004680187207488418,0.1616950757575757,0.008695652173912993,-0.13901345291479816,-0.013513513513513487,-0.03901862252438659
1996-04-28,0.22311178477592652,0.2264740981868656,0.2794160885252477,0.2794160885252477,0.2120129540315172,0.19197635278203284,0.16974789915966393,0.16974789915966393,0.1470588235294117,-0.8604651162790697,1.9309573908469226,2.82539408944185,-1.1940404326864644,-2.0166724229960122,0.5230046114211415,0.2164705882352942,-0.13541666666666663,-0.1522658610271903,0.19444444444444442,0.11490683229813659,0.1616950757575757,-0.009012539184952817,-0.13901345291479816,-0.013513513513513487,-0.041371885573669664
1996-07-28,0.2545394665679688,0.318301378526052,0.17088259868416045,0.17088259868416045,0.28435928071704186,0.597920919416087,0.3869165795889933,0.3869165795889933,-0.07692307692307698,-0.8604651162790697,0.5168276780876053,0.9523653478284022,1.543428332811358,-0.8213403335392218,0.4831400497393721,0.13733075435203101,-0.13541666666666663,-0.1522658610271903,0.11627906976744184,-0.04805013927576596,0.1616950757575757,0.023724792408066353,-0.13901345291479816,-0.013513513513513487,0.1259024546767209
1996-10-26,0.18516722898150872,0.16443157192865487,0.5286078042199094,0.5286078042199094,0.09419525028532183,-0.08852887236395679,-0.4319770708874986,-0.4319770708874986,-0.2777777777777777,-0.8604651162790697,0.20296401135908537,-0.379385224147083,-0.15315943932522014,22.693171996542784,0.9801033268381629,0.1054421768707483,-0.13541666666666663,-0.1522658610271903,0.08333333333333348,-0.009509875640087873,0.1616950757575757,-0.07673490408136985,-0.13901345291479816,-0.013513513513513487,-0.23825300131808624
1997-01-25,0.06220016957850816,0.04146172606216192,-0.1941092089633082,-0.1941092089633082,0.16072645781479866,0.1098049519593316,0.8705386256369445,0.8705386256369445,0.8846153846153846,-0.8604651162790697,-0.9458980950273234,0.036842087470377205,0.38331233036060497,-1.8062525079341918,-0.3990755202455649,0.13230769230769246,-0.021151271753681478,-0.01140413399857465,0.15384615384615374,0.045051698670605766,0.1616950757575757,0.09273462557523349,-0.004687500000000067,-0.006849315068493178,0.2923350325024552
1997-04-26,0.10815913369761865,0.12159056501690135,0.09245177307733288,0.09245177307733288,0.11354968999688086,0.034849787456111114,0.1177749742213976,0.1177749742213976,0.12244897959183687,-0.8604651162790697,13.0052443885043,0.4178760421387606,-0.17711672885898988,-1.0573935154602792,0.038115183875339076,-0.12364130434782605,-0.012308533916849052,-0.0018024513338139592,0.10000000000000009,-0.24028268551236753,-0.2113307519869574,0.004849412965798994,0.01831501831501825,-0.020689655172413834,0.026670044148512817
1997-07-26,0.07654468423896055,0.055761988134675144,0.08183267801900951,0.08183267801900951,0.07570657455065222,0.07113784998947126,-0.6009817060115616,-0.6009817060115616,-0.6000000000000001,-0.8604651162790697,0.20893808446794382,-0.1568858309724419,-5.119946349875455,-6.9821836815135985,-0.2196403968832853,0.09302325581395343,-0.2226530047078371,-0.218851570964247,0.07575757575757569,-0.006511627906976791,-0.01240310077519391,-0.0007620015240029643,-0.1634121274409044,-0.06338028169014076,-0.02410912551549116
1997-10-25,0.13265739591312076,0.16176168055239382,0.18697108942076168,0.18697108942076168,0.1197795516714526,0.058704989017600795,1.22934345542108,1.22934345542108,1.1818181818181817,-0.8604651162790697,0.45865976699141386,0.8892019419594153,-1.4901559544848542,-2.430973591270887,0.4027625293018011,0.21418439716312077,0.029925187032419087,0.04761904761904767,0.11267605633802824,0.1292134831460674,0.32600732600732596,-0.01131164209456026,0.07616707616707608,-0.03007518796992481,-0.021237403835735136
1998-01-24,0.10483803842124106,-0.01294501256199121,0.015336165898354182,0.015336165898354182,0.1305254514949834,0.0789836021184589,0.3587947761748407,0.3587947761748407,-0.06249999999999989,-0.8604651162790697,-0.34749168661548635,-0.33252966475470547,0.055653952389988826,-0.090774302869562,0.26105775841098255,0.05957943925233633,-0.011068834313386455,-0.006619593998234752,0.11392405063291133,-0.04809286898839138,-0.07438831886345709,0.02313922097956045,0.03481735159817356,-0.03875968992248069,-0.027860806671832994
1998-04-25,0.1576383531920027,0.1648776309706852,0.14577158616725194,0.14577158616725194,0.16169487299372554,0.08304307610665984,-0.8587786092608063,-0.8587786092608063,-0.8666666666666667,-0.8604651162790697,0.7725817159370485,-0.4220380336038484,0.43645950885322526,6.025736597421276,1.4544322296703687,0.19955898566703412,-0.3221406086044071,-0.31941359395824076,0.1477272727272727,0.07665505226480818,0.1014709017267108,0.0035180299032540052,-0.28957528957528955,-0.040322580645161366,0.016702095353780866
1998-07-25,0.12896307065830848,-0.09190287847498402,0.14241343550301666,0.14241343550301666,0.1265202381116559,0.09443958024614463,6.613691969401344,6.613691969401344,4.500000000000001,0.0,0.09686314684056496,5.256968354240891,-0.02799696879106206,-1.916781757004172,-0.5432608482083745,0.32996323529411753,0.17853457172342613,0.18211488250652752,0.1188118811881187,0.15938511326860838,0.7563383007547899,-0.0021284587454613035,0.23913043478260865,-0.050420168067226934,-0.2051224611708482
1998-10-24,0.10635038391423746,0.06275405882734475,0.05773692967662347,0.05773692967662347,0.1190977198999581,0.08285017211376289,0.05353717989655804,0.05353717989655804,0.0,4.166666666666667,-0.05151818462812263,-0.6632597887927116,-0.0057935769973535,-1.6698818900733254,0.7974308522178912,-0.022805805114029076,0.0008756567425569628,0.00993926007730539,0.1150442477876108,-0.1270062805303559,-0.2836363636363636,0.011543287327478113,0.04573934837092741,-0.0265486725663715,0.00474401127289803
1999-01-23,0.15904713634059808,0.2026013006503251,0.19529159978598187,0.19529159978598187,0.15126367408525088,0.09234930448222567,-0.444015444015444,-0.444015444015444,-0.4545454545454546,-0.4516129032258064,0.01764705882352935,0.051509769094138624,0.3453237410071943,0.07981220657277,0.47866805411030167,0.4801980198019802,-0.21916010498687666,-0.21815199562602527,0.13492063492063489,0.32773780975219813,0.33225657591139823,-0.006698089804018981,-0.18274415817855005,-0.045454545454545525,0.006124070870927145
1999-05-01,0.1114220745146055,-0.10024958402662232,0.07967770814682185,0.07967770814682185,0.11970292704237662,0.11319419879731174,1.2430555555555554,1.2430555555555554,1.2222222222222223,1.2352941176470589,0.4346820809248555,2.6655405405405403,0.05882352941176472,-2.589130434782609,-0.5144264602392681,0.27711419015766836,0.26386554621848735,0.26643356643356664,0.1118881118881121,0.12522576760987358,0.452372705230343,0.007367632367632382,0.3013196480938416,-0.02857142857142858,-0.16666666666666663
1999-07-31,0.15871891721750075,0.06680536292186767,0.24502487562189046,0.24502487562189046,0.1390948107686305,0.14140451223387362,-0.003095975232198178,-0.003095975232198178,-0.525,-0.5,0.19419822723610003,-0.2571428571428571,0.1212121212121211,-1.1258549931600548,0.1985507246376812,0.11522633744855959,-0.0478723404255319,-0.05024848150193273,0.1132075471698113,0.0032102728731941976,-0.2034342952539948,-0.016858807487293848,-0.028169014084507116,-0.019607843137254943,-0.1431279620853081
1999-10-30,0.18213921901528018,0.06002166847237267,0.1591741591741591,0.008658008658008587,0.1887309470799794,0.07934298440979948,-0.3198757763975155,-0.3198757763975155,-0.3157894736842105,-0.3157894736842105,-0.20647773279352222,-0.3560794044665012,0.23873873873873874,3.4891304347826084,0.5126964933494558,0.11338477021133841,-0.165270018621974,-0.16686046511627894,0.14689265536723162,0.0,0.06846307385229533,0.00554785020804438,-0.13043478260869557,-0.040000000000000036,0.050950026028110385
2000-01-29,0.2288734417188487,0.5784955028618153,0.3855214018960069,0.24727632882139328,0.19024636219564894,0.12200154758834159,0.8835616438356164,0.8835616438356164,0.846153846153846,0.7692307692307692,0.3086734693877551,-1.489402697495183,0.35636363636363644,4.85956416464891,1.9728217426059151,0.3952997890931005,0.0881204684885668,0.07606420097697142,0.1724137931034484,0.21653333333333324,0.4539510554829067,-0.03147335423197495,0.1373333333333333,-0.06249999999999989,0.2654943966317873
2000-04-29,0.2194380814361181,0.1758611758611759,0.24694173750777515,0.34965590259396495,0.2120075046904315,0.13080459770114938,-0.19757575757575763,-0.19757575757575763,-0.5833333333333333,-0.6086956521739131,0.1728395061728396,-5.600393700787402,-0.04825737265415553,-1.0731404958677686,-0.047593439096531354,0.45562513496005175,-0.15171706817016906,-0.16277561608300917,0.19747899159663884,0.24156071898290232,0.17043556469227816,-0.0060849300880372326,-0.1002344665885112,-0.06666666666666676,-0.12877342335730702
2000-07-29,0.260111175004792,0.223568281938326,0.05221150648486872,0.019023337909394034,0.32312993108958343,0.17544216304126858,0.12235649546827787,0.12235649546827787,0.0,0.0,-0.1019390581717452,-0.35387248609328203,0.5605633802816901,-4.757062146892656,0.19536984754376063,-0.09523809523809512,-0.1619335347432025,-0.15414407436096045,0.31929824561403497,-0.24435028248587576,-0.08282562160382023,0.05001953888237587,-0.08143322475570036,-0.08333333333333326,0.20076374459482227
2000-10-28,0.03900212960146021,0.17542754275427552,0.0218078381795197,0.11662817551963056,0.043174699022530794,0.12746454514008998,0.07402422611036341,0.07402422611036341,0.09999999999999987,0.22222222222222232,-0.15916101172115982,-0.7496688741721854,-0.424187725631769,0.9609022556390978,0.30798299480396785,-0.02902115100836211,-0.03677000720980528,-0.031135531135531136,0.02127659574468077,-0.264018691588785,-0.015559545182525447,0.00409378489021206,-0.004255319148936065,-0.025974025974025983,0.05266111682723795
2001-01-27,0.05062661044741157,-0.01125660464047784,-0.020259820600061818,0.09186487418131684,0.06718280814731736,0.03512808712992799,0.09523809523809534,0.09523809523809534,0.09090909090909083,0.09090909090909083,0.07336757153338214,7.9523809523809526,0.18181818181818188,-2.184049079754601,-0.27880101119537737,-0.23961499493414384,-0.11152694610778446,-0.09829867674858228,0.0546875,-0.25523809523809526,-0.3240729483282675,0.015690635038299927,-0.0854700854700855,-0.013333333333333308,-0.09445530478052255
2001-04-28,-0.05827596778239175,-0.06474597273853777,0.21152328334648773,0.21152328334648773,-0.11543155468167332,-0.29934795494961475,-4.081235697940503,-4.081235697940503,-4.083333333333334,-4.083333333333334,0.2857142857142858,-0.6548463356973995,0.04774535809018565,-1.7176165803108807,0.27741612418627937,-0.42416166999777927,-1.0850884582982308,-1.0849056603773586,-0.11851851851851847,-0.45439045183290705,-0.431243816890008,-0.06069821189636304,0.0,-0.05405405405405406,-0.22804435286036695
2001-07-28,0.042852915063628316,0.06285193772772435,0.05485342019543982,0.05485342019543982,0.039359215115164936,-0.09094754653130288,-1.0025993316004456,-1.0025993316004456,-1.0,-1.0,-0.10419989367357785,0.7748287671232876,-0.5974683544303798,-1.2066787003610109,-0.04488435907487265,-0.2348630929425376,2.6435643564356437,2.6049382716049383,0.036414565826330625,-0.1312500000000001,0.0,-0.0033670033670034627,0.0,-0.08571428571428563,0.007626795474767967
2001-10-27,0.008570293433225462,0.014491624464355368,-0.0032114624505928946,-0.09597332015810278,0.012168141592920456,0.034899953466728695,-39.285714285714285,-39.285714285714285,-inf,-inf,-0.17863501483679523,-0.23251326579835985,-2.1257861635220126,0.685589519650655,-0.07921198440385802,-0.20514112903225812,1.0516304347826089,1.0273972602739727,0.010810810810810922,-0.23381294964028776,0.0,0.0036382536382537634,0.0,-0.09375000000000011,0.12217736848744787
2002-01-26,0.03275182892515471,-0.01966054834498121,0.05861214374225532,0.05929771826752295,0.02524590163934426,0.08273381294964022,-3.462686567164179,-3.462686567164179,-3.25,-3.25,0.45014450867052025,-0.30043997485857954,-0.7541899441340782,-3.2020725388601035,0.18943614887452642,0.21179454660748265,0.11655629139072854,0.09797297297297303,0.026737967914438387,0.199530516431925,0.0,-0.0072501294665975324,0.0,-0.10344827586206884,-0.07453206677533575
2002-04-27,0.011497384481255368,0.06619663141402277,0.017324125014631875,0.029278988778537407,0.009807056816970583,0.001245847176079673,0.1045454545454545,0.1045454545454545,0.11111111111111116,0.11111111111111116,-0.2092675635276532,-0.8814016172506739,5.795454545454546,0.3600000000000001,0.21660108675285739,-0.11773940345368916,-1.4816132858837485,-1.48,0.01041666666666674,-0.14090019569471635,0.0,-0.001695357329160263,-0.5218068535825544,-0.019230769230769273,0.03583358639538403
2002-07-27,0.01801971664062929,0.2808963997060985,0.049821654585203046,0.04949874686716793,0.008339491185474612,0.001451679800912542,0.058984910836762605,0.058984910836762605,0.09999999999999987,0.0,0.013862633900441068,-16.37121212121212,1.1638795986622075,1.5873702422145328,0.46064993069459415,-0.1441281138790036,0.6551724137931034,0.6506410256410255,0.012886597938144506,-0.1526195899772208,0.5211891208096142,-0.009536250816459813,0.6302931596091204,0.0,0.22052184110231599
2002-10-26,-0.015795740177272144,-0.13405610049905348,-0.05282770714598861,-0.06017910447761199,-0.0038386376326075,0.003313315386208382,-0.19948186528497414,-0.19948186528497414,-0.18181818181818188,-0.20000000000000007,-0.33685518955873217,-2.2405125677673734,0.6197836166924267,-1.8351721832163155,-0.26339097427245883,-0.18918918918918926,0.45386904761904767,0.4504854368932041,0.0050890585241729624,-0.19892473118279574,-0.5135135135135136,0.012134001582695841,0.4375624375624376,0.019607843137254832,-0.07864142966948495
2003-01-25,0.003978708532716757,-0.05345786963434018,0.027655635269613565,0.024520391309871714,-0.0031878371750858614,-0.02724458204334368,0.6035598705501619,0.6035598705501619,0.5555555555555558,0.7500000000000002,0.27366447985004694,-0.17679777512912198,0.20229007633587792,-0.21016813450760607,-0.28242198683080444,0.10170940170940179,0.11668372569089058,0.11378848728246305,0.012658227848101111,0.09395973154362403,-0.2555555555555554,-0.007167057597081028,0.1250868658790827,-0.019230769230769273,-0.07612492830700246
2003-04-26,-0.02918652600010707,-0.1167331513751837,-0.03164058101565137,-0.033358134920634885,-0.028465998945703785,-0.02015701251856572,-0.004036326942482349,-0.004036326942482349,0.0,0.0,-0.06916850625459892,-0.8074324324324325,0.538888888888889,-0.45615813482007095,-0.21404348693397168,0.05120248254460824,0.08982584784601277,0.09014423076923084,-0.015000000000000013,0.039877300613497146,-0.07405281285878318,0.0007875049219057129,0.09450277949351449,0.0,-0.0862351148484678
2003-07-26,0.023471977052074156,0.06291102131368365,0.05441860465116277,0.06401539448364346,0.013890396093326096,0.01818969250757907,-0.005065856129685908,-0.005065856129685908,-0.07142857142857151,0.0,0.22450592885375498,0.12280701754385959,-0.4244455905105725,-0.9860205032618826,-0.0038071065989847552,0.25313653136531356,0.06812447434819169,0.06725468577728777,0.022842639593908753,0.2713864306784659,0.14414135151890872,-0.009311475409836012,0.06941309255079009,0.0,-0.0010499660305107739
2003-10-25,-0.033875010105909986,0.045620573984345825,-0.07134980149977943,-0.06980950084398363,-0.02176317385564952,0.08485750744364107,0.10590631364562109,0.10590631364562109,0.23076923076923084,0.0714285714285714,-0.37185280826339573,-3.3526785714285716,0.60752688172043,-16.53333333333333,0.05936305732484071,0.1478209658421672,0.14251968503937018,0.14049586776859502,-0.01488833746898266,0.12296983758700697,0.05608236250338661,0.012443738416732852,0.11609498680738772,0.019607843137254832,0.1240880425374058
2004-01-24,0.020641562064156238,0.0665858701076496,0.061987887424296506,0.04731043421905379,0.00791422006637732,0.058223877671044866,-0.33333333333333337,-0.33333333333333337,-0.3125,-0.33333333333333326,0.7070914696813977,-1.1612903225806452,-0.20624303232998886,-0.7124463519313304,0.01611351611351619,0.26218573627501307,-0.05926946933149546,-0.06068840579710144,0.012594458438287104,0.28099173553719026,0.10723447922011298,-0.012421548117154901,-0.09834515366430252,0.03846153846153855,0.01842582916231228
2004-05-01,-0.038070511068597934,-0.05935432123521156,0.029967572402996856,0.02400990099009892,-0.0598856563902157,0.04112634309003327,0.6726519337016574,0.6726519337016574,0.6363636363636362,0.7,0.44792293798916316,-2.2823529411764705,1.0358146067415732,-5.119402985074627,-0.06532544378698224,0.0024390243902439046,0.07545787545787541,0.06653809064609462,-0.04477611940298498,-0.011290322580645218,0.07808155699721975,-0.02264001059181786,0.008390141583639155,0.07407407407407396,-0.08138906891337216
2004-07-31,0.011279370400886446,0.019185674696226895,0.050700249701443934,0.051849166062364116,-0.005965898156345073,0.05444839857651251,0.1395540875309662,0.1395540875309662,0.05555555555555558,0.17647058823529416,-0.13430353430353426,-3.9174311926605503,-0.4229044498102794,-0.17753623188405798,-0.05748290706507975,-0.10259529602595296,0.12193460490463215,0.11121157323688968,0.01041666666666674,-0.06035889070146816,-0.15065549108102294,-0.01706854510972633,0.037961518460738475,0.06896551724137945,-0.031042389323299502
2004-10-30,-0.03598921166488733,-0.13016802621487833,-0.008472824963835501,-0.008847523842353211,-0.04789746766824132,0.007593655079311423,0.011594202898550732,0.011594202898550732,0.10526315789473673,0.04999999999999982,-0.27425552353506244,-2.488993710691824,0.7160789001793186,0.8193832599118942,-0.11096184846856527,-0.12426570266606418,0.09957498482088645,0.08218063466232728,-0.03865979381443296,-0.13368055555555547,-0.2090080971659919,-0.01240352811466372,0.03006012024048088,0.048387096774193505,-0.12244402645470542
2005-01-29,-0.01422201497974529,-0.04055787111253606,0.048561900791996626,0.0517041502434501,-0.03408027979991057,0.015240328253223856,0.002865329512893977,0.002865329512893977,0.0,0.0,0.14956982131039043,-1.2280887011615629,-0.17903169627307558,1.0242130750605325,-0.25264430341492894,-0.02579979360165119,0.18829376035339584,0.1661654135338344,-0.01608579088471851,0.014028056112224352,-0.11196417146513116,-0.020094892548144005,0.11138132295719849,0.04615384615384621,-0.08774113254511517
2005-04-30,0.004286770140428775,-0.08412698412698416,0.014013118664281565,0.012676366843033415,0.0002105174518967079,0.020620257340811632,0.0035714285714285587,0.0035714285714285587,0.04761904761904767,0.0,0.08462867012089803,-1.7870370370370372,-0.19983029274501485,-1.200956937799043,0.06793368378487674,-0.05137711864406769,0.059479553903345694,0.045132172791747305,0.013623978201634968,-0.035573122529644174,-0.18335734870317,-0.004129877527769832,0.011378555798686962,0.02941176470588225,-0.09557374564195842
2005-07-30,-0.0025610833088018925,0.18863449785642605,0.04861315299421731,0.03526722542723415,-0.02449907391816808,0.0636819136899951,0.09608540925266906,0.09608540925266906,0.09090909090909083,0.1428571428571428,0.29299363057324834,9.076470588235294,0.08589607635206797,11.505952380952381,0.7955319954562665,0.04410943606923512,0.05701754385964897,0.04194941394201113,-0.008064516129032362,0.03073770491803285,-0.006175562417291558,-0.02202202202202208,0.0017308524448291784,0.04285714285714293,0.148160563144222
2005-10-29,-0.06280435616680935,0.5158468267976364,-0.03598467146462281,-0.028913889180948393,-0.07495469060153626,-0.004710530314541828,-0.1811688311688312,-0.1811688311688312,-0.16666666666666663,-0.16666666666666663,-0.4244663382594417,-1.655575014594279,0.61962890625,-2.4459781056639693,-0.6406579502319696,-0.022459893048128232,0.009958506224066355,-0.004736530491414981,-0.054200542005420016,-0.015904572564612307,-0.06746560142032842,-0.012867378271677055,-0.04578833693304529,0.041095890410958846,0.5609809502955987
2006-01-28,0.0597386238387656,0.09406166151976914,0.03587356990498347,0.030857514075357306,0.07123198208704573,0.01190839694656498,0.09040444091990474,0.09040444091990474,0.09999999999999987,0.09999999999999987,0.33024251069900146,-2.601959038290294,-0.9345794392523364,-2.1346280447662935,2.022887323943662,-0.007111597374179546,0.0041084634346755244,-0.0035693039857227493,0.06876790830945545,0.05050505050505061,0.004283674440742402,0.01081321285735437,-0.02625622453598908,0.026315789473684292,0.061298919904615
2006-04-29,0.2802210864138832,0.17935310721391873,0.7277236989891427,0.09547316458355204,0.07189514021947385,0.10470730235365111,0.018181818181818077,0.018181818181818077,0.045454545454545414,0.0,0.24128686327077742,-6.251250694830461,-29.65437788018433,-1.265158108500145,-0.17744127353911865,0.09696969696969715,-0.010229132569558153,-0.06447761194029855,0.08042895442359255,0.026923076923076827,0.08483412322274875,-0.16266119577960136,-0.042770804277080465,-0.02564102564102566,0.07657062296237549
2006-07-29,0.005408291165684087,0.007415545179895622,0.050815320439893785,0.08465963566634715,-0.028559821247207018,0.09041245561322042,0.10285714285714276,0.10285714285714276,0.13043478260869557,0.13636363636363646,0.0008639308855291628,-0.9075897110193712,-1.3834030234802186,0.02844638949671774,-0.22185508614585792,-0.009040683073832212,-0.007027697395618038,-0.061901723037651624,-0.022332506203474045,-0.08239700374531822,-0.020532983835736096,-0.03395169758487915,-0.048567265662943226,-0.013157894736842146,-0.07120641676215422
2006-10-28,0.03677709800300133,0.06134133042529988,-0.0016497396504614459,-0.002828604260585177,0.06762295081967218,0.025050100200400882,0.041450777202072464,0.041450777202072464,0.03846153846153855,0.040000000000000036,-0.019853258523953365,0.061855670103092786,-0.8624161073825504,-2.0808510638297872,0.30815893236275405,0.06132792701469847,0.017485428809325576,-0.02244897959183667,0.06598984771573613,0.083673469387755,0.049509366636931285,0.029891304347825942,0.004594180704441175,-0.026666666666666727,0.06437257666549168
2007-01-27,0.029972387993230543,0.04642031485083109,0.01544022721404592,0.018615370977750123,0.04124720905636736,0.03115835777126108,0.19465174129353224,0.19465174129353224,0.18518518518518512,0.1923076923076923,0.17040951122853376,2.5728155339805827,2.7347560975609757,-2.8494094488188977,-0.43565963366566196,0.24785100286532935,0.05278232405891958,0.014613778705636848,0.04761904761904767,0.1713747645951036,0.16914577135571607,0.010905892700088016,0.029979674796748013,-0.013698630136986356,0.027279877468228575
2007-04-28,0.05580057940934835,0.07097769673165932,0.03275020341741253,0.04185884605343304,0.07283123918441059,0.05059841213413918,-0.024466423737636633,-0.024466423737636633,-0.03125,-0.032258064516129115,-0.08314522197140706,-1.2620772946859904,-0.769795918367347,-2.6088344864289517,1.2419884963023828,0.02717183314198235,0.033035367275553895,0.03978052126200282,0.06818181818181812,-0.019292604501607746,-0.061795710650672575,0.016182356011832155,0.023680315737543145,0.01388888888888884,0.02796582849774354
2007-07-28,0.09224941128289132,0.033857236411263925,0.07593066771715584,0.11577013030404282,0.10386422610281221,0.06395217685540255,0.029882604055496254,0.029882604055496254,0.0,0.0,0.12351251538777186,-6.726958525345622,-2.7872340425531914,-1.5719483956334765,-0.3168407549935862,0.03800298062593144,-0.015801354401805856,0.0006596306068600288,0.09999999999999987,-0.02786885245901638,-0.0364199922510654,0.010616438356164437,0.012048192771084265,-0.013698630136986356,-0.07342218737749906
2007-10-27,0.04428196475440571,0.05957433331221895,-0.006910755148741399,-0.08519239407096868,0.0759847522236341,0.012827308385455316,0.14248704663212441,0.14248704663212441,0.16129032258064502,0.16666666666666674,0.12819576333089855,-0.7465298732649366,-3.2698412698412698,-1.3961827646038172,0.1837446351931331,0.11593682699210328,0.006498470948012258,0.024390243902439046,0.079303675048356,0.013490725126475533,0.0683554483313229,0.03032870213486949,0.040476190476190554,-0.01388888888888895,0.15822650928628823
2008-01-26,-0.0072169760511292536,-0.030279479898370987,0.03262823171574736,-0.002209492635024568,-0.03129428436466697,0.028993091898681156,-0.06575963718820865,-0.06575963718820865,-0.05555555555555547,-0.05714285714285705,-0.20912916801553905,-2.369047619047619,1.9536713286713288,0.15182481751824817,0.17878993881713123,-0.0907044065615954,-0.032282567413596475,-0.025740025740025763,-0.014336917562724039,-0.1564059900166389,-0.15543846443357168,-0.024338102285808128,-0.02013729977116696,0.0,-0.028125799028381526
2008-04-26,0.03296564195298379,0.05249368103076257,0.06761279957156252,0.09562863938325261,0.009935389491649405,-0.004068762079137422,-0.13932038834951455,-0.13932038834951455,-0.11764705882352955,-0.12121212121212133,0.23945968072042567,-1.664927536231884,-0.7250665877478544,0.20659062103929027,0.18300653594771243,-0.14998231340643786,-0.04748822605965475,-0.04953764861294585,0.020000000000000018,-0.13806706114398426,-0.16354723707664887,-0.022248440923647528,-0.03596450256889305,-0.014084507042253502,-0.03935054684857364
2008-07-26,0.02820230029935411,0.04551178796309863,0.01713903519772586,0.03735309529156372,0.03666485605649106,0.05852313348993965,0.13592780597856735,0.13592780597856735,0.16666666666666674,0.1724137931034484,0.16545574636723903,2.0610287707061903,0.05597416576964487,-2.0115546218487395,-0.15648358791030226,0.004577611319184438,-0.011124845488257096,-0.013203613620569876,0.04099821746880572,-0.016018306636155666,0.012786361214704334,0.008274435442165107,-0.013565891472868241,0.0,0.007863849765258113
2008-10-25,0.002604964756359074,-0.0010364435978599262,-0.020713463751438455,-0.022369750324722215,0.019852705731668197,-0.00318409880355075,0.09285004965243293,0.09285004965243293,0.05714285714285716,0.08823529411764697,-0.22981014451686033,-0.19139846197664478,-0.11009174311926606,0.03219106957424711,-0.1914852629551146,-0.147887323943662,-0.008749999999999925,-0.014788732394366177,0.023972602739726234,-0.1813953488372093,-0.17411888479747517,0.017267909044281105,-0.01964636542239684,0.0,0.021815923294903117
2009-01-24,0.04194474162378792,0.06541977454994119,0.03055229142185656,0.004133451431945767,0.0498929641786785,-0.12022069499564414,-0.31667423898228075,-0.31667423898228075,-0.29729729729729726,-0.29729729729729726,0.17660044150110377,-0.004931313842902463,-0.5475372279495991,-0.9778672032193159,-0.005241839409101723,-0.20029168692270305,-0.09583858764186626,-0.09292351679771249,0.05351170568561869,-0.21875,-0.21210191082802554,0.007563025210084229,-0.051603206412825675,-0.042857142857142705,0.06101128290848301
2009-04-25,0.053930276904020635,0.08793262271351487,0.1151246131291741,-0.05461628932666862,0.012859201261452347,-0.10199141819782154,-0.10372340425531912,-0.10372340425531912,-0.11538461538461542,-0.11538461538461542,-0.3758599124452783,-0.615575221238938,-6.756962025316455,-145.72727272727272,0.7626347305389221,-0.020668693009118555,-0.08368200836820094,-0.08589440504334123,0.02539682539682553,-0.06909090909090909,0.03395311236863385,-0.039032527105921755,-0.01637612255678811,-0.0746268656716419,0.15081098499767287
2009-07-25,0.053536634398292815,0.06872943681052845,0.07552130884125186,0.06173703444522194,0.03733626798368039,0.04569958343543257,-0.19807121661721072,-0.19807121661721072,-0.17391304347826086,-0.17391304347826086,-0.005511022044088154,1.9548802946593002,-1.183377308707124,-1.5153894472361809,-0.2229922543823889,0.2315332091868405,-0.15728056823947234,-0.1637931034482759,0.034055727554179516,0.19921875,0.29241594996090714,-0.01527512584620716,-0.08807733619763691,-0.08064516129032262,0.006564823745371928
2009-10-24,0.008102395490840797,0.01177083097539433,-0.027061899426165548,-0.036103991212010245,0.03506093616580852,0.05694200351493839,0.6530989824236817,0.6530989824236817,0.631578947368421,0.5789473684210527,-0.2503778337531486,-0.6095356808974759,1.827338129496403,-0.4247410115783059,-0.16509268975166147,0.14667338709677424,-0.09813365442504518,-0.10206185567010317,0.04041916167664672,0.11074918566775249,0.31094978826376285,0.026617310065221167,-0.03239104829210837,-0.07017543859649111,0.04967235410484672
2010-01-23,0.11244903902154912,0.12175313779448294,0.21696796258812023,0.09443853517702472,0.03774811259437039,0.08801684957321809,0.03693340794627864,0.03693340794627864,0.032258064516129004,0.06666666666666665,0.6706989247311828,4.532322426177175,-4.716709075487701,-0.9322033898305084,-0.01340594888981983,0.04747252747252739,0.02937249666221642,0.003444316877152742,0.043165467625899234,0.0058651026392961825,0.12228887863405613,-0.06713598901098905,0.03956177723676202,-0.037735849056603765,0.024971288907211564
2010-05-01,0.03781265133568046,-0.0075988751271465205,0.016317283702790286,0.2800416522040958,0.05583927539024858,0.05634233316352533,0.18294657312466267,0.18294657312466267,0.1875,0.15625,0.19348350764279965,-0.5603000577034045,-1.152441807393884,10.703125,-0.1590233545647558,0.05119597146454069,0.09338521400778199,0.08123569794050334,0.0579310344827586,0.008746355685131046,-0.00945723684210531,0.017485735321185247,0.07259953161592492,0.019607843137254832,-0.2247249116557014
2010-07-31,0.023180144276850223,0.033421761324812005,0.03964446952595946,0.04306090351971359,0.009970339949806117,0.04513888888888884,-0.11724452554744524,-0.11724452554744524,-0.07894736842105265,-0.08108108108108103,0.08931580721267274,-0.770997375328084,1.8652694610778444,-1.827770360480641,0.15652612976521074,-0.02954091816367277,0.08659549228944252,0.07619047619047614,0.03389830508474567,-0.08381502890173409,-0.1448733914487339,-0.013024602026049159,0.058951965065502154,0.0,-0.0092273485269595
2010-10-30,-0.013743374830518906,-0.019739017133077907,-0.04138960510245626,-0.05786928716268913,0.009216798066279619,-0.007936507936507908,-0.0025839793281653423,-0.0025839793281653423,-0.02857142857142847,0.0,-0.48422029702970293,-0.7607449856733525,0.19383490073145238,-2.2661290322580645,-0.17135996507312812,-0.08103661044837507,-0.009279475982532759,-0.017699115044247704,0.016393442622950838,-0.11041009463722395,-0.18446601941747576,0.02327712609970689,-0.023711340206185483,0.019230769230769162,0.04046977857570311
2011-01-29,0.02457039305130282,0.03293258739039007,0.027604756511891315,0.02124724061810146,0.021622831561275868,-0.03190697674418608,-0.2119170984455958,-0.2119170984455958,-0.20588235294117652,-0.20588235294117652,0.5650869826034792,1.8862275449101795,-0.562800875273523,-2.4369426751592353,0.29715489989462585,-0.024171888988361645,-0.0639118457300275,-0.05905905905905906,0.02481389578163773,-0.04255319148936154,-0.05297619047619051,-0.0028658427368798423,-0.05543822597676884,0.0,0.011431447264361294
2011-04-30,0.04109488783986537,0.06026965774209647,0.05094365615098506,-0.12942447987030536,0.03334720974562355,0.044104929374459534,0.18803418803418803,0.18803418803418803,0.2222222222222221,0.2222222222222221,0.1418167880413952,2.759336099585062,-1.5445445445445447,0.5168439716312057,0.34748172217709183,-0.10871559633027528,-0.06827545615067687,-0.06808510638297871,0.037530266343825724,-0.12962962962962965,-0.07479572595851658,-0.007364828453386041,-0.0620458356623812,-0.018867924528301883,0.21790588569803804
2011-07-30,0.020445225541886325,0.036718353742482446,0.04435822147651014,0.08665425201738053,0.0013357928884931702,0.030277931161420968,-0.31820697288323185,-0.31820697288323185,-0.303030303030303,-0.303030303030303,-0.05203088284659285,-0.738962472406181,-3.4338235294117645,-0.39976621858562245,0.15478522984174825,-0.15697375193000518,-0.11244472520530624,-0.11415525114155245,0.023337222870478236,-0.18723404255319154,-0.13043478260869568,-0.01882012305465064,-0.10488676996424318,0.0,-0.04596258791256891
2011-10-29,-0.0015041047132441365,0.0006290297216542395,-0.0021588512902901424,-0.002570547240945964,-0.0008046415110321004,0.005448861098704683,0.4423701298701299,0.4423701298701299,0.4347826086956521,0.4347826086956521,-0.17386685552407932,5.74630021141649,0.5536253776435045,-3.8383641674780917,-0.38044896893761415,-0.02625152625152627,-0.03629893238434179,-0.04381443298969068,0.0011402508551880963,-0.04712041884816742,0.06484375000000009,0.0007377351530799547,-0.035286284953395475,-0.019230769230769273,0.0032117949345404906
2012-01-28,0.026390230440182183,0.03546545130703538,0.0061383647798742835,0.007846056926865685,0.04361278291090964,0.02407604832977972,0.2279122115925718,0.2279122115925718,0.2424242424242422,0.21212121212121215,0.3291898842691814,-1.3465998119711688,-0.8089450656295576,-2.308404802744425,0.803454813566463,0.16865203761755487,0.0834564254062038,0.08221024258760101,0.0410022779043282,0.16483516483516492,0.17901687454145265,0.016771102100995305,0.07729468599033806,0.0,0.02741104369302083
2012-04-28,0.0212303521213546,0.032277648487301525,-0.0054508176226434335,-0.026934878963518538,0.04286642569954924,0.0052919233104884444,-0.007791017415215373,-0.007791017415215373,-0.024390243902438935,0.0,-0.04256691389874234,-4.760397830018084,1.3155216284987277,-1.550603041426324,-0.24529844644317256,0.08851931330472085,0.02862985685071573,0.03362391033623924,0.049234135667395984,0.04716981132075482,-0.021157436216552528,0.021207177814029476,0.033952594490711085,0.0,0.060838081671415134
2012-07-28,0.006637119599798069,0.011778736195517281,0.017146017699114946,0.03544732539126372,-0.0013824795062017392,0.008802209181912213,-0.11454965357967672,-0.11454965357967672,-0.10000000000000009,-0.10000000000000009,0.04008083529808015,-1.584034623707622,1.3945054945054944,-2.5895238095238096,0.5166382912861787,-0.13405618531296204,0.07090788601722986,0.07951807228915664,0.010427528675703845,-0.17567567567567577,-0.17863954227590595,-0.007987220447284504,0.08178438661710041,0.0,-0.022855704134728372
2012-10-27,0.009633932366307496,-0.06500573200071047,-0.012753967076968742,-0.03479781174214658,0.027297898061849235,0.015911035072711632,0.09128847157016162,0.09128847157016162,0.08333333333333348,0.08333333333333348,-0.20174870466321249,-3.688349114862083,-0.5589720055071133,-2.5056920311563813,-0.5129094805592407,0.007398975526465401,0.011138613861386037,0.022321428571428603,0.023735810113519218,0.0,-0.08049535603715163,0.017534442655215754,0.025200458190148822,0.0,-0.031292049586303716
2013-01-26,0.04031605194132304,0.04866423748424187,0.0228080717039707,0.04884889564099559,0.05369547887484338,0.01869316268103738,0.5023900573613767,0.5023900573613767,0.5384615384615383,0.5128205128205128,0.35862068965517246,-0.8980091883614089,-0.3662851196670135,-1.4126541981695184,0.43452755080662064,0.07118644067796609,0.08200734394124853,0.09388646288209612,0.04939516129032251,0.043715846994535346,0.02946127946127941,0.012836293300510171,0.10167597765363134,0.0,-0.00017732592505026457
2013-04-27,0.00732532320654089,0.011395636064224002,-0.013879029691821865,0.1734261838440112,0.02293073943979107,0.009753678293932921,-0.2115812917594655,-0.2115812917594655,-0.23333333333333328,-0.22033898305084743,-0.07614213197969544,4.1906906906906904,1.2364532019704435,-1.8317261330761814,-0.2519351540820798,0.10654008438818563,0.007352941176470562,0.016966067864271572,0.0211335254562921,0.05759162303664933,-0.013900245298446468,0.01545138888888875,0.0197768762677486,0.0,-0.13807271652379538
2013-07-27,0.04230357216431124,0.06682188970480496,0.04410961624385634,0.05360110145753216,0.04106501373529614,0.016453831041257416,-0.08393866020984664,-0.08393866020984664,-0.08695652173913049,-0.08695652173913049,0.288299935358759,-0.6774660109921897,-0.9500734214390603,-2.6249275362318842,0.5472471690745802,0.10676835081029545,0.0005614823133071045,0.011776251226692791,0.0376293508936969,0.07920792079207928,0.06965174129353224,-0.0011967857753460986,0.021382396817503757,-0.019607843137254943,0.012551870777461449
2013-10-26,-0.004447035803579413,-0.04158971932662814,-0.005491762356465313,-0.020908435472242304,-0.0037719891745602308,-0.026737537247322196,-0.12070484581497798,-0.12070484581497798,-0.11904761904761907,-0.11904761904761907,-0.33542398394380335,1.4708520179372195,36.720588235294116,-1.9529075990010702,-0.33703470031545746,0.04651162790697683,-0.03647586980920314,-0.030067895247332554,-0.0009066183136898776,0.00917431192660545,0.01240310077519391,0.000684697021567926,-0.014118792599805197,-0.020000000000000018,-0.02113463166807794
2014-01-25,-0.02296979382773645,-0.033553092553665786,0.012215528781793772,0.055964653902798256,-0.048016027981051645,-0.07695490277203143,-0.2840681362725451,-0.2840681362725451,-0.2702702702702702,-0.2702702702702702,0.0845602114005286,-1.2050816696914701,0.30721247563352816,-1.0318232871583677,0.016178149980966783,-0.09012345679012346,-0.17530576587070468,-0.17700000000000005,-0.01270417422867498,-0.08636363636363653,-0.07963246554364478,-0.025487512829285075,-0.15703703703703709,-0.020408163265306145,-0.0847721532126916
2014-04-26,0.0348380017678076,0.059302344741221535,0.08778310464539585,-0.1930352161785216,-0.0050295172020189405,0.03496190049305237,0.5262421273617914,0.5262421273617914,0.5555555555555554,0.5555555555555554,0.1131221719457014,-6.2176991150442475,-1.194452728899493,9.611764705882353,0.16894549541112558,0.015377657168701875,-0.03248587570621464,-0.04860267314702316,0.0009191176470588758,0.024875621890547484,0.22878535773710484,-0.0386168158680007,-0.022261277094317466,-0.02083333333333337,0.3126913916298062
2014-07-26,0.03218268928683621,0.043958437033349895,0.05238818931828049,0.06988927896300301,0.01554125513112381,0.07033347769597231,0.030261348005502064,0.030261348005502064,0.04761904761904767,0.023809523809523725,0.12945590994371492,-0.4894843962008141,-3.4877300613496933,-0.4623059866962306,0.07771190514340653,0.08017817371937652,0.008029197080291928,-0.012771392081736943,0.02020202020202011,0.08252427184466016,0.10968178740690604,-0.01606719006755508,-0.0017974835230676334,-0.02127659574468077,-0.024220955014112033
2014-10-25,-0.010995491468031249,-0.010698214977501008,-0.0249623501743238,0.012469079711242337,0.0009531542344758392,-0.009063688597556019,-0.18647085002225194,-0.18647085002225194,-0.18181818181818188,-0.18604651162790697,-0.3103543743078627,0.9116279069767441,0.20406905055487057,-5.822680412371134,-0.34775498067201904,0.0,-0.011585807385952163,-0.028460543337645472,-0.0018001800180017513,-0.022421524663677084,-0.006711409395973145,0.012061606977175732,-0.024609843937575038,0.0,-0.022903692334936943
2015-01-24,0.009078843601530995,0.022380866317248005,-0.0015657067896663879,-0.0010969285999202771,0.017810538195669023,-0.025234789710085748,0.31126914660831506,0.31126914660831506,0.3055555555555556,0.34285714285714297,0.1573665194700924,-0.7361835245046924,-0.12237583205325142,-1.175288584865327,0.09345794392523366,0.07835051546391747,0.11794871794871797,0.1078561917443408,0.019837691614066788,0.08256880733944949,0.09275184275184256,0.008617528419508691,0.10769230769230753,0.0,0.02350098172481485
2015-04-25,0.012294847601075132,0.021345864883179688,0.0040263620759075636,0.16027752820205654,0.019144807512387896,0.016839812332439585,0.016687526074259385,0.016687526074259385,0.0,0.0,0.054457162677766124,2.4150197628458496,-0.19778296382730454,-3.2609756097560973,-0.19324577861163228,0.07533460803059278,0.015727391874180707,0.019230769230769384,0.02298850574712641,0.05508474576271194,-0.05340078695896566,0.0067260498091255005,0.016666666666666607,0.0,-0.11973556060561341
2015-07-25,0.06843859450909506,0.10027260532806404,0.13497541104708843,0.016261561626156107,0.014875133876204982,0.058169234571969985,-0.04842018875666798,-0.04842018875666798,-0.02127659574468077,-0.02127659574468077,0.3611842105263159,0.4891975308641976,-2.9847272727272727,-4.2437971952535065,0.7770025839793282,0.008890469416785285,-0.005161290322580614,-0.011792452830188704,0.01987899740708743,-0.016064257028112428,-0.02078384798099775,-0.050018057060310483,-0.0016393442622950616,0.0,0.08267954133977073
2015-10-24,-0.015050977696706935,-0.030635921502825014,-0.036932346487149936,-0.06447106633365784,0.00467352340111904,-0.012536011835241001,0.047865459249676556,0.047865459249676556,0.04347826086956519,0.04347826086956519,-0.33156114064765585,-0.7538860103626943,-2.0754855258336384,-1.3721316927169938,-0.16271630071251997,-0.0764892492069088,0.05252918287937747,0.047732696897374804,0.0016949152542371504,-0.09387755102040818,-0.09217707701637345,0.01995818285497042,0.05747126436781613,-0.021739130434782594,0.03616994921342753
2016-01-23,0.007774686194340408,0.01432126146106616,-0.00046342782111685743,0.031628959276018165,0.014905713856978586,-0.05953319665667878,0.2950617283950616,0.2950617283950616,0.29166666666666674,0.27083333333333326,0.41793203181489513,0.5126315789473683,-0.34275979557069847,-1.4968722073279714,0.0965613060090309,-0.008396946564885432,0.0640788662969809,0.0603644646924828,0.02368866328257191,-0.009009009009009028,-0.07682030728122913,0.007081625046589712,0.07867494824016563,0.0,-0.0167961745367603
2016-04-30,0.05337263187798502,0.047543497100193344,0.0875511938799165,0.05280933374270802,0.024428709894695366,0.006120566781252723,-0.25357483317445184,-0.25357483317445184,-0.24193548387096775,-0.24590163934426224,-0.21876593574706782,0.6450939457202505,-1.9751166407465006,3.6420863309352516,0.4087741526765918,-0.015396458814472713,-0.023161551823972282,-0.03544575725026855,0.024793388429752206,-0.040909090909091006,-0.08393632416787267,-0.02757216876387869,-0.0057581573896353655,-0.04444444444444451,-0.004985105477536611
2016-07-30,0.02526674195560208,0.0018836466380725003,0.03145871820377999,0.037828604757738526,0.019692741909618672,0.053166666666666584,0.19753086419753085,0.19753086419753085,0.19148936170212782,0.21739130434782616,0.24608355091383816,0.4238578680203047,-1.912280701754386,-1.489732661759008,-0.1421023046655424,0.11336982017200947,0.032009484291642076,0.028953229398663627,0.022580645161290214,0.09004739336492884,0.11927330173775674,-0.005328258801141628,0.05260617760617747,-0.023255813953488413,-0.0346428789637685
2016-10-29,0.03810048334593752,0.056174494086561166,0.08278368092031618,-0.06800208743125524,-0.002830811813921308,-0.022630163000474712,-0.17454674724493424,-0.17454674724493424,-0.1785714285714286,-0.1785714285714286,-0.28496595075956,0.6030897207367796,-3.1083916083916083,-1.7531645569620253,0.12475429170488805,0.0853230337078652,-0.02412406662837452,-0.04004329004328999,-0.003943217665615006,0.0608695652173914,0.03387438249823571,-0.03941075186531484,-0.003668042182485065,-0.023809523809523836,0.13322784810126587
2017-01-28,-0.0003088203853127691,0.0030189677776306656,-0.007061742532684434,-0.02192359047249859,0.006387408131722561,-0.0625,0.011197243755383335,0.011197243755383335,0.021739130434782483,0.021739130434782483,0.38168498168498166,-1.0774647887323943,-1.5182421227197347,1.43172268907563,0.2697192123965979,-0.012940795858945253,-0.08593290170688639,-0.10033821871476889,0.0087094220110846,-0.008196721311475419,-0.0034129692832765013,0.006572395937064268,-0.06856879889553613,-0.04878048780487798,0.025523596760681277
2017-04-29,-0.0023604334326088328,-0.04113104374520338,-0.029825404452987314,0.0004403734366742462,0.024619579696290694,0.031088082901554515,0.07112436115843268,0.07112436115843268,0.06382978723404253,0.06382978723404253,-0.10577942735949097,-5.090909090909091,1.3706666666666667,-2.201727861771058,-0.25527619746742525,0.06456899377253333,0.005151320025756467,0.0025062656641605674,0.02668759811616961,0.05371900826446274,0.14109589041095894,0.0271072417886824,0.018280632411067144,0.0,-0.04155320771157822
2017-07-29,0.03071059944422383,0.04678472274330314,0.05139677717606661,0.2141473721278282,0.011547520724358495,0.016164154103852635,-0.03618290258449308,-0.03618290258449308,-0.020000000000000018,-0.06000000000000005,0.18618440557367322,-1.4064327485380117,-0.751631046119235,-2.291157440690151,0.4425825529817644,0.0,-0.04804612427930799,-0.05500000000000005,0.021406727828746197,-0.027450980392156765,-0.020408163265306145,-0.018493546522828086,-0.02862688015526449,-0.02564102564102566,-0.13784874140576164
2017-10-28,0.0054229767828806175,0.004504020166541167,0.02027292284982951,0.06166841895370334,-0.008875515974416714,0.0002472595400972999,-0.012376237623762387,-0.012376237623762387,-0.020408163265306145,0.02127659574468077,-0.2301924518870282,-4.589928057553957,0.13224637681159424,-1.1851336302895323,-0.05679877007174583,0.0021551724137931494,-0.0013458950201884479,0.0,-0.007485029940119681,-0.016129032258064502,0.049632352941176405,-0.014327772325809618,0.011988011988012026,-0.02631578947368418,-0.05384564687273452
2018-01-27,0.007569605124040368,0.02343006660323499,0.2240349689096841,0.20762190957519455,-0.2069870327993898,-0.02051746868820037,-4.666666666666666,-4.666666666666666,-4.708333333333334,-4.708333333333334,0.3214285714285714,-2.599198396793587,0.18320000000000003,-10.89624060150376,0.5959431313954542,0.17296466973886337,-1.15633423180593,-1.1481481481481481,-0.18627450980392157,0.180327868852459,0.16112084063047294,-0.2128634010354441,0.0,0.0,-0.15251462803009197
2018-04-28,-0.13308493650672948,-0.21974433468913424,-0.15316618046474195,-0.19008030765750483,-0.10236235620022316,0.04845629679481789,-1.306561859193438,-1.306561859193438,-1.3146067415730338,-1.3146067415730338,-0.4063882063882064,0.4436090225563909,11.901284651791752,-2.657043002583194,-0.6187585111211984,0.09350445259298068,-0.051724137931034475,-0.1071428571428571,-0.08063021316033359,0.34375,0.0,0.035416139640779276,0.0,0.027027027027026973,-0.036658036411457706
2018-07-28,-0.04582134587046527,-0.07899792972997122,-0.02623724887522827,-0.056106417149640375,-0.07408756777608705,0.030570488646393335,0.4132292827945001,0.4132292827945001,0.4464285714285714,0.4107142857142856,0.6970198675496688,0.4008680555555555,-0.47832922802788114,-1.2031178358551124,0.32966215210596816,0.0457485029940119,-1.0954545454545455,-1.09,-0.04737903225806461,0.13695090439276503,0.0,-0.029562667969704415,-0.9891411648568608,0.07894736842105265,-0.02423104816347421
2018-10-27,-0.030840932490072026,-0.09947119038763197,-0.060978956999085066,-0.022970223783983723,0.014906027219701912,0.01775147928994092,-0.0667893768077833,-0.0667893768077833,-0.03703703703703709,-0.025316455696202556,-0.08219512195121947,-0.6684843227165695,-0.3022905364677516,-1.2288939051918737,-0.05014551152899038,0.03847915712322503,11.952380952380953,11.222222222222221,0.031746031746031855,0.09090909090909083,44.59074912016088,0.04707955689828802,10.454545454545453,0.07317073170731714,-0.07830192803742408
2019-01-26,-0.028142162023731654,-0.046133678123765454,0.0014939672951073124,0.11603695010221848,-0.06976372924648788,-0.04788861689106483,-0.2048464356156664,-0.2048464356156664,-0.1923076923076923,-0.18181818181818188,0.009035344140313484,0.44560747663551403,-0.09704823614110869,-3.747534516765286,0.16415272213056809,-0.014115571239523561,9.841911764705882,9.863636363636363,-0.0492307692307693,-0.04583333333333328,-0.8550176444640494,-0.04279874969944697,9.043650793650793,0.06818181818181812,-0.1452898207001233
2019-04-27,-0.050506529249868204,-0.10930587194306907,-0.019295315616233988,-0.05312256182367103,-0.09769790874990802,0.041137714928491054,0.07866761162296254,0.07866761162296254,0.11111111111111094,0.09523809523809512,0.1401106136423491,0.44970261184380655,0.5214479349386063,-0.7171572146446519,0.039882579208421864,0.1494407158836688,0.08884367582231256,0.06861924686192489,-0.07227615965480039,0.20960698689956336,-0.8579143530843538,-0.049736247174076875,0.017779533781114187,0.06382978723404253,-0.05938176369387871
