Quarter end,Assets,Current Assets,Liabilities,Current Liabilities,Shareholders equity,Revenue,Earnings,Earnings available for common stockholders,EPS basic,EPS diluted,Cash from operating activities,Cash from investing activities,Cash from financing activities,Cash change during period,Cash at end of period,Price,ROE,ROA,Book value of equity per share,P/B ratio,P/E ratio,Cumulative dividends per share,Equity to assets ratio,Net margin,Asset turnover,Current ratio
1993-12-31,0.0032041728763039234,0.03564608529598989,-0.0027343749999999556,0.01406593406593415,0.022327044025157283,0.06466097889537492,1.189189189189189,1.189189189189189,1.183098591549296,0.6585365853658538,-56.42857142857143,1.189873417721519,-2.7012987012987013,-1.6911764705882353,0.22818791946308714,0.05743740795287189,0.02872340425531905,0.03970223325062028,0.019685039370078705,-0.12367491166077738,-0.03428093645484953,inf,0.018987341772152,0.04565537555228261,0.014084507042253502,0.02128892107168734
1994-04-01,0.0032041728763039234,0.03564608529598989,-0.0027343749999999556,0.01406593406593415,0.022327044025157283,0.06466097889537492,1.189189189189189,1.189189189189189,1.183098591549296,0.6585365853658538,-56.42857142857143,1.189873417721519,-2.7012987012987013,-1.6911764705882353,0.22818791946308714,0.05743740795287189,0.02872340425531905,0.03970223325062028,0.019685039370078705,-0.12367491166077738,-0.03428093645484953,inf,0.018987341772152,0.04565537555228261,0.014084507042253502,0.02128892107168734
1994-07-01,-0.0013369976973928166,-0.026429010448678514,-0.014003133568350923,-0.02990897269180759,0.03844970778222079,0.06466097889537492,1.189189189189189,1.189189189189189,1.183098591549296,0.6585365853658538,-56.42857142857143,1.189873417721519,-2.7012987012987013,-1.6911764705882353,-0.12841530054644812,-0.1044568245125348,0.02872340425531905,0.03970223325062028,0.038610038610038755,-0.12367491166077738,-0.03428093645484953,0.7500000000000002,0.03975155279503095,0.04565537555228261,0.014084507042253502,0.003686897334089556
1994-09-30,0.018891781331350055,0.1717171717171717,0.011818452676531921,0.08534405719392324,0.03998815165876768,0.04175453395191897,0.09259259259259256,0.09259259259259256,0.08387096774193536,0.6585365853658538,0.14175257731958757,0.12138728323699421,-0.7175572519083969,-4.723404255319149,0.5485893416927901,-0.06065318818040433,0.02872340425531905,0.03970223325062028,0.0371747211895912,-0.092741935483871,-0.03428093645484953,0.5714285714285714,0.020708880923934636,0.04565537555228261,0.014084507042253502,0.07954224357163042
1994-12-30,0.0018249507263303766,-0.10290948275862066,-0.01914016489988224,0.031288596130094604,0.06266021076616357,0.028340080971659853,0.3502824858757063,0.3502824858757063,0.36309523809523814,0.6585365853658538,0.13318284424379234,1.1391752577319587,3.27027027027027,-2.3085714285714287,-0.46356275303643724,-0.05132450331125826,0.02872340425531905,0.03970223325062028,0.06451612903225823,-0.08888888888888902,-0.03428093645484953,0.36363636363636354,0.060866172454155265,0.04565537555228261,0.014084507042253502,-0.13008768485800293
1995-03-31,0.01071116292626062,0.06606606606606613,0.004102872010407266,0.054291417165668765,0.028410613776467475,-0.028346456692913358,-0.4937238493723849,-0.4937238493723849,-0.49781659388646293,0.6585365853658538,-0.6115537848605578,-0.563855421686747,-1.0664556962025316,-1.1528384279475983,0.13207547169811318,0.08376963350785327,0.02872340425531905,0.03970223325062028,0.023569023569023573,0.019512195121951237,-0.03428093645484953,0.19999999999999996,0.017285766826039106,0.04565537555228261,0.014084507042253502,0.011132841883556566
1995-06-30,0.001658135678754169,-0.012957746478873267,0.0038867849312338443,0.02196137826580835,-0.004169924420119875,0.05348460291734192,-0.8429752066115702,-0.8429752066115702,-0.8434782608695652,0.6585365853658538,0.9846153846153847,0.8232044198895028,-2.333333333333333,-0.17142857142857137,0.09666666666666668,0.033816425120772875,-0.22802481902792138,0.03970223325062028,-0.00328947368421062,0.009569377990430672,-0.03428093645484953,0.22222222222222232,-0.005784526391901634,-0.22253521126760556,0.01388888888888884,-0.03422109805088536
1995-09-29,0.009644450842090091,0.033105022831050324,-0.0033753598729275858,-0.012967765839199674,0.04396754776236578,0.02499999999999991,9.631578947368421,9.631578947368421,9.666666666666666,0.6585365853658538,-0.012919896640826822,-0.18484848484848482,4.464285714285714,-2.3793103448275863,-0.12158054711246202,0.06542056074766345,0.012056262558606923,0.03970223325062028,0.04290429042904309,0.07109004739336489,0.34112554112554117,0.18181818181818188,0.03418181818181809,0.0253623188405796,0.013698630136986356,0.0466800184871361
1995-12-29,0.01810664385514693,0.06906077348066297,9.961151509108035e-05,0.12274774774774766,0.06342441714715474,0.039774859287054376,0.36633663366336644,0.36633663366336644,-0.31770833333333326,0.6585365853658538,0.5785340314136125,0.018587360594795488,0.9477124183006536,-1.775,0.10726643598615926,0.03801169590643272,0.029781601588351858,0.05250596658711215,0.06329113924050622,-0.004424778761061843,-0.007101355713363455,0.15384615384615374,0.044303797468354444,0.03886925795053009,0.013513513513513598,-0.0478363261701501
1996-03-29,0.005881529197591329,-0.007751937984496138,-0.004780876494023922,-0.02106318956870612,0.03111739745403108,-0.08480692890653196,-0.47101449275362317,-0.47101449275362317,-0.4732824427480916,0.6585365853658538,-1.0514096185737978,-0.062043795620437936,-1.5671140939597317,-4.838709677419355,-0.37187499999999996,0.06478873239436611,0.006426735218509005,0.03174603174603163,0.026785714285714413,0.0,0.004551365409622754,0.13333333333333353,0.025252525252525304,0.03401360544217691,0.0,0.013603339001391213
1996-06-28,0.011485451761102494,0.030729166666666696,-0.002802241793434801,-0.03210382513661203,0.04412437128486513,0.05362776025236604,0.6027397260273972,0.6027397260273972,0.6086956521739133,0.6585365853658538,-17.032258064516128,0.015564202334630295,-2.5798816568047336,-0.7394957983193278,-0.154228855721393,0.07275132275132279,0.27650063856960405,0.31868131868131866,0.04057971014492745,0.04444444444444451,0.032362459546925626,0.1470588235294117,0.03218390804597715,0.32565789473684226,-0.013333333333333308,0.064968735702303
1996-09-27,0.007570022710068125,-0.030318342597271397,-0.013849859494179051,-0.047635850388143997,0.054302605649222624,-0.009356287425149712,-0.05128205128205132,-0.05128205128205132,-0.06306306306306309,0.6585365853658538,-0.21327967806841042,-0.2068965517241379,-0.31086142322097376,-1.0,0.0,-0.020961775585696563,-0.024012006003001463,0.011666666666666714,0.03064066852367686,-0.05957446808510647,-0.26583072100313476,0.10256410256410242,0.046452433980273655,0.02481389578163773,0.0,0.018187025633681797
1996-12-27,0.15873232702684237,0.0797290255341323,0.21819662120903716,0.021489440533530857,0.03738317757009346,0.012844729882886208,0.13963963963963955,0.13963963963963955,0.10576923076923062,0.6585365853658538,0.49104859335038364,9.927536231884059,-11.201086956521738,inf,1.164705882352941,-0.0037783375314861534,-0.06509482316760629,-0.06919275123558477,0.03783783783783767,-0.03167420814479627,-0.023057216054654273,0.09302325581395343,-0.104895104895105,-0.016949152542373058,-0.05405405405405406,0.05696202531645578
1997-03-28,-0.004538756262894239,-0.06322393822393824,-0.01746031746031751,-0.06746463547334058,0.026426426426426453,-0.042521447221186115,-0.4031620553359684,-0.4031620553359684,-0.3913043478260869,0.6585365853658538,-0.6620926243567753,-0.9204244031830239,-1.0788492274906767,-1.6616161616161618,-0.3559782608695652,-0.01643489254108721,-0.03289473684210531,-0.03362831858407078,0.0234375,-0.05140186915887868,0.022727272727272707,0.1063829787234043,0.03125,0.0024630541871921707,-0.042857142857142705,0.004657351962741307
1997-06-27,0.15283041212695414,0.10922205048943834,0.20389422668140456,-0.05484247374562423,0.03569338794616739,0.04324113751460845,0.5033112582781456,0.5033112582781456,0.48571428571428577,0.6585365853658538,1.1522842639593907,13.316666666666666,-15.175675675675675,-0.5801526717557253,-0.23206751054852326,0.07455012853470433,-0.04478458049886613,-0.08058608058608063,0.03307888040712448,0.049261083743842304,0.07179487179487176,0.0769230769230771,-0.10177865612648218,-0.008599508599508643,-0.0746268656716419,0.17350993377483426
1997-09-26,0.0030304586778981957,-0.0380863910822109,-0.007839536690444238,0.05720164609053491,0.03201506591337089,-0.010828976848394345,-0.09251101321585908,-0.09251101321585908,-0.08653846153846156,0.6585365853658538,-0.061320754716981174,-0.9344198680636399,-1.1129647283126787,-0.8545454545454545,-0.04395604395604391,0.1602870813397128,-0.04985163204747789,-0.08366533864541836,0.032019704433497775,0.12206572769953072,0.18102073365231264,0.0714285714285714,0.028969563623028938,-0.019826517967781787,-0.06451612903225812,-0.09006772009029329
1997-12-26,0.021968455551003796,0.050217286335103806,0.010179384965831373,0.05371739976644618,0.05218978102189786,0.029445073612684114,0.043689320388349495,0.043689320388349495,0.03157894736842115,0.6585365853658538,0.3542713567839195,1.497041420118343,-0.8312236286919832,-10.625,0.44252873563218387,-0.04536082474226799,-0.07932542161149281,-0.08478260869565224,0.05011933174224348,-0.07531380753138084,-0.022957461174881844,0.08333333333333348,0.029579472558802555,-0.04930467762326174,-0.0344827586206895,-0.0033490449020094903
1998-03-27,-0.003908403066593125,-0.06114942528735634,-0.010711014022972254,-0.025858884373845537,0.012833853624696578,-0.053905390539053855,-0.5767441860465117,-0.5767441860465117,-0.5714285714285714,0.6585365853658538,-0.8589981447124304,-0.4052132701421801,-1.075,-3.2337662337662336,-0.6852589641434264,-0.014038876889848728,-0.10447761194029848,-0.10926365795724469,0.009090909090909038,-0.05882352941176461,0.031789910158949386,0.07692307692307687,0.016960886119764762,-0.07579787234042545,-0.0357142857142857,-0.03621655258245182
1998-06-26,0.012626389657427461,-0.023996082272282115,0.01581309210057702,0.149791429654911,0.0049657534246574375,0.024031007751937894,0.6593406593406594,0.6593406593406594,0.6428571428571428,0.6585365853658538,1.9342105263157894,0.3505976095617529,42.666666666666664,-1.0872093023255813,0.1898734177215189,-0.03614457831325302,-0.125,-0.10933333333333328,0.006756756756756577,-0.04807692307692313,0.04621567314132613,0.0714285714285714,-0.0074880871341047595,-0.09928057553956837,-0.01851851851851849,-0.15121384297520657
1998-09-25,-0.000844510680576227,-0.04465629703963869,-0.008695042423392474,-0.21075197889182062,0.01823138524450507,-0.07948523845571531,0.23841059602649017,0.23841059602649017,0.2898550724637683,0.2941176470588234,0.358744394618834,-1.831858407079646,-5.175572519083969,1.5333333333333332,0.4042553191489362,-0.21022727272727282,-0.04935064935064948,-0.0359281437125748,0.020134228187919323,-0.21717171717171713,-0.11587708066581304,0.06666666666666665,0.01886145404663897,-0.009584664536741228,-0.018867924528301883,0.21055834474364832
1998-12-25,0.015611793367473759,-0.4721638655462185,0.029001909881870347,-0.49561220225658165,-0.016064257028112428,-0.07730263157894735,-0.42245989304812837,-0.42245989304812837,-0.3483146067415731,-0.375,0.31353135313531344,-2.99290780141844,-1.2504570383912248,-1.7105263157894737,-0.20454545454545459,0.012949640287769792,-0.1693989071038251,-0.170807453416149,-0.00877192982456143,-0.006451612903225823,0.03692976104272261,0.0625,-0.03096600471221811,-0.12419354838709673,-0.05769230769230771,0.046374261656403126
1999-04-02,0.00597248739413514,1.0875621890547262,0.010998831374166462,1.2982601491300745,-0.006462585034013646,0.13235294117647056,-0.7592592592592593,-0.7592592592592593,-0.7931034482758621,-0.7818181818181819,-1.0,-0.693950177935943,0.6131386861313868,-2.814814814814815,0.46666666666666656,-0.035511363636363646,-0.12171052631578949,-0.13108614232209748,-0.008849557522123686,-0.025974025974025983,0.12918994413407825,0.05882352941176472,-0.012504341785342099,-0.11786372007366486,0.0,-0.0916406437665146
1999-07-02,0.018395055720473064,0.09056244041944717,0.020942408376963373,0.09372746935832743,0.01198219787743926,0.029515938606847758,3.384615384615385,3.384615384615385,3.500000000000001,3.416666666666667,inf,0.6511627906976745,-0.24434389140271495,-0.22448979591836737,0.24675324675324672,0.11340206185567014,-0.07990012484394515,-0.08620689655172409,0.01116071428571419,0.1266666666666667,0.2578849721706864,0.05555555555555558,-0.006331340133661656,-0.0772442588726513,-0.020408163265306145,-0.0029088985852174787
1999-10-01,0.005208582214364155,0.10445804195804187,0.018648018648018683,0.24291364535266968,-0.028924221921515558,0.11085626911314983,-1.9912280701754386,-1.9912280701754386,-2.0,-2.018867924528302,1.793548387096774,-0.17957746478873238,-1.55688622754491,1.8157894736842106,0.5572916666666667,0.02645502645502651,-0.6865671641791045,-0.6933962264150944,-0.03311258278145701,0.01183431952662728,0.10029498525073732,0.05263157894736836,-0.033982300884955796,-0.7036199095022624,0.04166666666666674,-0.11139106219334305
1999-12-31,-0.015021867275147316,0.014246141669964407,-0.0216410591696633,-0.07902413153009813,0.002612785229054282,-0.054370268410185774,-0.7787610619469026,-0.7787610619469026,-0.7962962962962963,-0.7962962962962963,0.11547344110854496,-1.4592274678111588,1.827956989247312,2.05607476635514,1.0936454849498327,-0.2229381443298969,-0.987012987012987,-0.9846153846153847,0.0022831050228309113,-0.19298245614035092,1.4495084897229669,0.050000000000000044,0.017955294979846048,-0.9847328244274809,0.040000000000000036,0.10132815997612288
2000-03-31,-0.009411196911196962,-0.08310573546625044,-0.009756749532210618,-0.05413187446012091,-0.00851285615010422,-0.21870451237263466,-2.16,-2.16,-2.272727272727273,-2.272727272727273,-1.0020703933747412,-2.1121495327102804,-0.1901140684410646,-2.018348623853211,-0.5319488817891374,-0.2587064676616916,2.0,1.0,-0.009111617312072884,-0.26086956521739124,0.0,0.04761904761904767,0.001079913606911509,1.5,-0.03846153846153855,-0.03062330623306231
2000-06-30,-0.0073568818514007095,-0.11531914893617023,-0.00931299770549332,-0.0797564687975647,-0.002277904328018221,0.020027945971122563,0.896551724137931,0.896551724137931,0.857142857142857,0.857142857142857,2.0,0.8235294117647058,-1.2582159624413145,-0.5045045045045045,-0.5631399317406143,-0.1789709172259507,-11.444444444444445,-13.999999999999998,-0.0022988505747125743,-0.17647058823529416,19.08391098139365,0.04545454545454519,0.005034160373966312,0.0,-0.040000000000000036,-0.03871959742801234
2000-09-29,0.016344360459409124,0.0832130832130833,-0.0012261580381471848,0.01587826662256031,0.06164383561643838,-0.06894977168949767,6.763636363636364,6.763636363636364,6.769230769230769,6.769230769230769,-185.33333333333334,-2.391705069124424,-9.927272727272728,-3.206060606060606,2.84375,0.10354223433242504,-9.914893617021276,-10.076923076923077,0.06912442396313367,0.1071428571428572,0.0,0.04347826086956519,0.04436493738819314,105.6,-0.08333333333333326,0.06630798313217978
2000-12-29,-0.010431255131115091,-0.09147424511545288,-0.012822261628700038,0.06805600781504406,-0.004631927212572329,-0.10985777341834235,-0.8735362997658079,-0.8735362997658079,-0.8712871287128713,-0.8762376237623762,-0.7088607594936709,-2.0033112582781456,-0.8167006109979633,-1.6373626373626373,-0.4715447154471545,-0.01728395061728394,0.14916467780429588,0.1652542372881356,0.015086206896551824,-0.07526881720430112,-0.9906085376930064,0.04166666666666674,0.00582391229873247,0.2945590994371483,-0.09090909090909083,-0.14932496931678707
2001-03-30,-0.0025865013908544787,-0.022482893450635366,-0.0008290728202293707,-0.11890243902439024,-0.006814026923716132,0.11570247933884303,-0.6296296296296297,-0.6296296296296297,-0.6153846153846154,-0.6,-1.0,-0.12541254125412538,-2.388888888888889,-0.39655172413793105,-0.5346153846153846,0.23115577889447247,-0.02699896157840076,-0.014545454545454528,-0.00849256900212314,0.2093023255813955,0.06479690522243708,0.040000000000000036,-0.004087193460490579,-0.0014492753623188692,-0.025000000000000022,0.10932991343379284
2001-06-29,0.0034739211273118187,-0.011499999999999955,0.0010372009403956106,0.15605536332179937,0.009370816599732157,0.01580246913580252,4.4,4.4,4.1,4.1,inf,-0.42641509433962266,-1.728,-1.157142857142857,0.18181818181818188,0.2204081632653061,0.08004268943436488,0.09594095940959413,0.01070663811563155,0.23076923076923084,0.2388737511353316,0.03846153846153855,0.005813953488372103,0.1132075471698113,0.0,-0.14494219653179197
2001-09-28,0.004729630893753889,0.02124430955993928,0.0011052013538717098,0.03172702783597736,0.013428381962864666,-0.01847350510452117,-0.07407407407407407,-0.07407407407407407,-0.07843137254901966,-0.07843137254901966,-0.3433962264150944,0.2763157894736843,-1.10989010989011,-1.4545454545454546,-0.0699300699300699,-0.07023411371237476,-0.5385375494071146,-0.5387205387205387,0.01271186440677985,-0.07812500000000011,-0.1510263929618768,0.014814814814814836,0.008840530431825977,-0.5358539765319427,0.0,-0.01014027378739224
2001-12-28,0.009463263127244437,-0.5809806835066864,0.012971779479748813,-0.8816362053959965,0.0011451006052674018,-0.004952947003467045,-0.35,-0.35,-0.31914893617021267,-0.36170212765957444,1.2298850574712645,0.8247422680412371,-3.9,-1.5,0.03007518796992481,0.0125899280575541,0.03426124197002145,0.03649635036496357,-0.0020920502092051096,0.0,1.1934369602763382,0.014598540145985162,-0.008426019548365304,0.014044943820224809,0.0,2.5402082977633604
2002-03-29,0.001971059083697879,1.5721040189125297,0.0011579592670798444,6.012254901960785,0.0039215686274509665,-0.022399203583872596,-0.6153846153846154,-0.6153846153846154,-0.625,-0.6,-0.5876288659793815,-0.06497175141242939,-7.0,-0.4,0.021897810218978186,0.12788632326820593,0.010351966873705987,0.014084507042253502,0.01048218029350112,0.12711864406779672,0.08700787401574805,0.007194244604316502,0.0020394289598912874,0.024930747922437657,0.0,-0.6331806124909574
2002-06-28,0.00374244314365213,-0.0390625,-0.00312967750714388,0.011534428521495999,0.02018229166666674,0.055498981670061065,4.4,4.4,4.25,4.25,1.19375,-0.7039274924471299,-1.8160919540229885,36.0,0.7928571428571429,-0.07716535433070859,0.07991803278688514,0.08333333333333326,0.018672199170124415,-0.08270676691729328,-0.09054690329590731,0.014285714285714235,0.016282225237449044,0.08918918918918939,0.0,-0.0500920326058375
2002-09-27,0.005019120458890969,-0.0865614538498326,-0.00020475020475019257,-0.050449205252246054,0.01723037651563497,-0.00868306801736618,-0.059259259259259234,-0.059259259259259234,-0.04761904761904767,-0.04761904761904767,-0.4814814814814815,0.989795918367347,-0.16901408450704225,-2.18018018018018,-0.5219123505976095,-0.11092150170648474,0.07210626185958269,0.07692307692307687,0.016293279022403295,-0.13114754098360648,-0.18080446037435283,0.014084507042253502,0.01234979973297734,0.07940446650124056,0.0,-0.037923875432525955
2002-12-27,-0.0035196195005945397,-0.06335078534031413,0.004164106764966924,-0.10698689956331875,-0.02117314930991221,0.0024330900243310083,0.07874015748031504,0.07874015748031504,0.08333333333333348,0.08333333333333348,0.0,0.0,0.0,0.0,0.0,-0.11708253358925147,0.19999999999999996,0.20833333333333326,-0.028056112224449037,-0.13207547169811318,-0.1866796305298979,0.00694444444444442,-0.017804154302670683,0.1954022988505748,0.0,0.048769961156668096
2003-03-28,0.0003818433487661199,-0.09334823923979874,-0.005030591434398324,-0.0863895680521597,0.01313892004486461,-0.021359223300970842,-0.2773722627737226,-0.2773722627737226,-0.29230769230769227,-0.29230769230769227,-0.7582417582417582,-1.1589743589743589,-0.6355932203389831,-1.2442748091603053,0.32499999999999996,0.021739130434782705,0.16519174041297946,0.1724137931034484,0.016494845360824684,0.05434782608695654,-0.15720263000597734,0.01379310344827589,0.012755958375293863,0.16730769230769238,0.0,-0.007544581618655788
2003-06-27,0.02767307600553459,0.2527743526510482,0.031907625034162335,0.30240856378233727,0.017871263640676815,-0.03670634920634919,0.2828282828282829,0.2828282828282829,0.28260869565217384,0.28260869565217384,-2.7954545454545454,-11.193548387096774,-10.534883720930232,-0.53125,0.09433962264150941,0.08936170212765959,-0.022784810126582178,-0.025210084033613578,0.016227180527383478,0.07216494845360821,-0.06879432624113468,0.013605442176870763,-0.009612197547232415,0.0,-0.02564102564102566,-0.03814789219073955
2003-09-26,0.0180138353684014,0.17125984251968496,0.03390054955969002,0.03561643835616435,-0.019266625233063994,-0.030895983522142068,-1.811023622047244,-1.811023622047244,-1.8135593220338984,-1.8135593220338984,-6.556962025316456,0.5727848101265822,-0.3439024390243902,13.066666666666666,1.2126436781609193,0.0078125,-0.46761658031088094,-0.47413793103448265,-0.017964071856287345,-0.009615384615384581,0.02513328255902514,0.006711409395973256,-0.03647925033467214,-0.457990115321252,-0.02631578947368418,0.13090961345020857
2003-12-26,-0.00761618096410821,-0.20042016806722684,-0.019724623759205917,-0.2691798941798942,0.022338403041824995,0.03772582359192356,-2.1941747572815533,-2.1941747572815533,-2.1875,-2.1875,-0.08883826879271073,-0.9496981891348089,-2.7249070631970262,-1.4218009478672986,-0.23116883116883113,0.056201550387597,-0.06082725060827243,-0.06557377049180335,0.016260162601626105,0.07766990291262132,0.9910846953937593,0.01333333333333342,0.03021882598124348,-0.03951367781155002,-0.027027027027027084,0.09415501905972046
2004-03-26,0.014384191176470607,0.06778770362585385,0.018422943751224885,0.07058823529411762,0.004803967147063437,0.005120327700972815,-0.7560975609756098,-0.7560975609756098,-0.7543859649122806,-0.7543859649122806,-0.49,15.84,-1.3254310344827587,-0.2584269662921348,-0.22297297297297303,-0.005504587155963359,-0.2849740932642487,-0.2894736842105263,0.006000000000000005,-0.027027027027027084,0.06455223880597005,0.013157894736842035,-0.009440323668239992,-0.27531645569620256,-0.02777777777777779,-0.0026710022064800887
2004-06-25,0.01717029855479546,0.16830708661417315,0.012444672525498746,0.09594251901944206,0.028531770512029597,0.03565970453387668,2.966666666666667,2.966666666666667,2.9285714285714284,2.9285714285714284,0.5441176470588236,-0.5843230403800475,0.2847682119205297,-6.0606060606060606,1.4521739130434783,-0.040590405904059046,-0.05434782608695643,-0.0493827160493826,0.027833001988071482,-0.04629629629629628,0.33368384157027675,0.006493506493506551,0.010891763104152519,-0.056768558951964976,0.028571428571428692,0.06602235677689805
2004-09-24,0.08520399073579199,-0.024852569502948563,0.11062535639612237,-0.22213652140377937,0.025041235567551334,-0.026069847515986178,0.03361344537815136,0.03361344537815136,0.036363636363636154,0.036363636363636154,0.09841269841269851,1.6057142857142859,-2.3556701030927836,-2.1167664670658684,-0.6613475177304964,0.028846153846153744,1.2911877394636013,1.2597402597402594,0.025145067698259194,0.0,0.08147174770039434,0.012903225806451646,-0.05521885521885517,1.3055555555555554,-0.02777777777777779,0.2536318951392682
2004-12-31,0.008865175456597596,0.2902807775377969,0.013748645102401813,0.6445215666831929,-0.0036571094207138444,0.03232323232323231,-0.4552845528455285,-0.4552845528455285,-0.4385964912280701,-0.5087719298245613,0.6791907514450868,-0.5877192982456141,-0.7642585551330798,-1.8873994638069704,1.7329842931937174,0.14579439252336446,-0.15384615384615385,-0.16666666666666652,-0.007547169811320753,0.12621359223300965,-0.511543134872418,0.01273885350318471,-0.012473271560940802,-0.1506024096385542,-0.02857142857142847,-0.215387296331794
2005-04-01,0.020788413815548523,0.1981921660528958,-0.009341586944288105,-0.07687669580946643,0.09939803259433266,0.03131115459882583,7.64179104477612,7.64179104477612,7.40625,8.142857142857142,-0.46815834767641995,-1.2287234042553192,1.6451612903225805,-0.43202416918429,0.3601532567049808,0.09461663947797727,1.5256916996047432,1.5379310344827584,0.09505703422053235,0.10344827586206917,0.30049751243781087,0.0062893081761006275,0.07686755683868629,1.5721040189125297,0.0,0.29794558578567476
2005-07-01,-0.053483181890642384,-0.3841855266834311,-0.0835605544194501,-0.1806009144350098,0.017227564102564097,0.0275142314990513,-0.7150259067357513,-0.7150259067357513,-0.7174721189591078,-0.71484375,-0.9352750809061489,14.813953488372093,5.762195121951219,-3.175531914893617,-0.576056338028169,0.019374068554396384,0.016431924882629012,0.03804347826086962,0.015625,-0.07031250000000011,-0.603672532517215,0.012499999999999956,0.07473190348525471,0.0349264705882355,0.0,-0.24845995893223827
2005-09-30,0.011410526315789538,0.11025408348457355,0.007810078720634772,0.25149461937026696,0.019036366023368778,-0.018928901200369386,-0.0060606060606061,-0.0060606060606061,-0.013157894736842146,-0.013698630136986356,21.45,-1.611764705882353,-0.9495040577096483,-0.9437652811735942,-0.07641196013289031,0.0891812865497077,0.011547344110854452,0.04712041884816753,0.01880341880341896,0.0672268907563025,0.04247104247104261,0.012345679012345512,0.00748362956033688,0.0257548845470692,0.02941176470588225,-0.11281876138433511
2005-12-30,0.00878398068356856,-0.03064977523498158,0.0011685835537240674,-0.051273885350318515,0.0247358928111312,0.04423529411764715,0.44512195121951215,0.44512195121951215,0.4666666666666668,0.44444444444444464,-0.2605790645879733,-0.17548076923076927,-1.75,-2.3478260869565215,0.11151079136690645,0.055033557046979986,0.13089802130898032,0.17999999999999994,0.01342281879194629,0.03937007874015741,0.017592592592592604,0.012195121951219523,0.01578458681522754,0.15064935064935048,0.028571428571428692,0.021686128576928088
2006-03-31,0.007717068339385902,0.03161888701517701,-0.008231969529426175,-0.008392077878482729,0.04035705305506654,0.050473186119873725,0.03375527426160341,0.03375527426160341,0.0181818181818183,0.019230769230769162,0.34036144578313254,0.22448979591836737,0.0,1.161290322580645,0.21682847896440127,0.1564885496183206,-0.3095558546433379,-0.288135593220339,0.0298013245033113,0.13636363636363624,-0.017288444040036377,0.012048192771084265,0.03260207190737341,-0.310007524454477,0.0277777777777779,0.040442099974880685
2006-06-30,0.007330357508497531,-0.021250510829587288,-0.009229435084241788,0.10358835477318884,0.03963746223564946,0.03861003861003853,0.5918367346938775,0.5918367346938775,0.5714285714285714,0.5660377358490565,-0.08089887640449434,-0.042857142857142816,-2.5,-1.835820895522388,-0.14893617021276595,0.23542354235423546,0.23879142300194922,0.267857142857143,0.04019292604501601,0.20666666666666678,0.7574074074074073,0.011904761904761862,0.03186780761286534,0.2420937840785169,0.0,-0.11310960888459687
2006-09-29,0.011139117001382148,0.05970772442588723,0.014629571741169078,-0.07576687116564418,0.004649540857840195,-0.0012391573729864103,-0.15897435897435896,-0.15897435897435896,-0.5738636363636364,-0.572289156626506,0.25427872860635703,-0.47263681592039797,2.6984126984126986,-2.2142857142857144,0.2124999999999999,-0.04719501335707932,0.12824547600314729,0.147887323943662,0.023183925811437467,-0.08839779005524873,-0.24499473129610116,0.01764705882352935,-0.006291106662853929,0.12203687445127298,0.027027027027026973,0.14645433510276318
2006-12-29,0.010332904470890858,0.05279747832939319,-0.002587959825004593,-0.1629605044805842,0.03459446951290057,-0.009098428453267138,0.05792682926829262,0.05792682926829262,0.053333333333333455,0.05633802816901423,0.3469785575048734,1.7169811320754715,-0.8197424892703863,0.07352941176470584,0.18814432989690721,0.10280373831775713,0.05997210599721048,0.08179959100204504,0.030211480362537735,0.07878787878787885,-0.0460572226099093,0.023121387283236983,0.023884892086331044,0.07120500782472616,0.026315789473684292,0.2578653686335035
2007-03-30,-0.00811811054956424,-0.0239520958083832,-0.02347562859084451,0.05273592386994452,0.019682397673898455,0.01085141903171949,-0.30835734870317,-0.30835734870317,-0.30379746835443033,-0.30666666666666664,-0.13603473227206941,-0.30208333333333337,2.4285714285714284,-0.3013698630136986,0.11062906724511934,0.07457627118644061,-0.02697368421052626,-0.009451795841209809,0.019061583577712593,0.04494382022471921,-0.013167520117044584,0.02259887005649719,0.02810567734682401,-0.013148283418553675,0.0,-0.07286455875412945
2007-06-29,0.005857572718154458,-0.01418711656441718,0.0015183146707156148,-0.17514124293785316,0.013380127220881777,0.04459124690338556,0.3500000000000001,0.3500000000000001,0.34545454545454524,0.3653846153846152,-0.1993299832495813,-0.09203980099502485,0.3680555555555556,-2.6470588235294117,-0.1640625,0.13958990536277605,-0.06761325219743075,-0.05343511450381688,0.010071942446043147,0.11827956989247301,0.1438102297998518,0.022099447513812098,0.007654455986878084,-0.060695780903034735,0.0,0.1951542298686757
2007-09-28,0.021299509393323035,0.15908206923376111,0.06297770197713337,-0.010045662100456654,-0.0501082251082251,-0.01146245059288542,0.25617283950617287,0.25617283950617287,0.2702702702702702,0.2816901408450705,0.5543933054393306,0.4958904109589042,-1.1776649746192893,-3.761904761904762,0.5420560747663552,0.037370242214533,0.059463379260333626,0.05443548387096775,-0.008547008547008517,0.028846153846153966,0.08360337005832785,0.027027027027026973,-0.06999457406402598,0.05437352245862881,0.0,0.17078364565587734
2007-12-28,-0.0027728959187658386,-0.16409395973154361,0.0012479201331114798,0.2320110701107012,-0.010481941437848974,0.030387844862055147,-0.10319410319410316,-0.10319410319410316,-0.05319148936170204,-0.05494505494505497,-0.5074024226110363,-0.30402930402930406,-8.942857142857143,-2.2586206896551726,-0.4424242424242424,-0.03602401601067384,0.021218343600273748,0.009560229445506607,0.031609195402298784,-0.028037383177570097,-0.10287081339712911,0.026315789473684292,-0.007876312718786416,-0.004484304932735328,0.025641025641025772,-0.321498726809749
2008-03-28,0.044137228792981986,0.37053392211963065,0.0635052525372426,0.012354923249719096,0.006563039723661568,0.05277454404346149,-0.0383561643835616,-0.0383561643835616,-0.022471910112359605,-0.011627906976744207,1.0054644808743167,-0.5026315789473684,-3.3633093525179856,-5.116438356164384,3.266304347826087,0.1301038062283737,0.0945040214477213,0.0662878787878789,0.0027855153203342198,0.09134615384615374,0.08866666666666645,0.025641025641025772,-0.03587180241105559,0.05255255255255231,0.0,0.3538494531417542
2008-06-27,0.004763512246352297,-0.03661394258933803,-0.011384563870751707,-0.07914201183431957,0.037863189201555736,0.07150755621083671,0.09686609686609682,0.09686609686609682,0.09195402298850563,0.09411764705882364,-0.17029972752043598,1.4814814814814814,-1.4748858447488584,-1.1430948419301166,-0.10955414012738851,0.2835272504592776,0.04715248009797923,0.0248667850799289,0.030555555555555447,0.2819383259911894,0.15615431720759343,0.030000000000000027,0.032936870997255285,0.005706134094151105,0.02499999999999991,0.04617456043085699
2008-09-26,-0.005636852321935226,-0.16357555487990272,0.019700818515382412,0.1361445783132531,-0.05510856387082552,0.018575851393188847,-0.007792207792207795,-0.007792207792207795,0.0,0.010752688172043001,0.39244663382594425,-0.21535181236673773,2.1506410256410255,1.9244186046511627,-0.3597997138769671,-0.04580152671755733,-0.011111111111111183,-0.025996533795493937,-0.02425876010781669,-0.07216494845360821,-0.1048728813559322,0.03398058252427183,-0.04989666371420143,-0.057446808510638325,0.024390243902439046,-0.2638352638352638
2008-12-26,-0.01310207605961633,-0.13086150490730641,0.009743135518157642,-0.15022976316719694,-0.061238772891636484,-0.09692671394799057,-0.3534031413612565,-0.3534031413612565,-0.33684210526315783,-0.35106382978723405,-0.14740566037735847,0.14945652173913038,-0.46490335707019326,-0.5506958250497018,-0.2525139664804469,-0.27549999999999997,-0.06209343583678306,-0.08718861209964412,-0.07182320441988954,-0.2592592592592593,-0.2816568047337277,0.03755868544600949,-0.04878806712243633,-0.08728367193378472,0.0,0.022830111065405223
2009-03-27,0.010613207547169878,0.08741112505227933,0.006688596491227994,-0.1389351081530782,0.019507952286282215,-0.15968586387434558,-0.004048582995951455,-0.004048582995951455,0.0,0.016393442622950838,-0.3789764868603043,-0.3569739952718676,-1.3992395437262357,-2.712389380530974,0.5784753363228698,-0.3381642512077295,-0.06242118537200503,-0.07602339181286555,0.0401785714285714,-0.28500000000000003,-0.28830313014827014,0.03167420814479627,0.008820646847435665,-0.037098103874690924,-0.023809523809523836,0.26281922380856626
2009-06-26,0.006323634584258775,0.013846153846153841,-0.004520204770722125,-0.05265700483091784,0.03059110298598422,-0.02759234534935473,0.2520325203252032,0.2520325203252032,0.25396825396825395,0.25806451612903225,0.18485523385300673,0.2720588235294117,-1.638095238095238,-0.8656330749354005,0.04924242424242431,0.07090719499478615,-0.04371217215870882,-0.06118143459915615,0.028612303290414864,0.027972027972027913,0.1504629629629628,0.03070175438596512,0.024287564766839465,0.0059931506849313365,-0.07317073170731703,0.07022292993630574
2009-09-25,0.010660183280344127,0.0508345978755691,0.0028447945730072366,0.05864354920958692,0.026017029328287533,0.047597254004576595,-0.04870129870129869,-0.04870129870129869,-0.05063291139240511,-0.05128205128205132,0.17105263157894735,0.08959537572254339,-0.14925373134328357,1.5384615384615383,0.11913357400722013,0.2833495618305746,-0.07805907172995785,-0.0786516853932584,0.025034770514603677,0.24489795918367352,0.3480885311871229,0.029787234042553123,0.015175466329433895,-0.009361702127659521,-0.07894736842105265,-0.0073649754500818565
2009-12-25,0.00059215396002954,-0.07220216606498198,-0.008455621624570364,-0.1016377649325626,0.01959428307976019,0.013543031891655843,0.04095563139931735,0.04095563139931735,0.026666666666666616,0.04054054054054057,-0.2680577849117175,0.0557029177718833,1.3596491228070176,-2.5984848484848486,-0.17016129032258065,0.1570561456752655,0.02822273073989323,0.04634146341463419,0.02578018995929443,0.13114754098360648,0.24179104477611935,0.03305785123966953,0.018997197134849042,0.09450171821305853,-0.02857142857142847,0.03275125533987855
2010-03-26,0.005807072052078643,-0.02684824902723737,0.007262323943661997,0.2804289544235925,0.0027130906624464046,0.07370689655172424,0.003278688524590123,0.003278688524590123,0.012987012987013102,0.012987012987013102,0.638157894736842,-0.21356783919597988,0.7472118959107807,-0.8293838862559242,-0.03498542274052474,0.03672131147540991,0.03189910979228494,0.046620046620046596,0.005291005291005346,0.009661835748792313,-0.02043269230769229,0.03200000000000003,-0.003056234718826434,0.024332810047095643,0.0,-0.2399854862119014
2010-06-25,-0.016511602250579238,-0.1431427429028389,-0.007701551234433057,-0.014237855946398703,-0.034836527621195046,0.0690485748695302,0.3529411764705883,0.3529411764705883,0.3846153846153846,0.3717948717948718,-0.09638554216867468,-0.022364217252396124,0.5510638297872341,9.0,-0.36253776435045315,0.16002530044275765,0.08411214953271018,0.0868596881959911,-0.010526315789473717,0.15311004784689008,0.09938650306748475,0.03100775193798455,-0.018700183936235404,0.034482758620689724,0.0588235294117645,-0.13071708202043342
2010-09-24,0.01065659587197132,0.028931404573028452,0.012330048989926734,0.07901444350042475,0.007475762177315826,0.0011265490048817384,0.0,0.0,0.0092592592592593,0.009345794392523477,0.25037037037037035,0.41176470588235303,-0.43895747599451307,-1.0083333333333333,0.004739336492890933,-0.04798255179934563,0.09350132625994689,0.09221311475409832,0.02127659574468077,-0.03734439834024905,-0.1300223214285715,0.03007518796992481,-0.003124023742580473,0.05111111111111111,0.05555555555555558,-0.04646309314586994
2010-12-31,0.041140996707240474,0.29478458049886624,0.05709314338535143,-0.0011811023622047,0.0070724637681158775,0.05626406601650413,0.03623188405797095,0.03623188405797095,0.06422018348623837,0.05555555555555536,0.16113744075829395,0.6319444444444444,-1.9315403422982884,217.66666666666666,1.0314465408805034,0.13344788087056125,0.09157064887810806,0.0750469043151969,0.01822916666666674,0.11206896551724155,0.029506093649775522,0.03284671532846706,-0.032591664055155234,0.03594080338266381,0.026315789473684292,0.2962792305033981
2011-04-01,-0.02004193170107671,-0.23957968476357272,-0.03189136361298284,-0.1241623965313362,0.006447156343541316,-0.0021306818181817677,-0.07925407925407923,-0.07925407925407923,-0.0775862068965516,-0.07017543859649111,-0.48367346938775513,-0.4666666666666667,-3.3307086614173227,-2.1554878048780486,-0.586687306501548,0.21728145528044474,0.060555555555555474,0.054101221640488806,0.014066496163682718,0.193798449612403,0.1065420560747663,0.028268551236749095,0.02688694525429236,0.02585034013605436,0.025641025641025772,-0.13178707900115527
2011-07-01,0.04090365159371934,0.3666513127590971,0.05010360767228095,0.11836183618361829,0.021505376344086002,0.07437722419928816,0.28101265822784804,0.28101265822784804,-0.5700934579439252,-0.5660377358490566,1.1363636363636362,0.47606382978723394,-1.2162162162162162,-1.9472295514511875,1.344569288389513,0.04981320049813198,0.04452592980618131,0.036423841059602724,0.02774274905422458,0.03571428571428559,-0.018018018018018056,0.04123711340206171,-0.018611987381703554,0.022546419098143256,0.02499999999999991,0.22210849539406352
2011-09-30,-0.015920571329036792,-0.22446916076845302,0.010928961748633892,0.03340040241448694,-0.0754759238521836,-0.018549188473004352,-0.08300395256916993,-0.08300395256916993,-0.0652173913043479,-0.0652173913043479,-0.07678075855689181,-0.15315315315315314,-7.25,-1.935933147632312,-0.536741214057508,-0.11506524317912215,0.039618856569709315,0.01757188498402562,-0.03558282208588959,-0.13793103448275856,-0.17373853211009183,0.03960396039603964,-0.060430729668916716,0.0019455252918287869,0.0,-0.24958123953098832
2011-12-30,0.04336590201076174,0.2755323772272924,0.05130130130130128,0.04633956386292826,0.024103682170542706,-0.004049949375632855,-0.015086206896551713,-0.015086206896551713,0.0,0.0,-0.09218436873747493,1.5234042553191491,-1.4025,-1.3020833333333333,0.3500000000000001,-0.08489722966934754,0.022672455378678125,0.0031397174254315097,0.022900763358778553,-0.050909090909090904,-0.12421929215822347,0.03809523809523818,-0.018474170372904553,0.0045307443365696365,0.0,0.21908482142857166
2012-03-30,-0.009737726054354856,-0.15911413969335608,-0.015377291121161596,-0.03498325269817637,0.004257835600236515,0.00508302270416805,-0.017505470459518557,-0.017505470459518557,0.0,0.0,-0.509933774834437,-0.9350758853288365,-2.082815734989648,-1.7684729064039408,-0.1992337164750958,0.06689453125,0.03726415094339641,0.015649452269170583,0.016169154228855787,0.042145593869731934,0.03486529318542009,0.03669724770642202,0.01394214011850825,0.016108247422680355,0.0,-0.12862766639201695
2012-06-29,0.013807990132255199,-0.03889789303079416,0.0005802146794313678,-0.006941766293868112,0.04593098574961729,0.015509103169251581,0.14031180400890864,0.14031180400890864,0.13953488372093026,0.13953488372093026,0.9076576576576576,7.467532467532468,-0.655831739961759,-1.0961538461538463,0.02392344497607657,-0.01830663615560646,0.004547521600727578,-0.0046224961479197635,0.04528763769889821,-0.03308823529411775,-0.061255742725880635,0.041297935103244754,0.03162598831213481,0.0038046924540264815,0.0,-0.0321496112628703
2012-09-28,0.011524553043360752,0.00885328836424959,0.009906253020198985,0.1732038834951457,0.015200990879405518,-0.03917662682602918,-0.111328125,-0.111328125,-0.10204081632653061,-0.10204081632653061,0.19598583234946876,-0.08588957055214719,1.0333333333333332,2.4,0.07943925233644866,0.028904428904428903,-0.026708918062471776,-0.018575851393188958,0.023419203747072626,-0.019011406844106404,0.011419249592169667,0.03966005665722383,0.0036654448517161597,0.0006317119393557391,-0.024390243902438935,-0.14014329135909687
2012-12-28,0.02141663882392253,0.170497283744254,0.03205895018900429,-0.13042039059913935,-0.0031055900621117516,-0.003455425017277136,-0.02637362637362639,-0.02637362637362639,-0.022727272727272707,-0.022727272727272707,-0.36623889437314905,0.5973154362416107,-2.0956284153005464,0.7843137254901962,0.13131313131313127,-0.07929315813321247,-0.022325581395348792,-0.017350157728706628,0.006864988558352492,-0.10077519379844968,-0.08467741935483875,0.038147138964577776,-0.02390438247011961,-0.0018939393939395588,-0.025000000000000022,0.3460421663931321
2013-03-29,0.0004906610840338388,-0.08354159228846836,-0.015346098567388333,-0.05824133993148073,0.03805073431241657,0.02565880721220526,0.03611738148984189,0.03611738148984189,0.04651162790697683,0.04651162790697683,0.13862928348909653,-0.7216386554621849,-2.3591022443890273,-1.8681318681318682,-0.10076530612244894,0.08366141732283472,-0.01807802093244526,-0.0048154093097914075,0.03750000000000009,0.07758620689655182,0.08370044052863457,0.036745406824147064,0.03741496598639449,0.006325110689437086,0.0,-0.02682423560307634
2013-06-28,0.009644935591446968,-0.030385664199454654,-0.0008946228458424077,-0.022635408245755828,0.03354769560557336,0.03752535496957399,0.1655773420479303,0.1655773420479303,0.15555555555555567,0.15555555555555567,0.16005471956224349,1.4754716981132074,-0.48073394495412847,0.1518987341772151,-0.12907801418439713,0.1071752951861944,-0.008236434108527146,0.0,0.03614457831325302,0.06800000000000006,0.09512195121951228,0.037974683544303556,0.023934426229508254,0.007542426147077341,0.0,-0.007902852737085575
2013-09-27,0.002007707004306747,-0.11611088790678992,-0.006786370705499811,-0.06906534325889169,0.0212589443119362,-0.022808732486151895,-0.1345794392523364,-0.1345794392523364,-0.11538461538461542,-0.11538461538461542,0.08490566037735858,-0.5091463414634146,1.1943462897526502,-0.7472527472527473,-0.037459283387622166,0.0209187858900739,-0.01807523204689776,-0.003225806451612856,0.027484143763213398,-0.014981273408239737,0.00445434298440972,0.03658536585365857,0.019212295869356355,-0.00499064254522763,0.0,-0.050612006994365744
2013-12-27,0.027114371586465458,0.18272727272727263,0.00963226571767506,0.0768547312305643,0.06448009748172212,0.00033344448149374983,-0.12095032397408212,-0.12095032397408212,-0.13043478260869568,-0.13043478260869568,-0.16521739130434787,2.0559006211180124,-1.3494363929146538,-1.0434782608695652,0.0016920473773265332,0.07673764564081953,-0.05621890547263686,-0.029126213592233108,0.06995884773662553,0.049429657794676674,0.0650406504065042,0.03529411764705892,0.0361294376374488,-0.028213166144200663,0.0,0.09833213956819797
2014-03-28,-0.003209363790825037,-0.12029208301306682,-0.011420246263746603,-0.08745874587458746,0.013450348182772132,0.0040000000000000036,-0.02211302211302213,-0.02211302211302213,0.0,0.0,-0.22005208333333337,-0.7693089430894309,-3.2534562211981566,-118.0,-0.1976351351351351,0.03134328358208949,-0.06378492356352139,-0.040000000000000036,0.017307692307692246,-0.03623188405797084,0.047883414295627924,0.03409090909090895,0.016979987871437174,-0.03677419354838718,0.0,-0.035960499347866604
2014-06-27,0.00931186868686873,0.036260375709916914,0.0017114333254100167,0.26446654611211584,0.02428463855421681,0.07702523240371839,0.329145728643216,0.329145728643216,0.32499999999999996,0.32499999999999996,0.41235392320534214,0.8634361233480177,-0.33537832310838445,-1.8376068376068377,0.20631578947368423,0.05354558610709126,-0.0326576576576576,-0.01215277777777779,0.02930056710775042,0.03383458646616533,0.08344370860927142,0.03516483516483526,0.01460942158616585,-0.018084393837910162,0.0,-0.18042133745651334
2014-09-26,0.020265832681782614,0.12816188870151768,0.019458022875041614,-0.20235967107615305,0.02177908472707224,-0.007090012330456252,-0.03780718336483935,-0.03780718336483935,-0.037735849056603765,-0.037735849056603765,0.013002364066193817,1.293144208037825,-1.0584615384615386,-1.9591836734693877,-0.16404886561954624,0.05975274725274726,-0.00465657741559955,0.012302284710017597,0.025711662075298403,0.029090909090909056,0.05378973105134466,0.03397027600849256,0.001469291801351691,0.007503410641200414,0.0,0.41433793184765944
2014-12-26,0.01318088465193279,-0.038863976083707064,0.0184348959545646,-0.05558045719408333,0.002967892796114757,-0.009003415088481792,-0.035363457760314354,-0.035363457760314354,-0.03921568627450989,-0.05882352941176472,0.2147024504084014,-0.41958762886597933,-16.157894736842103,-3.021276595744681,0.3966597077244258,0.09753726506804927,0.029824561403508643,0.03472222222222232,0.008057296329453845,0.07067137809187263,0.0678654292343388,0.03285420944558526,-0.00997652582159625,0.029790115098172087,0.0,0.017674030846185795
2015-03-27,0.0032674795026170766,-0.04471228615863143,-0.0024683457512455487,-0.03274798291409586,0.014616212338594003,-0.05169172932330823,-0.09979633401221999,-0.09979633401221999,-0.08163265306122447,-0.06249999999999989,-0.33717579250720464,-0.11190053285968027,0.03472222222222232,-1.568421052631579,-0.16143497757847536,0.028638913492766704,0.006814310051107331,0.011744966442952975,0.01687388987566596,0.01980198019801982,-0.0141227593699077,0.031809145129224614,0.01126259632483717,0.021696252465483123,0.0,-0.012369951667076218
2015-06-26,0.018576038117065208,0.08628408628408635,0.01727535169316785,-0.127576054955839,0.021917808219177992,0.01222332342253063,0.251131221719457,0.251131221719457,0.24444444444444446,0.24444444444444446,0.2927536231884058,1.1480000000000001,-1.197986577181208,0.13888888888888884,-0.2192513368983957,-0.0020091848450057848,-0.0033840947546531774,-0.0016583747927031434,0.026200873362445476,-0.016181229773462702,-0.02754820936639124,0.03468208092485536,0.0032239155920281704,0.026383526383526368,-0.02564102564102566,0.24510617120106182
2015-09-25,0.007046214879947943,-0.06257025103034841,0.006981981981982077,0.08098987626546683,0.007091585228746755,-0.04079634464751958,-0.08318264014466548,-0.08318264014466548,-0.07142857142857151,-0.07142857142857151,0.04260089686098656,-0.6489757914338921,-8.627118644067796,-1.8373983739837398,0.23515981735159808,-0.16450963474259428,-0.012450481041312966,-0.011627906976744207,0.016170212765957315,-0.1875,-0.17677053824362599,0.03351955307262555,0.0,0.022570532915360486,-0.052631578947368474,-0.13276930251149155
2015-12-25,0.03010436572100539,0.1854516386890488,0.04544844553791094,0.015608740894901052,0.000601116358952325,-0.0537597822388568,-0.0808678500986193,-0.0808678500986193,-0.09615384615384626,-0.09615384615384626,-0.07741935483870965,1.4960212201591512,-1.3777777777777778,-0.15533980582524276,0.16081330868761556,-0.05163511187607572,-0.022922636103151706,-0.026890756302520913,0.01340033500837512,-0.06477732793522273,-0.05643496214728139,0.032432432432432545,-0.02862985685071573,0.02145922746781115,-0.02777777777777779,0.1672299892456599
2016-03-25,-0.012243500099888727,-0.12070128118678358,-0.01570322194172269,-0.13319672131147542,-0.0050635084105733474,-0.05861201006832073,-0.23605150214592274,-0.23605150214592274,-0.21276595744680848,-0.21276595744680848,-0.12121212121212122,-1.0435706695005313,-5.070588235294117,0.1839080459770115,0.1640127388535031,-0.11796733212341193,-0.04926686217008813,-0.05354058721934363,0.002479338842975354,-0.12987012987013002,-0.11378555798687096,0.03141361256544495,0.007518796992481258,-0.009003601440576214,-0.05714285714285705,0.014412635735439272
2016-06-24,-0.0017336030049118767,-0.14570552147239269,-0.0034341853590680316,0.3486997635933806,0.0016389200379538504,0.032849503437738736,0.25,0.25,0.2702702702702702,0.2702702702702702,0.1114058355437666,-13.731707317073171,-0.3049132947976878,-2.6019417475728153,-0.22571819425444595,0.07654320987654328,-0.05860579888957418,-0.06386861313868619,0.01154163231657046,0.074626865671642,0.12181069958847734,0.030456852791878042,0.0032835820895522616,-0.026650514839491102,-0.030303030303030276,-0.3666147657973272
2016-09-23,0.0037916063675831335,-0.029174147217235213,0.003751363140676034,-0.008326029798422452,0.003789183603169155,0.002218934911242698,0.022471910112359605,0.022471910112359605,0.02127659574468077,0.02127659574468077,0.06921241050119331,-0.210727969348659,-0.07068607068607069,-1.2242424242424241,0.06537102473498235,0.04243119266055051,-0.029488859764089104,-0.033138401559454245,0.013854930725346382,0.0277777777777779,0.09317681584739534,0.029556650246305383,0.0,-0.008711885500933492,-0.03125,-0.020997644166751983
2016-12-30,0.021135492056169047,0.14979195561719827,0.03081135109295552,-0.09854175872735305,0.0019732326698695957,0.12066420664206645,0.00659340659340657,0.00659340659340657,0.02083333333333326,0.02083333333333326,-0.3828125,1.1966019417475726,-1.7874720357941833,-1.0,0.0,0.22515584891822504,-0.005401755570560551,-0.008064516129032251,0.013665594855305496,0.21171171171171155,0.2523489932885905,0.028708133971292016,-0.018744421303183656,-0.02824858757062154,0.032258064516129004,0.27547604101276435
2017-03-31,0.008414751228327688,0.06956172094893454,0.013617200674536312,0.11617647058823533,-0.001969346690641305,-0.05531774777741194,-0.20960698689956336,-0.20960698689956336,-0.20408163265306123,-0.20408163265306123,0.8860759493670887,-0.6839779005524862,-2.221590909090909,inf,0.5422885572139304,0.2855432505237956,0.0020366598778005507,-0.004065040650406471,0.0015860428231564416,0.26765799256505574,0.27170418006430874,0.027906976744185963,-0.010309278350515316,-0.018733850129198926,0.0,-0.041752112213928494
2017-06-30,0.00417226702508966,-0.011278195488721776,0.009025495986357823,-0.2657004830917874,-0.005919698009608787,0.022307424189613068,0.40883977900552493,0.40883977900552493,0.41025641025641035,0.41025641025641035,-0.49856184084372,1.3811188811188813,-0.6465116279069767,-1.9480122324159022,-0.33333333333333337,0.17694994179278223,0.03861788617886175,0.02857142857142847,0.004750593824227822,0.17302052785923738,0.16392751790981874,0.03016591251885381,-0.01011029411764719,0.017774851876234177,0.03125,0.34651600753295697
2017-09-30,-0.008031008616602997,-0.1741444866920152,0.016941467436108804,0.24102870813397126,-0.060412531285060855,-0.06478008864643714,-0.09999999999999998,-0.09999999999999998,-0.07272727272727275,-0.07272727272727275,1.4760994263862335,-0.8355359765051396,6.973684210526316,-0.9064516129032258,-0.04677419354838708,0.023343224530168127,0.018917155903457328,-0.003968253968253954,-0.04018912529550822,0.020000000000000018,-0.01955104996379442,0.029282576866764387,-0.05292479108635095,-0.0006468305304009325,-0.030303030303030276,-0.334583598219962
2017-12-31,0.004666460517808391,-0.11832412523020253,-0.1480685825463094,-0.08722891566265056,0.3506934876458161,0.043747721472839896,8.019607843137255,8.019607843137255,8.07843137254902,8.058823529411764,-0.5281853281853282,2.7142857142857144,-0.6823432343234324,5.551724137931035,-0.3214890016920474,0.030349893678716322,1.8687580025608193,2.051792828685259,0.3604269293924467,0.07352941176470584,0.014401772525849399,0.02844950213371278,0.34477124183006524,2.1042071197411003,0.0,-0.03401165567975528
2018-03-31,0.04756708357816386,0.8496083550913838,0.09658388048339517,-0.0015839493136219351,-0.022237334240054363,0.00454069158225634,-0.8321256038647343,-0.8321256038647343,-0.8315334773218143,-0.8311688311688312,0.5810147299509001,-0.24038461538461542,-3.412987012987013,-9.310526315789474,3.9376558603491274,0.017448405253283283,0.004909618388752479,0.047650130548302805,-0.008449004224502121,-0.2534246575342466,-0.6749180924645067,0.030428769017980528,-0.06682867557715666,0.06025854879065862,0.0,0.8525368410641874
2018-06-30,-0.01375570928710701,-0.18661773009599092,-0.0063779937521694086,-0.08408249603384454,-0.025664209208512978,0.07858136300417251,0.2618705035971223,0.2618705035971223,0.3076923076923077,0.29487179487179493,0.07971014492753614,0.389240506329114,-2.3606027987082885,-1.4179860671310958,-0.33333333333333337,0.11764705882352944,0.015545192094159388,0.05545171339563848,-0.0073037127206330155,0.12844036697247696,0.05039193729003366,0.029530201342281792,-0.011979166666666652,0.04759095378564404,0.0,-0.11195344615877423
2018-09-30,-0.0017062073448164128,-0.03366886497743837,0.009824898476049171,0.12240184757505768,-0.020700977942751053,0.008704061895551174,0.019384264538198304,0.019384264538198304,0.02941176470588247,0.03960396039603964,0.33940556088207097,0.8952164009111618,-0.03322784810126578,-0.004545454545454519,-0.4977272727272727,0.1504702194357368,0.01705663678110647,0.06139315230224307,-0.0036787247087675112,0.15989159891598925,0.07462686567164178,0.028683181225554133,-0.0189773326304693,0.03604280082598077,0.03125,-0.13905254298424918
2018-12-31,-0.0035810205908684,-0.07866379310344829,0.04423592493297579,-0.014917695473251058,-0.08426270136307312,0.004474272930648837,-0.057046979865771785,-0.057046979865771785,-0.02857142857142858,-0.03809523809523818,-0.11596277738010019,-0.8834134615384616,-0.22831423895253677,-1.2968036529680365,0.2941176470588236,-0.038290549261437046,-0.47946678133734677,-0.5022246941045606,-0.05230769230769228,-0.035046728971962704,-0.10813492063492058,0.027883396704689423,-0.08113917248790958,-0.5105997463308569,0.0,-0.06473011661196848
2019-03-31,0.03879768030711417,0.35633528265107217,0.06459894819661272,0.005744125326370808,-0.010745840961553732,-0.04136175628380523,-0.010676156583629859,-0.010676156583629859,0.0,0.00990099009900991,-0.050202429149797556,7.969072164948454,-1.0286320254506893,0.6923076923076923,0.3846153846153846,0.007903370116313813,0.080545229244114,0.036871508379888285,-0.0025974025974027093,0.06295399515738498,0.9532814238042266,0.0295930949445129,-0.047660818713450404,0.03072935949648259,0.0,0.34858892041212486
2019-06-30,-0.00602820149918748,-0.08421960333429146,-0.002917266326967205,0.06593977154724828,-0.01223044737689094,0.015930965814802578,0.043165467625899234,0.043165467625899234,0.05882352941176472,0.05882352941176472,-0.06734867860187554,-0.5563218390804598,-39.629629629629626,-2.015151515151515,-0.281986531986532,0.1387779257286581,0.03211009174311941,-0.008620689655172376,0.0013020833333334814,0.14123006833712992,0.07175398633257402,0.028742514970059974,-0.006140620202640501,0.0010775862068965747,0.0,-0.14084039196146814
