Quarter end,Assets,Current Assets,Liabilities,Current Liabilities,Shareholders equity,Revenue,Earnings,Earnings available for common stockholders,EPS basic,EPS diluted,Cash from operating activities,Cash from investing activities,Cash from financing activities,Cash change during period,Cash at end of period,Price,ROE,ROA,Book value of equity per share,P/B ratio,P/E ratio,Equity to assets ratio,Net margin,Asset turnover,Current ratio
1998-06-30,0.11580997079162203,0.14391303008838663,0.23954149933065594,0.2185799109351807,0.06319160291763026,0.2788127565519418,0.5947467166979361,0.5947467166979361,0.26666666666666683,0.19999999999999996,-0.3120969317959742,1.356140350877193,-22.88888888888889,-0.4768620537681798,0.21092261213107144,0.3333333333333335,-0.022095509622238163,-0.0149732620320856,0.16666666666666674,0.12359550561797761,-0.21097091531223255,-0.04717787913340943,-0.011867088607595111,-0.006756756756756799,-0.06126920108546818
1998-09-30,0.11580997079162203,0.14391303008838663,0.23954149933065594,0.2185799109351807,0.06319160291763026,0.2788127565519418,0.5947467166979361,0.5947467166979361,0.26666666666666683,0.19999999999999996,-0.3120969317959742,1.356140350877193,-22.88888888888889,-0.4768620537681798,0.21092261213107144,0.3333333333333335,-0.022095509622238163,-0.0149732620320856,0.16666666666666674,0.12359550561797761,-0.21097091531223255,-0.04717787913340943,-0.011867088607595111,-0.006756756756756799,-0.06126920108546818
1998-12-31,0.15623321997494188,0.14061490415679523,0.28673641579480247,0.3146888640747132,0.09152973461396874,0.0,0.0,0.0,0.0,0.0,-0.3120969317959742,1.356140350877193,-22.88888888888889,-0.4768620537681798,0.09077649406978083,0.3125,-0.022095509622238163,-0.0149732620320856,0.0,0.12359550561797761,-0.21097091531223255,-0.055946148092744896,-0.011867088607595111,-0.006756756756756799,-0.13241924362170476
1999-03-31,0.04198997658623416,0.03210045554322938,-0.03567119550962594,-0.17635703806655856,0.08738042678440028,0.2608641975308641,0.6229411764705883,0.6229411764705883,0.5789473684210527,0.6111111111111112,-1.615625,-0.09233060312732688,-0.6192893401015229,-2.396798652064027,-0.11668660708001966,0.7619047619047619,-0.022095509622238163,-0.0149732620320856,0.1428571428571428,0.7633333333333334,-0.21097091531223255,0.04357471082237363,-0.011867088607595111,-0.006756756756756799,0.2531103842509095
1999-06-30,0.04687180820442349,0.030576074279049514,-0.00810531469292286,-0.03168650979656884,0.07536795804432406,0.05248213061784002,-0.07393983327292497,-0.07393983327292497,-0.06666666666666654,-0.06896551724137923,-3.8389478541762805,0.6636587366694011,0.8799999999999999,-2.283775633293124,0.16958808063102548,-0.29729729729729726,-0.022095509622238163,-0.0149732620320856,0.125,-0.3856332703213611,-0.21097091531223255,0.027178864257515922,-0.011867088607595111,-0.006756756756756799,0.06430366160076084
1999-09-30,0.08294751033296088,0.08168382744541103,0.09613908083799494,0.10649627263045791,0.07664070898555275,0.06409898595218166,0.11937377690802342,0.11937377690802342,0.10714285714285698,0.11111111111111094,-0.03738621586475943,-0.18343195266272194,-0.7730496453900709,0.01620859760394655,0.14734834292721133,0.0769230769230771,-0.022095509622238163,-0.0149732620320856,0.0,-0.043076923076923124,-0.21097091531223255,-0.0057649667405764715,-0.011867088607595111,-0.006756756756756799,-0.0224392032822206
1999-12-31,0.13066553096692823,0.16342188942455627,0.1790163606344124,0.15530667599964998,0.10713068043446494,0.053680713411435654,0.06993006993007,0.06993006993007,0.06451612903225823,0.0,0.46116176967240796,-0.3834541062801933,40.78125,1.0702727693018956,0.26587501855425266,1.75,-0.022095509622238163,-0.0149732620320856,0.11111111111111116,1.7524115755627014,-0.21097091531223255,-0.020814748736247446,-0.011867088607595111,-0.006756756756756799,0.00703399765533419
2000-03-31,0.05480543563294993,0.0675882985664158,-0.002673456397199181,-0.12890033323235384,0.08459998680187408,0.12305011616329242,0.1310457516339869,0.1310457516339869,-0.4242424242424243,-0.43333333333333324,-1.2173812550560499,-0.22331047992164543,-0.7090501121914734,-1.2546895935685574,-0.053493116953167164,1.935064935064935,-0.022095509622238163,-0.0149732620320856,0.09999999999999987,1.6401869158878504,-0.21097091531223255,0.028241724870938345,-0.011867088607595111,-0.006756756756756799,0.22556461001164152
2000-06-30,0.14062821903885503,0.1143135570824525,0.2093438856267551,0.26560598156842286,0.10787514957308297,0.17476911710380505,0.1606472117885005,0.1606472117885005,0.1578947368421053,0.17647058823529416,-5.458266879319511,4.0895334174022695,0.35732647814910035,-3.125822007891276,0.12014370664023777,-0.1769911504424777,0.025510204081632626,0.017372421281216077,0.09090909090909083,-0.25176991150442485,-0.21097091531223255,-0.028647371529828658,0.013610888710968716,0.006802721088435382,-0.1195524146054181
2000-09-30,0.1484683556497448,0.1490698880901209,0.24009570051368656,0.36154427423232804,0.10079449346465053,0.1668500990534889,0.19118745332337572,0.19118745332337572,0.18181818181818188,0.19999999999999996,0.27450512759360834,-0.1375123885034688,-0.16666666666666663,0.5729016292018974,0.16870534628060785,-0.10215053763440873,0.03944562899786774,0.021344717182497197,0.08333333333333348,-0.17681845062093438,-0.1893210462122239,-0.041501976284585185,0.00789889415481837,0.013513513513513598,-0.15604703851548163
2000-12-31,0.1484828786512613,0.13803823430768047,0.2320263292288487,0.348234106962664,0.09951440164970404,0.10634112162125753,0.13270637408568442,0.13270637408568442,0.0769230769230771,0.08333333333333348,0.21884356287425155,0.2344153978741741,-0.07727272727272727,0.19837419693195235,0.17298811416458482,-0.07784431137724546,0.050598290598290685,0.02455590386624884,0.15384615384615374,-0.1487068965517242,-0.18706118355065193,-0.04266455194290231,0.010971786833855912,0.01333333333333342,-0.1559072431160996
2001-03-31,0.020586087274055087,0.006234201965473751,-0.10300755342667645,-0.23149464860414637,0.10176054207756069,0.057267434779431525,0.026752767527675303,0.026752767527675303,0.0714285714285714,0.0769230769230771,-0.8880786059722116,-0.27670467768210383,0.8620689655172413,-1.1105032822757113,-0.016296630953917646,0.10389610389610393,0.015294500488122198,0.009688934217236156,0.06666666666666665,-0.04388185654008436,-0.03557474809788208,0.07952286282306154,0.0,0.006578947368421018,0.3093442374678177
2001-06-30,0.10275951518404214,0.12332578599348909,0.03540345562373237,-0.016799766264121496,0.1387760144967327,0.046239977882222894,0.05067385444743944,0.05067385444743944,0.03333333333333344,0.03571428571428559,3.4478737997256514,-0.2992277992277992,2.1468253968253967,-7.626732673267327,0.10978250172227133,-0.07647058823529407,-0.017307692307692357,-0.007575757575757569,0.125,-0.1341571050308914,-0.18017057569296369,0.03268876611418059,0.003875968992248069,-0.006535947712418277,0.14252336448598135
2001-09-30,0.12402358800483437,0.11575295073254388,0.14249938011405905,0.17379030261007378,0.11504104734006004,0.002003919755125372,0.044638276038994285,0.044638276038994285,0.032258064516129004,0.034482758620689724,1.4320740169622206,1.4816345270890725,-0.28919714165615806,0.8090542357687136,0.17895623642087521,-0.14649681528662417,-0.04827136333985638,-0.03358778625954195,0.11111111111111116,-0.24159021406727832,-0.21820546163849164,-0.008024966562639402,0.010038610038610063,-0.046052631578947456,-0.04944420822450346
2001-12-31,0.046257207392493394,0.05456392004601662,0.0024741194088155893,-0.08447257383966245,0.0680678083376578,-0.04485517120126592,-0.24034053700065483,-0.24034053700065483,-0.25,-0.2666666666666666,-0.4696931270606137,-0.21147086031452356,-0.3157894736842105,-0.5697059795176742,0.06531523060914912,-0.022388059701492602,-0.12474297464016448,-0.10005265929436558,0.04999999999999982,-0.11962365591397861,-0.07451763140385892,0.020823970037453288,-0.04740061162079512,-0.055172413793103336,0.15185208852535848
2002-03-31,0.0644075512301443,0.0829846166957855,0.02548115433742515,0.030694073186468884,0.08260790347396552,0.06955661397574842,0.5321120689655172,0.5321120689655172,0.5416666666666667,0.5909090909090908,-0.100310856049737,-0.5438761145002347,-0.4174589455488332,0.19174664107485606,0.07306682984807655,0.19083969465648853,-0.02623335943617855,-0.011117612638970042,0.09523809523809534,0.13435114503816803,0.2347232207045291,0.01717053125917234,0.05216693418940599,-0.058394160583941646,0.050743398180338684
2002-06-30,0.17153206627743467,0.17999244522790225,0.21810082756291171,0.43570023251654444,0.15090740792684643,0.16939161862146124,0.21634547756365174,0.21634547756365174,0.18918918918918926,0.17142857142857149,0.7077740863787376,1.9017489711934155,6.870919881305638,1.0384925108713157,0.1388042023994911,0.23076923076923062,0.011660635303578637,0.014201183431952646,0.13043478260869557,0.1238223418573352,0.1563318777292575,-0.017602077622276835,0.06483600305110615,-0.04651162790697683,-0.17810630059838095
2002-09-30,0.1105358644187795,0.1291948994291201,0.007885751919443962,0.017877164569577664,0.15865240103011535,0.12647632363221595,0.11795998612235459,0.11795998612235459,0.11363636363636354,0.09756097560975618,0.18356548128550298,-0.5110795958163445,0.31592836946277103,0.5200284427589477,0.18527007116512428,0.21354166666666674,0.013910969793322847,0.030338389731622062,0.15384615384615374,0.07305389221556902,0.09994964753272906,0.043325011014833326,0.04799426934097428,-0.016260162601625994,0.10935760171306219
2002-12-31,0.15289177989401126,0.03849606652649484,0.13478006671940013,0.26941435652652834,0.16027681563854101,0.09436088383714658,-0.05461880624806037,-0.05461880624806037,-0.08163265306122447,-0.06666666666666676,0.38698224852070995,8.108411892675852,0.014611087236785503,-0.837361609231249,0.025422076339350896,0.10729613733905574,0.007056056448451642,0.020385050962627327,0.13333333333333353,-0.04017857142857151,-0.008926527809567375,0.0063344594594594295,0.031442241968557605,-0.016528925619834767,-0.1819059200494142
2003-03-31,0.044147697571639055,0.03814961839007247,-0.05955267305127898,-0.0954997951165425,0.08550226309969111,0.11199653788184039,0.11368858737279797,0.11368858737279797,-0.6222222222222222,-0.6428571428571428,-0.681124383769435,-0.7590064089805342,-1.032048566991388,-0.8606583573026526,0.0034545324892441,0.03875968992248069,-0.04087193460490468,-0.022752497225305146,0.0588235294117645,-0.08372093023255811,-0.08868360277136256,0.039585956077773155,-0.02982107355864816,0.008403361344537785,0.14774791779723007
2003-06-30,0.12296642007182701,0.11677860437597931,0.09592020882343455,0.10835443037974679,0.13231086121471924,0.1735197809866338,0.32658675574769114,0.32658675574769114,0.2941176470588234,0.3333333333333335,1.4187602200089193,0.8932936901222333,-28.061674008810574,24.440366972477065,0.08758201931352505,-0.003731343283582156,-0.0020292207792207417,0.021010789324247492,0.11111111111111116,-0.058375634517766506,-0.06132792701469847,0.008342303552206554,0.0,0.025000000000000133,0.0076061260150068755
2003-09-30,0.15688694678201398,0.191362657523092,0.13245607586561792,0.19184438941117077,0.16505651509117647,0.12196098163438007,0.18204710413272118,0.18204710413272118,0.13636363636363646,0.1499999999999999,0.16538627005101092,-0.4274995637759553,0.5168484453849911,0.9843130183916335,0.1597949745533218,0.5430711610486891,0.010166734444896353,0.02502780867630694,0.1499999999999999,0.3881401617250675,0.39038876889848817,0.00707232452628781,0.018442622950819665,0.008130081300812941,-0.00040803835560554447
2003-12-31,0.14839821269900932,0.14669164573640225,0.12327326547569584,0.26358684688319545,0.1565647827352945,0.10240441948405388,0.11058897243107779,0.11058897243107779,0.1200000000000001,0.13043478260869557,0.9988397848328237,1.093264248704663,-0.2978106889890535,0.5661971830985915,0.21578851823798595,0.29854368932038833,0.03301127214170685,0.048290830168204124,0.15217391304347827,0.12912621359223309,0.15417475728155328,0.007155160991122234,0.04493628437290398,0.0,-0.09249923461577714
2004-03-31,0.07976116853259518,0.10249302505951596,-0.015973370011211463,0.003240947697809471,0.10998285109643513,0.1071210636291351,0.11638928067700993,0.11638928067700993,0.10714285714285698,0.0769230769230771,-0.9272070075457759,1.989225393127548,-0.30567018187375816,-1.9351357623578558,-0.16597587284588178,0.15140186915887854,0.02494154325798914,0.038302277432712195,0.1132075471698113,-0.0008598452278590907,-0.01295423956931352,0.02789106696487309,0.03979460847240057,0.0,0.09893619413894683
2004-06-30,0.13697958135353794,0.1731495142342554,0.0939309583377379,0.15573131335635515,0.14902716188985998,0.1584630545163015,0.20279967657165954,0.20279967657165954,-0.4193548387096775,-0.3928571428571429,10.165277274374773,-0.911690209449586,0.8384327536869909,-2.087045539148778,0.21632867240793896,-0.0535714285714286,0.009125475285171047,0.022931206380857327,0.13559322033898313,-0.14974182444061945,-0.18050110789159712,0.01062332010751299,0.02654320987654324,-0.008064516129032251,0.015062830011051798
2004-09-30,0.1449321523528122,0.14380422259546655,0.2104387227006248,0.3257693631669536,0.12747855093277338,0.12045934587187057,0.09457585815722025,0.09457585815722025,0.11111111111111116,0.0588235294117645,0.3625060866742411,-1.2984004412575842,0.2935823754789273,0.5222590034815364,0.2707395433113229,0.1440823327615781,-0.0037678975131876236,0.0019493177387914784,0.10447761194029836,0.00809716599190291,-0.0002079866888519133,-0.015197568389057725,0.006614552014431618,0.0,-0.13726359933868315
2004-12-31,0.13002671443960834,0.10192376773041034,0.05750756211579566,0.19500643928378536,0.150770472128269,0.11163939805313028,0.17465069860279447,0.17465069860279447,0.1499999999999999,0.16666666666666674,0.23408462784713624,-23.911275415896487,0.2096445760829322,-0.19247136456517255,0.1720493669369334,0.36731634182908546,0.010211800302571739,0.020428015564202262,0.1351351351351351,0.23694779116465847,0.2240482629498648,0.01838991769547338,0.020908004778972478,0.0,-0.07789203084832907
2005-03-31,0.05604937624946538,0.06251583160241148,-0.17996745403301573,-0.16101164609768814,0.11808947167656303,0.051510293377165395,0.04496438141297965,0.04496438141297965,0.04347826086956519,0.04761904761904767,-1.0076066181439078,0.39273900766438086,-0.14438748182722472,-1.5643049493917727,-0.40367904145907596,0.15679824561403533,-0.011980531636091252,0.0076263107721641354,0.11904761904761907,0.01948051948051943,0.024643099932018853,0.0587195352948604,0.01404330017554134,-0.008130081300813052,0.26644194946397337
2005-06-30,0.12955507756507023,0.1025728731972162,0.207229876944794,0.2225744297346013,0.11458016983312502,0.16528971108701507,0.12677465757708428,0.12677465757708428,0.12500000000000022,0.13636363636363646,-79.81979695431473,0.03640734518913291,0.057860847791092906,-1.2112473259832155,0.029344869362470494,0.06729857819905205,-0.015915119363395402,-0.0037842951750236553,0.09574468085106402,-0.04617834394904463,-0.042295571404876386,-0.01323950381679384,-0.0028851702250433098,0.0,-0.09815889533720235
2005-09-30,0.12957693703820805,0.11281582678083257,0.10226232841891214,0.10226232841891214,0.13528064997841427,0.11253548469375696,0.12630439609236244,0.12630439609236244,0.11111111111111094,0.1200000000000001,1.0254065367895668,0.0777184696643658,-0.02984191394031621,5.77429406037001,0.19312358777057903,0.043516873889875685,-0.010781671159029504,0.004273504273504258,0.12621359223300965,-0.047579298831385675,-0.05351576030481475,0.004955880575365557,0.004629629629629539,0.0,0.009586153334072867
2005-12-31,0.12718986803777454,0.12091204000946165,0.1972418882457394,0.1972418882457394,0.11298735909308388,0.09071224780925213,0.4211122883966192,0.4211122883966192,0.3666666666666667,0.357142857142857,0.05248096154151893,1.4808889119385955,0.12966190310212622,-1.5166158799517047,-0.08362143977218262,0.013617021276595809,0.06617360840794073,0.07328605200945626,0.09482758620689657,-0.09991235758106931,-0.09185727355901185,-0.012509020928554326,0.08122119815668194,-0.008196721311475419,-0.06376244587555224
2006-03-31,0.07407117886912529,0.06890023408895973,-0.09356139404679353,-0.10834168014998591,0.11063019414824726,0.11123696973943376,-0.18221698194995928,-0.18221698194995928,-0.1707317073170731,-0.1578947368421053,-1.0593202416918428,-0.46997585525696906,0.7484572662758409,0.7570530298814757,-0.16033472463414877,0.14777497900923597,-0.023731288791529526,-0.018942731277532987,0.11023622047244097,0.04771178188899716,-0.02498488817247635,0.03398294762484788,-0.022908897176345255,0.0,0.19877453281998325
2006-06-30,0.11959303327421766,0.14448206471846614,0.2174378081260271,0.21923470196005002,0.10217726511093095,0.17989764571124311,0.16764905436349764,0.16764905436349764,0.1470588235294117,0.15625,-14.139546727782022,-0.36279555897375215,-0.3484801694092734,-2.195306561945782,0.22824469950774673,0.1506949524506218,-0.007853403141361404,-0.005837449483610202,0.09929078014184411,0.0371747211895912,0.05703657780533167,-0.015549534691954303,-0.01908396946564883,0.016528925619834656,-0.06131641305837898
2006-09-30,0.13043727642424097,0.13507682450498404,0.2564742571549923,0.25963264824001886,0.1056574463533797,0.12078875179612636,0.10815129560022507,0.10815129560022507,0.10256410256410242,0.08108108108108114,0.6811566115622396,2.503806635305769,0.41928494041170095,-1.1432053625837904,-0.02661185101302277,0.08200890019071827,-0.004900113079532531,-0.01038843721770566,0.09677419354838701,-0.016129032258064502,-0.014076246334310816,-0.021897810218978075,-0.022790439132851503,0.016260162601626105,-0.09886923141116577
2006-12-31,0.12132561868293945,0.1293658280296608,0.16914713318577101,0.16983228698290054,0.11064105827068826,0.12425236145178298,0.13938092975240468,0.13938092975240468,0.13953488372093026,0.1499999999999999,0.3655730523597629,-0.32780991918032065,0.16889312977099236,-13.624791859389454,0.3451542741527567,0.13748531139835496,-0.048484848484848575,-0.05340027384755819,0.10588235294117654,0.0373406193078325,0.0446162998215347,-0.00954245167604606,-0.07053469852104677,0.016000000000000014,-0.034588938022364735
2007-03-31,0.08952541552254512,0.0934283360774939,-0.020282634009553102,-0.040757024965631716,0.11535176092385746,0.08444266427915093,0.08503875857506515,0.08503875857506515,0.08163265306122458,0.08695652173913038,-0.8946208782859748,-0.39101469080970275,0.6571428571428573,-0.8959362222840981,0.026701812835370875,0.11053719008264462,0.011146496815286788,0.007232401157184265,0.1063829787234043,0.004389815627743543,0.05315110098709175,0.02371541501976293,-0.000611995104039087,0.007874015748031482,0.13988345044245643
2007-06-30,0.09667402695387928,0.08085229075776668,0.07984282081653937,0.08266690064930171,0.10015125333137331,0.12219784039802728,0.0905415794077884,0.0905415794077884,0.07547169811320731,0.08000000000000007,3.168709444844989,0.7811845938073148,-0.36480295566502463,-1.5707646810308407,-0.014844087636153191,-0.03767441860465115,-0.0031496062992126816,-0.00335088559119201,0.09615384615384603,-0.13024475524475532,-0.13770728190338855,0.003137065637065728,-0.007348438456827977,0.0,-0.0016830766641420247
2007-09-30,0.09761644178005668,0.10086778304610555,0.10630412075878559,0.10510614814042962,0.09585475117347375,0.08193969572944781,0.16866195899218495,0.16866195899218495,-0.42105263157894735,-0.40740740740740744,1.4963103885622044,0.4816896631091836,-0.3045096746674939,-7.785837651122625,0.10224733721211221,-0.061865635572740496,0.01540284360189581,0.019692603266090236,0.09210526315789491,-0.1447236180904522,-0.14590301003344486,-0.0015636276160694296,0.017890191239975373,0.0078125,-0.003835454775351743
2007-12-31,0.05709733049724175,-0.08231050078531676,0.2524145025820119,0.18973019409542036,0.017113183379089847,0.07357959476555775,0.0010607983027226542,0.0010607983027226542,0.030303030303030276,-0.03125,0.15390714610132172,-0.786341487343842,-5.477977252453167,0.5764462058684507,0.14623526078627136,-0.06439979392065942,0.00388953714507978,-0.0014130946773434072,0.02409638554216853,-0.1433607520564042,-0.16935878609887423,-0.037826767859294064,-0.0060606060606061,0.0,-0.22866511529511324
2008-03-31,0.056220781523859564,-0.10123983741473652,-0.07961447840560287,-0.08225804557889427,0.09046117381028607,0.07192194094233573,0.05835480385638303,0.05835480385638303,0.02941176470588225,0.09677419354838723,-0.8514903666542136,-3.5315118815291013,-1.210117409763811,1.5346310860991306,0.32336506348482397,-0.210352422907489,0.0011623401782254739,0.0,0.0862745098039217,-0.22908093278463648,-0.2651738361814967,0.03242769500438225,-0.00975609756097573,0.015503875968992276,-0.02067963028989883
2008-06-30,0.08658789889254392,0.13632760401318134,0.04337831847365625,0.050492547815518485,0.09578108038220501,0.06580719197146356,0.019465412817920358,0.019465412817920358,0.028571428571428692,0.02941176470588225,2.3585643052872736,-1.611675433823085,1.2856719601801374,-0.3497916173767449,0.1588788163801671,0.10599721059972111,-0.016640866873065097,-0.015094339622641395,0.08664259927797824,0.019572953736654908,0.025661587810745567,0.008367693427116185,-0.014162561576354649,-0.007633587786259555,0.0817206710168874
2008-09-30,0.04855812048738706,0.04145291734325496,0.038806213721170435,0.05313185993478409,0.0505336946397974,0.07192450837215336,0.08638884609459252,0.08638884609459252,0.08333333333333348,0.08571428571428585,0.8694041329499098,0.46154796619384175,-1.4721437274777696,-0.32727349063733313,0.09222879048644161,-0.1614123581336695,-0.02046438410074769,-0.019157088122605415,0.049833887043189584,-0.22862129144851662,-0.21227521501172797,0.0019242333132891698,-0.026858213616489657,0.007692307692307665,-0.011106796116504891
2008-12-31,0.0733794165881636,0.11119445234966796,0.10775489641087876,0.12049505923711612,0.06649325648158544,0.02493310431371687,-0.0047860460169460994,-0.0047860460169460994,0.0,-0.02631578947368418,0.3802570009873647,-0.6355781749319447,-1.373215462332528,2.44929164326281,0.291261317284484,-0.3030075187969925,-0.03334672559260743,-0.02587890625,0.06645569620253156,-0.33710407239818996,-0.3334987593052109,-0.006361781298763636,-0.01797175866495504,-0.007633587786259555,-0.00829929835584875
2009-03-31,0.022945303550973684,0.03919096476511785,-0.12872938173318138,-0.12141329335848106,0.05450457829707078,-0.009538606590575593,0.007516386434881728,0.007516386434881728,0.0,0.027027027027026973,-0.6107571806980349,1.0203683941910637,-1.3382374577019274,-0.8582543243830064,0.031972639191582886,0.06364617044228704,-0.03740648379052369,-0.02857142857142858,0.053412462908011715,0.0,0.0193596425912137,0.030804542159941883,-0.009803921568627416,-0.015384615384615441,0.18281897621373333
2009-06-30,0.10055062792167302,0.15601026705889143,0.1382298629937082,0.14489016797838605,0.09407293153748886,0.04120065105877502,0.24858572287239689,0.24858572287239689,0.23076923076923062,0.23684210526315774,1.014356106006126,0.765736594327707,-6.407568508046977,3.3319291975151053,0.13421209436728154,0.22312373225152138,0.016407599309153698,0.021671826625387025,0.09014084507042264,0.16040955631399312,0.1906501095690285,-0.005859603890776888,0.05148514851485153,-0.03125,0.009708954557628768
2009-09-30,0.11341655422706198,0.14353673071100448,0.3320446756576838,0.3039978658896316,0.0743137200428452,0.09901724457630268,-0.03315280875013271,-0.03315280875013271,-0.02083333333333337,-0.04255319148936165,0.3781419825728225,0.29075680526473224,0.7265122265122266,0.30193794261803975,0.15405920892817915,0.33582089552238803,-0.02166525063721325,-0.027272727272727337,0.06718346253229979,0.22352941176470598,0.23558282208588954,-0.03512908169279738,0.009416195856873921,-0.032258064516129115,-0.1230575388492231
2009-12-31,0.12153878303312426,0.14415819708789956,0.2680152666103979,0.2719139845861511,0.08905565922261482,0.05768446656543502,0.054418182350701505,0.054418182350701505,0.02127659574468077,0.06666666666666665,0.1394401669425056,0.7641694795707592,1.1128866939992546,-0.18517680254094715,0.1087734634806623,0.2923649906890131,-0.014763352149370412,-0.02699896157840076,0.07990314769975781,0.21153846153846145,0.23783515392254206,-0.028955406230910308,0.014925373134328401,-0.04166666666666674,-0.10044867916918732
2010-03-31,0.051376473830521574,0.07005860715697221,-0.0900428135806488,-0.10587713112117392,0.08789161069917317,0.06314132494979074,0.052054109608066446,0.052054109608066446,0.0625,0.02083333333333326,-0.9901988026372294,-0.6736385184339035,-0.03991091706908334,-1.1850672197326024,-0.018155559390696907,0.1378482228626321,-0.013221683561040143,-0.020811099252935006,0.08071748878923768,0.05357142857142838,0.06778981147212204,0.03472571716155026,0.006127450980392135,-0.02608695652173898,0.19676632947571937
2010-06-30,0.072485851544285,0.13594950334780065,0.1602382503071973,0.11666756032635295,0.053533695795651814,0.15153794856833236,0.13646864686468652,0.13646864686468652,0.11764705882352922,0.14285714285714302,57.115979381443296,2.5148842337375963,-0.31319905376541646,1.0640384230538324,-0.038166710147260474,0.062473617560151906,-0.020098258150960113,-0.030517711171662132,0.04771784232365128,-0.016949152542372836,0.00037565740045075735,-0.017631322957198492,-0.03714981729598066,0.0,0.01727973026762486
2010-09-30,0.12808322932589888,0.1532148464628631,0.21545017261951682,0.24561879064061531,0.10730323093229055,0.10112527303887053,0.18309278350515457,0.18309278350515457,0.19298245614035103,0.1785714285714286,0.7350215087143555,-0.827726992093366,1.0407303370786516,-7.723652317238705,0.2668026692674519,0.1398490266189909,0.024612579762989917,0.01573917931422142,0.0990099009900991,0.08812260536398475,0.08824633871573417,-0.018442876593637858,0.01454775458570512,0.008928571428571175,-0.07418233710037503
2010-12-31,0.07931532525300389,0.08766060321268254,0.13598985320130352,0.15737612367549603,0.06451889769017671,0.07698906988420706,0.012111006926887269,0.012111006926887269,0.0,0.0,0.6711993797340012,3.459682080924855,-1.237079277684921,-0.19286494514962638,0.1699915798392957,0.1857790170791218,0.013345195729537407,0.00830105146651916,0.0612612612612613,0.079225352112676,0.07211870255348507,-0.013745271122320157,-0.004364089775560909,0.008849557522123908,-0.060237669053301524
2011-03-31,0.011956821993273525,0.00499284584254478,-0.1251287997813032,-0.13861544643643775,0.05014966113171093,0.04627720696290716,0.010481844727064704,0.010481844727064704,0.014705882352941124,0.015151515151515138,-0.8836867247523541,0.6373869932925051,2.389825822504838,-2.105309702892466,-0.1605937562663493,0.11963550852439742,0.008779631255487308,0.007135016465422694,0.05093378607809851,0.055464926590538255,0.03443836498229813,0.03771896176959455,-0.011271133375078235,0.01754385964912286,0.1667151662654427
2011-06-30,0.06012001622295382,0.06281379037275858,0.10435008538556279,0.10681877429953124,0.049854032302841356,0.08312762123400996,-0.0013536411506910317,-0.0013536411506910317,-0.014492753623188248,0.0,3.7143921628788705,-0.0352691593741713,0.6467457793002203,-0.5940558451529478,-0.07766453626945213,-0.02940404305592026,-0.019582245430809442,-0.020163487738419694,0.051696284329563635,-0.07727975270479137,-0.09769757311761051,-0.00961064563824543,-0.0278657378087398,0.008620689655172376,-0.03974786295716848
2011-09-30,0.038117624375038295,0.014449571129810046,0.20701599103697665,0.17285042784647797,-0.003119299345698656,0.07790784262766604,0.09168208800980548,0.09168208800980548,0.10294117647058809,0.08955223880596996,0.5310278783709028,-0.25887604309404055,0.8191993858573852,-0.8823301048188813,-0.00990830148192856,-0.11252366783878809,-0.010208610741233914,-0.017797552836484876,0.001536098310291889,-0.15577889447236182,-0.1493103448275861,-0.039810898233391345,-0.04039087947882747,0.025641025641025772,-0.1350649350649351
2011-12-31,0.07911616411464073,0.07169330441212773,0.3352707770010639,0.1623619959067193,0.00339228972448935,0.03919725363751869,0.05727394009307907,0.05727394009307907,0.053333333333333455,0.06849315068493156,-0.13444301399144964,-0.041041595164022504,-1.1448095614058968,-11.970899247102613,0.10979081779077382,0.04693690947881746,0.015246636771300448,-0.007361268403170973,-0.0015337423312883347,0.04563492063492047,0.019862180786380135,-0.07009587976159626,-0.019687712152070547,0.008333333333333304,-0.07799617799617808
2012-03-31,0.02908386866724766,0.02722698241050181,-0.16344907903105177,-0.15579004798690588,0.10482543640266884,0.02863605190096563,0.014675567512191456,0.014675567512191456,0.012658227848101333,0.012820512820512775,-0.643019511271074,-0.4487912164034359,-0.6654916337657455,-0.8640650180819974,0.013447951264240254,0.0401746724890828,0.0013250883392226243,-0.01083856246434689,0.10138248847926268,0.041745730550284854,-0.003577106518283024,0.07356834331893536,-0.015235457063711988,0.008264462809917328,0.2167707932372014
2012-06-30,-0.0024533686183703107,-0.010577252544950344,0.2006417214246401,0.12714872533035648,-0.06294946773128807,0.049008705997432456,0.03398713733988368,0.03398713733988368,0.03749999999999987,0.03797468354430378,2.1848510755382606,1.5900489071810822,-49.970071659407054,-16.785920925747348,-0.20947133496671144,-0.06884970612930297,0.03881782090868979,0.012687427912341454,-0.04463040446304045,-0.15482695810564673,-0.10650179497407264,-0.06060999351070728,0.0,0.008196721311475308,-0.12218328709787318
2012-09-30,0.0800853309714391,0.09372495395380742,-0.017425727613923137,0.10815180328296092,0.117301549018616,0.05373603235258084,0.09911007732245203,0.09911007732245203,0.12048192771084354,0.10975609756097571,0.1874730021598272,-0.6501196849374888,-0.9264059451394469,-1.986359552984297,0.2613618727058924,-0.05801021941689222,0.01273885350318471,0.005694760820045497,0.11240875912408765,-0.012931034482758563,-0.10312499999999991,0.034401768444321634,0.008438818565400963,0.0,-0.01302913536439998
2012-12-31,0.06787773911383232,0.06005970233386049,0.08635021623555317,0.07976086322543008,0.061677642010598444,0.02988177754471133,0.0067822073593089005,0.0067822073593089005,0.0,0.01098901098901095,-0.05976199137348648,0.6261455432157261,-1.9382042184880501,-0.10621725793642123,0.185197235078004,0.10944479897894066,-0.014255765199161385,-0.005662514156285381,0.055118110236220375,-0.004366812227074357,0.04878048780487809,-0.005743288366502064,-0.0020920502092049986,0.0,-0.018228800943740575
2013-03-31,0.02878616210725915,0.004641594385386583,-0.10425938766353882,-0.10998598738138277,0.07447929015901722,0.03722535757090473,0.019477794238446977,0.019477794238446977,0.010752688172043001,0.010869565217391353,-0.7969712043331675,0.3209534368070954,-0.29637632978723405,-1.38810538929966,-0.06064479640170517,0.11532930687374177,-0.008507018290089374,-0.00512528473804108,0.07587064676616939,0.05701754385964919,0.07024205030849551,0.04433100483610963,-0.0034940600978337066,0.0,0.12879784860101862
2013-06-30,0.04516386354348034,0.061472633894604556,0.1307139298551998,0.10723559215984424,0.020670123509998417,0.06953004298429577,0.0570038246501694,0.0570038246501694,0.06382978723404253,0.06451612903225801,3.975730930473131,-0.7853384550824752,-7.278821167021025,-3.135595534410872,0.13787410330472039,-0.10520887055183081,-0.020163020163020184,-0.009158557527189415,0.020809248554913173,-0.1680497925311204,-0.1401330376940133,-0.02341137123745818,-0.003506311360448766,-0.008130081300813052,-0.04133718572587186
2013-09-30,0.08625233874095883,0.11789026056099772,0.16599884399362308,0.18031499369703163,0.06095855776794834,0.06685189983527984,0.06396924203588439,0.06396924203588439,0.06000000000000005,0.06060606060606055,0.30999543162899346,2.824611528822055,-1.2664961011353268,0.7355430426123091,0.21029254471295222,0.061383285302593515,-0.015323992994746072,-0.018486424032351345,0.05775764439411102,0.03990024937655856,0.012893243940175436,-0.023314014752370826,-0.013370865587614467,-0.008196721311475419,-0.05290152015862537
2013-12-31,0.07768851574256974,0.07120794604827663,0.052949072896017135,0.10765662237724705,0.08631217737943397,0.021583251760944444,0.014720283330256878,0.014720283330256878,0.009433962264151052,0.00952380952380949,0.05637135136715399,1.3091899188739333,0.06529719045602156,-0.48461381526377534,0.08955014452624388,0.2378495791474342,-0.02134281903068025,-0.02118893466745142,0.0813704496788008,0.170263788968825,0.19348268839103877,0.008091706001348564,-0.00927246790299574,-0.008264462809917328,-0.03288298347476548
2014-03-31,0.008574215785425388,0.023236945666816666,-0.20104016983073358,-0.15308017771686577,0.07939742406480277,0.028384776318113314,0.07568170886622361,0.07568170886622361,-0.4672897196261683,-0.46226415094339635,-0.68901285500511,0.23061860965359116,-1.2177788085613943,-2.523006042213022,-0.12517589197679535,0.11230533011625354,-0.009541117673784627,-0.000601322910402935,0.0772277227722773,0.0286885245901638,0.07380546075085315,0.07010033444816055,0.00719942404607643,-0.008333333333333304,0.20816255844830578
2014-06-30,0.049278930498826146,0.07152576644401143,0.024223861980194883,0.043114955025930435,0.055544977870156886,0.039113290080533325,0.06601161437522562,0.06601161437522562,0.07017543859649122,0.07017543859649122,1.5954296974319857,-0.40613023285845395,13.211927582534612,-1.2037831886359944,0.02915870993201941,-0.022677972786432576,-0.014220183486238547,0.0018050541516245744,0.05698529411764697,-0.0916334661354582,-0.0711164084227256,0.006000750093761553,0.01644031451036443,-0.01680672268907568,0.0272349371685221
2014-09-30,0.0621308545560908,0.07704493160195769,0.08775188406480527,0.11086701087351747,0.055913397395358944,0.025392377082460893,-0.043785022102240334,-0.043785022102240334,-0.049180327868852514,-0.049180327868852514,0.4282694893378365,-1.2506542825413343,-0.9100786811539903,10.074684239428885,0.31377425290171557,-0.06275221953188048,-0.039087947882736285,-0.021621621621621734,0.05391304347826087,-0.11403508771929816,-0.11120615911035059,-0.005840685969926596,-0.002812939521800173,-0.017094017094017144,-0.030443276431462052
2014-12-31,0.2700619255811423,-0.07021035461856473,1.1560867333971698,0.48845683861394784,0.048567066438535145,0.06246433081016001,0.02033889726227711,0.02033889726227711,0.051724137931034475,0.01724137931034475,-0.44409025671275304,-40.256072623621264,-192.88071428571428,-1.9716768211242575,-0.2320696785895885,0.05296017222820226,-0.030024213075060424,-0.06752608962553708,0.04785478547854782,0.0,0.02791145332050049,-0.17437500000000006,-0.01128349788434424,-0.060869565217391175,-0.3753268248218954
2015-03-31,-0.02863029310902132,-0.05093064794037949,-0.19448523109821358,-0.2731359279408848,0.0566239865595517,0.061690667814151334,0.05523663591993544,0.05523663591993544,0.032786885245901676,0.05084745762711873,-0.41609396784661135,-0.8563568789664641,-1.3457629305905578,0.21602712891171572,-0.3675095726734685,0.1797178491106115,-0.02895656515227163,-0.05398288347597113,0.0551181102362206,0.12376237623762387,0.14934456928838968,0.08781226343679038,-0.022824536376604754,-0.02777777777777779,0.30569848705936575
2015-06-30,0.036386316917616846,0.056957777257472975,0.016193953009454365,0.038426835093678724,0.04429907684783263,0.05966201827299589,0.09715330373465658,0.09715330373465658,0.09523809523809512,0.09677419354838723,1.4094030639197044,0.3447802197802199,-0.732460075363359,-0.7534858535264655,-0.14322793770646536,0.07729636048526856,-0.017480719794344513,-0.0403618649965205,0.045522388059701546,0.022026431718061623,0.05498981670061087,0.007515657620041694,-0.018978102189781132,-0.01904761904761909,0.01785136605593629
2015-09-30,0.03983861124296473,0.06889269574977108,0.05643576516826343,0.08786097623306932,0.03350974147620822,0.033029723509772735,-0.054510830754582296,-0.054510830754582296,-0.05797101449275355,-0.044117647058823595,0.7932470949353212,-0.6386108273748723,0.6666666666666667,-3.127402526084569,0.3556412374919673,0.020270270270270396,-0.017268445839874413,-0.038433647570703444,0.036402569593147804,-0.023706896551723977,-0.008494208494208455,-0.006078187594971585,-0.024553571428571397,-0.01941747572815533,-0.01745160358277964
2015-12-31,0.06503309530796564,0.09266499951643437,0.10076730802766964,0.27499530163503105,0.05110456553755527,0.014276749294006796,0.06596173212487422,0.06596173212487422,0.07692307692307687,0.07692307692307687,-0.15637608509597756,0.92312040700961,-2.2346076458752515,0.6739803820340733,0.4391548723505112,0.008672343109429104,-0.006922257720979763,0.009803921568627416,0.04889807162534443,-0.026490066225165587,-0.01908099688473519,-0.013064628214037644,-0.0022883295194507935,0.00990099009900991,-0.14300417573369406
2016-03-31,-0.025219281460957976,-0.0427003515160711,-0.17524357721859896,-0.24442642886096477,0.03602030588159222,-0.009435421500386676,0.042040623523854403,0.042040623523854403,0.04285714285714293,0.028571428571428692,-0.9002898550724637,-0.32863021751910637,-2.5247718383311604,-1.9273708558211258,-0.2829851308112178,-0.10379865561982182,-0.00536193029490617,0.007468259895444307,0.04202232435981612,-0.14739229024943323,-0.14132592298531177,0.06280805520349264,0.012232415902140525,0.0,0.26699378924613115
2016-06-30,0.031737058236952276,0.02483192222853292,0.049174029965424415,0.03394459617635581,0.026070763500931182,0.05243597751405371,-0.42792384406165007,-0.42792384406165007,-0.4246575342465754,-0.4305555555555556,4.226744186046512,-0.8603327495621717,-0.6936725096194956,-1.267209843698038,0.10546003412521321,0.03261817547531831,-0.13099730458221015,-0.12305411415863599,0.02394454946439839,-0.007978723404255317,-0.004623208506703502,-0.005432622234000206,-0.11933534743202412,-0.009803921568627416,-0.008801863286751255
2016-09-30,0.04388094458946279,0.056825065408756315,0.04491639204198705,0.08523584905660386,0.0435368907724909,0.024718834386777022,0.7606973058637083,0.7606973058637083,0.7380952380952381,0.7804878048780488,0.6518353726362625,18.197492163009404,-0.1730635031402652,-1.835096453018046,-0.07966755713861684,-0.10557432432432434,-0.007444168734491385,0.002535925612848544,0.0436923076923077,-0.126005361930295,-0.008360427310729168,-0.00039968025579550925,0.010291595197255532,0.0,-0.02620290171862627
2016-12-31,0.039754459891956584,0.048806068440693684,0.032005606821633004,0.05098448298343983,0.04233261758790552,0.002519402293524875,-0.06615661566156616,-0.06615661566156616,-0.06849315068493145,-0.0547945205479452,0.007744107744107831,-0.8525473546701502,-1.0894514767932488,-4.605812220566319,0.3120041282332451,0.010387157695939564,-0.04125000000000001,-0.027824620573355774,0.039504716981132004,-0.033742331288343475,-0.021077283372365474,0.0025323204051712622,-0.022920203735144362,-0.00990099009900991,-0.0020482603815935585
2017-03-31,-0.044383676903660074,-0.08813953488372095,0.03169213355970579,0.06906534325889169,-0.06944444444444442,0.02429301828475694,0.3421686746987951,0.3421686746987951,0.3529411764705881,0.3333333333333335,-0.5372535917139993,-2.007751937984496,-107.0377358490566,-2.500309981401116,-0.3569321533923304,0.04579439252336459,0.06453715775749669,0.057241977450130044,-0.038570618264322176,0.006349206349206327,0.04976076555023945,-0.026189843126827927,0.04865334491746309,0.010000000000000009,-0.14704641943374475
2017-06-30,0.022672243011226056,0.03277225197653655,-0.05238617663192535,-0.06576402321083175,0.0500851447460684,0.03496897913141561,-0.15619389587073607,-0.15619389587073607,-0.13043478260869568,-0.13043478260869568,0.8808664259927799,-5.274725274725275,-0.7357651245551602,-0.7920110192837466,-0.11544342507645255,0.12314566577301167,0.11390079608083292,0.1140278917145201,0.0471976401179941,0.17034700315457418,0.0414767547857795,0.02675767918088723,0.10604805302402665,0.00990099009900991,0.10544879190427525
2017-09-30,0.04606112785191563,0.05655019138165196,0.0422575976845152,0.07660455486542439,0.047314699990460785,0.026158038147138907,0.05319148936170204,0.05319148936170204,0.04999999999999982,0.04999999999999982,0.4836852207293667,-0.6812339331619537,-0.2222222222222222,-3.781456953642384,0.36300777873811585,0.10646085295989804,0.009895547003848204,0.01178203240058906,0.049014084507042366,0.05660377358490565,-0.031072210065645534,0.0011966493817312518,0.004494382022471877,0.0,-0.018606870229007755
2017-12-31,0.04396433470507555,0.0647423162323244,0.264093307414607,0.091923076923077,-0.028235722743419234,0.016463090812533165,-1.0363636363636364,-1.0363636363636364,-1.0357142857142858,-1.0357142857142858,0.08150064683053038,0.29032258064516125,0.4415584415584415,-0.17142857142857137,0.2206721623335448,0.05134474327628347,-0.22210125204137177,-0.23653566229985445,-0.025778732545649885,0.0025510204081633514,0.015808491418247472,-0.06918990703851269,-0.24235645041014164,0.009803921568627416,-0.024914924647544967
2018-03-31,-0.011562972209447464,-0.013280649764021546,-0.1087434094903339,-0.13032758013384993,0.02989970943856024,0.021943573667711602,-29.88888888888889,-29.88888888888889,-30.666666666666668,-30.333333333333336,-0.5358851674641149,0.41874999999999996,0.4654654654654655,-1.9367816091954024,-0.16935064935064936,0.06456908344733248,-0.047585724282715236,-0.0486177311725452,0.033627342888643774,0.09160305343511443,0.3677189862160961,0.04194606933942069,-0.04822834645669294,0.0,0.13461298766047602
2018-06-30,-0.01588567630442006,-0.0764182424916574,0.024895242790239136,0.027541514783313126,-0.030942846741900287,0.024028629856850614,-0.12307692307692308,-0.12307692307692308,-0.1235955056179775,-0.11363636363636365,0.6494845360824741,1.5726872246696035,0.5040983606557377,1.1411042944785277,-0.43652282676672916,0.010023130300693905,-0.01322556943423947,-0.024048096192384794,-0.021333333333333204,-0.023310023310023187,0.026332899869961013,-0.015199233191839023,-0.031023784901757945,0.009708737864077666,-0.1011754366692299
2018-09-30,0.03160880724030801,0.05106587980248101,0.03318903318903321,0.06148994875837599,0.030991735537190035,0.017973040439341004,0.046052631578947345,0.046052631578947345,0.0512820512820511,0.0512820512820511,0.34687500000000004,-0.5445205479452055,-0.8010899182561309,-1.627507163323782,0.486126526082131,0.0011450381679389832,-0.012658227848101333,-0.023613963039014307,0.03324250681198904,0.02386634844868718,0.009185936015204232,-0.0006952169076751558,-0.03201707577374602,0.009615384615384581,-0.009838670251772208
2018-12-31,0.04183579939766924,-0.005729345708720079,0.04492551210428308,0.03119197920534722,0.04062670796137735,0.012506130456105824,0.35849056603773577,0.35849056603773577,0.36585365853658547,0.36585365853658547,-0.18561484918793503,1.0676691729323307,1.2260273972602738,-1.4063926940639269,-0.13293502613890962,-0.1273351124666412,0.43891402714932126,0.44794952681388,0.04746835443037978,-0.1561771561771561,-0.12021343377275573,-0.001113120912759169,0.4366041896361632,0.00952380952380949,-0.035795840276492075
2019-03-31,0.011500031420850876,-0.09150628097268643,0.10492314546669634,-0.020525747209218625,-0.025210084033613467,-0.004601598449987865,-0.3194444444444444,-0.3194444444444444,-0.3125,-0.3125,-0.6168091168091168,-1.6472727272727272,1.5815384615384613,0.1853932584269662,-0.18173987941429803,-0.01194116790447075,-0.04088050314465408,-0.053740014524328195,-0.015105740181268867,-0.05524861878453047,-0.3275062433107385,-0.03635603844546598,-0.049117421335379885,-0.009433962264150941,-0.07245727453113993
2019-06-30,-0.03597166998011925,-0.08588100976785484,0.0,0.038235294117647145,-0.051993534482758674,0.0075425790754257704,0.1541950113378685,0.1541950113378685,0.16883116883116878,0.16883116883116878,1.1375464684014869,2.558988764044944,0.3551847437425506,-4.3649289099526065,0.7473684210526317,-0.03050847457627104,0.028415300546448252,0.014581734458940954,-0.02300613496932513,-0.01754385964912286,0.0,-0.01647875108412833,0.0177562550443906,0.0,-0.11955696639293367
