Quarter end,Assets,Current Assets,Liabilities,Current Liabilities,Shareholders equity,Revenue,Earnings,Earnings available for common stockholders,EPS basic,EPS diluted,Cash from operating activities,Cash from investing activities,Cash from financing activities,Cash change during period,Cash at end of period,Price,ROE,ROA,Book value of equity per share,P/B ratio,P/E ratio,Equity to assets ratio,Net margin,Asset turnover,Current ratio
1998-06-30,-0.026325125949052675,-0.06569343065693434,-0.27705311489095275,-0.28389339513325607,0.5064301552106429,0.01842684268426842,0.0847457627118644,0.0847457627118644,0.0588235294117645,0.0588235294117645,-0.487881981032666,0.47478991596638664,-0.8441011235955056,-25.0,-0.06666666666666665,0.15822345593337972,0.026977314530962637,0.08323699421965336,0.5067567567567568,-0.23203285420944553,0.11275272161741845,0.5471874999999999,0.021879021879021687,0.06306306306306286,0.3045932768796509
1998-09-30,-0.026325125949052675,-0.06569343065693434,-0.27705311489095275,-0.28389339513325607,0.5064301552106429,0.01842684268426842,0.0847457627118644,0.0847457627118644,0.0588235294117645,0.0588235294117645,-0.487881981032666,0.47478991596638664,-0.8441011235955056,-25.0,-0.06666666666666665,0.15822345593337972,0.026977314530962637,0.08323699421965336,0.5067567567567568,-0.23203285420944553,0.11275272161741845,0.5471874999999999,0.021879021879021687,0.06306306306306286,0.3045932768796509
1998-12-31,0.057353155516688625,0.04311342592592582,0.03839491916859128,0.026625478081788723,0.07668531056814842,0.0,0.0,0.0,0.0,0.0,-0.487881981032666,0.47478991596638664,-0.8441011235955056,-25.0,1.7142857142857144,0.15822345593337972,0.026977314530962637,0.08323699421965336,0.07847533632286985,-0.23203285420944553,0.11275272161741845,0.018380125227226873,0.021879021879021687,0.06306306306306286,0.01593233674272221
1999-03-31,0.06533875525535882,0.16671289875173367,0.069780372532666,0.05774466255910582,0.049350649350649256,0.07966513637591133,0.265625,0.265625,0.16666666666666674,0.16666666666666674,-0.5041152263374485,0.5555555555555556,-5.225225225225225,5.833333333333333,4.315789473684211,0.12342720191731571,0.026977314530962637,0.08323699421965336,0.047817047817047875,0.04278074866310155,0.11275272161741845,-0.015073383577945298,0.021879021879021687,0.06306306306306286,0.10319457889641814
1999-06-30,0.0012292165361971197,-0.030194959581550163,-0.053014553014553045,-0.030885938769981025,0.052892131318394986,0.0660330165082541,0.012345679012345734,0.012345679012345734,0.04761904761904767,0.0,2.79253112033195,-0.11538461538461542,-1.9168443496801706,-0.9939024390243902,0.004950495049504955,0.006933333333333236,0.026977314530962637,0.08323699421965336,0.051587301587301626,-0.038461538461538436,0.11275272161741845,0.05155054369714063,0.021879021879021687,0.06306306306306286,0.0007020007020008823
1999-09-30,0.07456707159472731,0.10713410149546454,0.10510428100987923,0.1038579815487839,0.06112348428606773,0.05631159080244008,0.21036585365853666,0.21036585365853666,0.18181818181818188,0.23809523809523814,-0.137855579868709,1.0766045548654244,-2.013953488372093,220.0,1.0886699507389164,0.11546610169491522,0.026977314530962637,0.08323699421965336,0.060377358490566024,0.058666666666666645,0.11275272161741845,-0.01244733818460353,0.021879021879021687,0.06306306306306286,0.0029814100315677106
1999-12-31,-0.05021046301864096,-0.3403454384410983,-0.19009187981127396,-0.5094339622641509,0.08115671641791056,0.0810750777432252,-0.19143576826196473,-0.19143576826196473,-0.1923076923076924,-0.1923076923076924,2.4098984771573604,-0.26520438683948155,-5.738532110091743,-1.5248868778280542,-0.2735849056603774,0.1633428300094968,0.026977314530962637,0.08323699421965336,0.07473309608540935,0.09823677581863977,0.11275272161741845,0.13825867752569332,0.021879021879021687,0.06306306306306286,0.34464067144605703
2000-03-31,-0.006964229186451454,-0.023162134944612278,-0.07557872144718691,-0.13138874548270518,0.041307161345987886,0.05527018697349506,0.3831775700934579,0.3831775700934579,0.38095238095238093,0.3333333333333335,-0.8876069966505397,-0.34328358208955223,-1.0701839303000968,-0.6810344827586207,-0.12012987012987009,0.40163265306122464,0.026977314530962637,0.08323699421965336,0.043046357615893927,0.3050458715596329,0.11275272161741845,0.04872231686541739,0.021879021879021687,0.06306306306306286,0.1245773732119635
2000-06-30,-0.0016576346828179878,0.03745704467353961,-0.07678275290215586,-0.14026745913818717,0.04526152252718796,0.016160436137071743,0.024774774774774855,0.024774774774774855,0.034482758620689724,0.03571428571428559,1.5397350993377485,0.04338842975206614,-2.4827586206896552,-2.27027027027027,0.17343173431734327,0.20005824111822945,0.02686567164179099,0.08217716115261475,0.041269841269841345,0.14938488576449904,0.11275272161741845,0.046946068875893365,0.032745591939546737,0.05084745762711873,0.20675300647548567
2000-09-30,0.08538220831470711,0.4743292480953958,0.15915214657804921,0.09194607673695132,0.044688862465319,0.04330331481126648,0.10769230769230775,0.10769230769230775,0.10000000000000009,0.10344827586206917,-0.9413298565840938,-0.04158415841584162,-3.302325581395349,0.1914893617021276,0.17610062893081757,0.10555690366415926,0.013372093023255927,0.06015779092702167,0.04268292682926833,0.06269113149847105,0.020498485907290975,-0.03754848719937931,0.017073170731707332,0.040322580645161255,0.35013415101571477
2000-12-31,0.047011061426218026,0.08088070096607503,0.033627770029443615,0.13643558088002528,0.0552025040311106,0.0697887970615243,0.0793650793650793,0.0793650793650793,0.09090909090909083,0.0625,14.11111111111111,0.3078512396694215,-1.2808080808080808,-2.642857142857143,-0.2459893048128342,-0.08911325724319585,0.07860011474469308,0.09581395348837218,0.04678362573099415,-0.12661870503597117,-0.13878110020543266,0.007899403514428638,0.07913669064748197,0.015503875968992276,-0.048899929027679145
2001-03-31,-0.01118291654959258,0.0004157139887757122,-0.12713643178410794,-0.10891364902506961,0.05833707865168547,-0.008068669527896977,-0.016544117647058876,-0.016544117647058876,-0.02777777777777779,0.0,0.02941176470588225,-0.5892575039494471,1.064748201438849,-2.6630434782608696,0.5425531914893618,-0.02915662650602413,-0.0037234042553191404,0.01697792869269943,-0.037709497206704023,-0.07248764415156517,-0.13172541743970312,0.07021753039027523,0.016666666666666607,0.0,0.12267741213342287
2001-06-30,-0.028074562400545622,-0.08165385414502391,-0.17055994503607008,-0.07721162863394815,0.04238151860030581,-0.011422637590861928,-0.4897196261682243,-0.4897196261682243,-0.5428571428571428,-0.5294117647058824,0.13714285714285723,0.75,1.3763066202090593,-3.2287581699346406,-0.29885057471264365,-0.10449242988334573,-0.13294180459156435,-0.10851419031719534,0.04208998548621201,-0.06927175843694489,-0.14621489621489625,0.07248542818711701,-0.1092896174863387,0.0,-0.004785643070787549
2001-09-30,0.007776868202549414,0.1588235294117648,0.1524125077655829,0.19579945799457987,-0.049132241505744356,-0.007002801120448154,-0.8901098901098901,-0.8901098901098901,-0.875,-0.875,0.09924623115577891,-0.03296703296703296,-0.45601173020527863,-1.187683284457478,0.20983606557377055,-0.196230598669623,-0.27339901477832507,-0.25749063670412,-0.05571030640668517,-0.2290076335877863,-0.1061851984268859,-0.05643812709030094,-0.26257668711656446,0.007633587786259444,-0.030922326855005844
2001-12-31,0.011256164780969025,0.021280749707145663,-0.07223719676549867,0.39490084985835705,0.05107112253641821,0.06558533145275036,17.333333333333332,17.333333333333332,14.0,13.499999999999998,0.11542857142857144,-0.2068181818181818,0.5768194070080863,-0.34375,0.11382113821138207,0.08551724137931038,-0.019491525423728784,0.008827238335435084,0.04867256637168138,0.14851485148514842,0.46399999999999997,0.039432875498449205,-0.004991680532445919,0.015151515151515138,-0.2678842177808407
2002-03-31,0.02983533191806753,0.1303766010323073,0.0495835754406353,0.04427294882209587,0.021522908853742084,-0.027961614824619452,0.08363636363636373,0.08363636363636373,0.16666666666666674,0.2068965517241379,-0.17520491803278693,-0.4097421203438395,-0.5538461538461539,7.0476190476190474,0.8223844282238444,0.06543837357052085,0.02765773552290418,0.03874999999999984,0.019690576652601877,0.01724137931034475,0.13142076502732225,-0.008098891730605184,0.04013377926421402,0.0,0.08246258119175365
2002-06-30,-0.02351105911192819,-0.05530187721968549,-0.12013286584240634,-0.12952158693115523,0.018276137270550663,-0.025191489361702124,-0.008389261744966459,-0.008389261744966459,0.0,0.0,-0.5229813664596273,0.3398058252427185,1.371647509578544,-2.5118343195266273,-0.6822429906542056,-0.27072152653548,0.20773759461732544,0.2129963898916969,0.016551724137931156,-0.2860169491525423,-0.2796425984061821,0.042830540037243736,0.2186495176848875,-0.007462686567164201,0.08531176624054271
2002-09-30,-0.05146345638158267,-0.21392767633369136,0.043624161073825496,0.048704200178731005,-0.0869974135904068,-0.02008032128514059,-0.05922165820642977,-0.05922165820642977,-0.02857142857142847,-0.02857142857142847,5.203125,1.1847826086956523,1.5848142164781907,-1.350293542074364,0.7521008403361344,-0.3282910874897793,0.29805013927576596,0.3085317460317458,-0.08819538670284943,-0.33827893175074186,-0.45457593027153875,-0.03749999999999998,0.300791556728232,0.007518796992481258,-0.25048076923076923
2002-12-31,-0.025864661654135368,-0.0475973582327488,-0.008842443729903504,-0.015764806135492138,-0.033135891492832026,0.006414825374198241,-1.5107913669064748,-1.5107913669064748,-1.5,-1.5,-0.6968933669185559,-0.8225538971807629,-0.43125,-2.64804469273743,-0.7074340527577938,-0.07486305538648819,-0.35032188841201717,-0.3517816527672478,-0.034226190476190355,0.013452914798206095,-0.297480024585126,-0.007421150278293154,-0.3529411764705882,0.0,-0.03228565319649346
2003-03-31,0.018030256251929666,0.04495456719273072,0.0804947283049473,0.0835497835497836,-0.009322560596643825,-0.007790368271954673,-2.22887323943662,-2.22887323943662,-2.352941176470588,-2.2941176470588234,0.5055401662049861,2.2616822429906542,-0.36593406593406597,-1.5457627118644068,1.319672131147541,-0.08552631578947367,-0.1453344343517754,-0.1520467836257311,-0.012326656394452962,-0.05309734513274322,0.3980752405949257,-0.026887131560028865,-0.15987460815047017,0.00746268656716409,-0.03557224922669022
2003-06-30,0.029235154970582933,0.059954233409611035,0.20604240945768426,0.2177387135437474,-0.05520702634880803,0.0049964311206280865,0.22636103151862463,0.22636103151862463,0.26086956521739113,0.3181818181818181,-0.6209751609935603,-0.13180515759312317,-0.9116117850953206,-0.639751552795031,0.204946996466431,0.11942446043165478,-0.09082125603864721,-0.12689655172413794,-0.05616224648985968,0.13551401869158886,0.31602002503128923,-0.08200354609929073,-0.13059701492537312,0.007407407407407307,-0.12966781214203893
2003-09-30,-0.003182273557663984,-0.08160621761658027,-0.06877236657849695,-0.09629265091863515,0.03680516031113634,0.013316761363636465,0.06308411214953269,0.06308411214953269,0.10344827586206917,0.06896551724137945,1.866504854368932,0.0726072607260726,12.92156862745098,1.5172413793103448,0.42815249266862176,0.11889460154241638,-0.08182784272051002,-0.09952606635071082,0.036363636363636376,0.18518518518518512,0.21730860675225872,0.04007725736359258,-0.09871244635193133,0.0,0.01632008423269271
2003-12-31,0.070174401418859,-0.013869299482839659,0.11395154553049291,-0.014884734071519357,0.04620311070448313,0.041703171543718165,0.06373626373626373,0.06373626373626373,0.09375,0.09677419354838723,-0.1972904318374259,3.292307692307692,-1.467605633802817,-1.7876712328767124,-0.23613963039014374,-0.00861573808156224,0.8032407407407405,0.7578947368421052,0.04465709728867617,-0.04513888888888884,0.037109375,-0.022438873413803684,0.7857142857142856,-0.014705882352941235,0.0010360010360010996
2004-03-31,-0.005634736493205117,-0.0102502979737783,-0.06299685015749212,-0.05914870093974567,0.027809357236554533,-0.03465096719932714,-0.32851239669421484,-0.32851239669421484,-0.34285714285714275,-0.3529411764705883,-0.4103375527426161,-0.7634408602150538,-1.5963855421686746,-1.2695652173913043,0.08333333333333326,0.004634994206257126,-0.027599486521180938,-0.03493013972055892,0.027480916030534486,-0.036363636363636376,-0.4369114877589454,0.033560234288428026,-0.020000000000000018,-0.014925373134328401,0.052005174644243146
2004-06-30,0.11644444444444435,0.07562620423892108,0.31102929406114943,0.4232275754014885,0.013017952863098703,0.048440494859731675,-0.11692307692307691,-0.11692307692307691,-0.13043478260869568,-0.09090909090909083,-0.19320214669051883,5.742424242424242,-10.762626262626263,4.129032258064516,0.39454094292803976,-0.09688581314878886,-0.11023102310231014,-0.12202688728024813,0.011887072808320909,-0.12075471698113205,-0.09698996655518388,-0.09251033848981471,-0.09795918367346934,-0.030303030303030276,-0.2442203639940974
2004-09-30,0.010997213375796289,0.054411106135244136,-0.01098901098901095,-0.014173661758634881,0.02612128338652786,0.0634867874355991,0.04878048780487809,0.04878048780487809,0.04999999999999982,0.04999999999999982,0.9423503325942351,-0.8058426966292135,-1.2617692705638903,-1.389937106918239,-0.11032028469750887,-0.1162196679438059,-0.12388724035608312,-0.14016489988221448,0.02496328928047009,-0.1287553648068671,-0.04222222222222227,0.014852320675105446,-0.12518853695324272,-0.015625,0.06947608200455568
2004-12-31,0.08682384210267258,0.25886600127415593,0.1392592592592592,-0.19402568397543274,0.05205860685929453,0.05047663697452731,-0.3289036544850499,-0.3289036544850499,-0.2857142857142857,-0.33333333333333326,-0.9223744292237444,0.5324074074074074,-2.3399209486166006,-2.354838709677419,0.16799999999999993,0.0021676300578035157,-0.22523285351397115,-0.2410958904109589,0.2951289398280801,-0.01970443349753681,0.10595514307811293,-0.03193081656411112,-0.22758620689655173,-0.015873015873015928,0.5619960444241594
2005-03-31,-0.006747882795163251,-0.0064102564102563875,-0.05060684872128307,-0.07620367163145136,0.024741305531782443,-0.05191907170484977,0.5445544554455446,0.5445544554455446,0.4666666666666668,0.5714285714285714,0.6029411764705883,-0.6314199395770392,-1.1135693215339233,-3.5238095238095237,-0.363013698630137,0.06128334534967572,-0.03934426229508192,-0.05776173285198549,0.02433628318584069,-0.18090452261306533,0.337062937062937,0.03160968905686312,-0.0357142857142857,-0.024193548387096753,0.07548456218953947
2005-06-30,0.00424037935436794,0.033786078098472005,0.022143590914279088,0.022122234720659995,-0.007668362311138099,-0.010826926094461009,-0.17948717948717952,-0.17948717948717952,-0.18181818181818188,-0.18181818181818188,1.853211009174312,0.10655737704918034,-3.2467532467532467,-2.009433962264151,0.575268817204301,-0.060461956521739135,-0.05005688282138798,-0.049808429118774034,0.0075593952483801186,-0.08588957055214719,-0.060669456066945626,-0.011823480432972544,-0.03935185185185186,-0.016528925619834767,0.011410976272414386
2005-09-30,0.030692395005675444,0.079816061750698,0.018537130094919085,0.028246515040352138,0.039020657995409325,0.02284263959390853,0.65625,0.65625,0.6666666666666667,0.6666666666666667,0.279742765273312,0.5444444444444445,-1.4277456647398843,-1.4345794392523366,-0.15870307167235498,0.04772234273318876,0.0862275449101797,0.08467741935483875,0.03965702036441576,0.04026845637583887,0.07572383073496658,0.008088978766430666,0.11325301204819271,-0.01680672268907568,0.050232808022922626
2005-12-31,0.0622439540108366,0.2912547528517111,0.15809669992325404,0.10203353549768113,-0.002135493372606767,0.03846153846153855,-0.44811320754716977,-0.44811320754716977,-0.4,-0.4666666666666667,2.791457286432161,0.0839328537170263,-6.54054054054054,-16.774193548387096,2.975659229208925,0.0862663906142167,0.013230429988974501,0.0037174721189590088,-0.0010309278350515427,0.04516129032258065,-0.03002070393374756,-0.06051487796723487,0.02813852813852824,-0.02564102564102566,0.17162588455963856
2006-03-31,0.000539105913577087,0.016254416961130724,-0.03408122692416926,-0.07979928779540302,0.027525643863921534,0.008512544802867339,0.5683760683760684,0.5683760683760684,0.44444444444444464,0.625,-0.6229290921139827,-0.6150442477876106,-1.6829268292682928,-0.9216087252897069,0.058673469387755084,0.08322744599745868,0.030467899891186256,0.020370370370370372,0.02579979360165119,0.08641975308641969,0.058164354322305156,0.026868327402135073,0.02947368421052632,-0.00877192982456143,0.10442439237374468
2006-06-30,0.01715919923736897,0.03662494204914224,0.019896108987552674,0.040633245382585725,0.015153691467969077,0.024433585073300845,0.08446866485013627,0.08446866485013627,0.1153846153846152,0.0769230769230771,0.11247803163444647,0.5459770114942528,0.5285714285714285,-1.5565217391304347,-0.030843373493975923,0.1026392961876832,0.08870116156282992,0.08166969147005432,0.024144869215291687,0.07386363636363624,0.05345436207766019,-0.001906082134811804,0.08588957055214719,-0.008849557522123686,-0.0038874612901100836
2006-09-30,0.03479890794996132,0.05120751341681573,0.043436478954449464,-0.015212981744421872,0.02844004244782461,0.015755998843596464,0.13567839195979903,0.13567839195979903,0.13793103448275867,0.1428571428571428,0.8009478672985781,0.1561338289962826,-0.2149532710280374,-8.703125,0.2451516658378916,0.04680851063829783,0.0029097963142581396,-0.008389261744966459,0.036345776031434296,0.021164021164021163,-0.057922450933461045,-0.006250000000000089,-0.0018832391713747842,0.0,0.06746924196322257
2006-12-31,0.00031502264225236054,-0.010636034886194468,-0.000552587953582595,0.02282869893580508,0.0009630597784962003,0.024619325458943964,-0.015486725663716783,-0.015486725663716783,-0.030303030303030276,-0.03125,0.04561403508771922,0.67524115755627,1.4285714285714284,-1.2941176470588236,-0.05790734824281152,0.13922764227642292,0.1247582205029012,0.1302876480541455,0.009478672985781866,0.10362694300518127,0.11686991869918706,0.0006988120195665637,0.12452830188679243,0.0,-0.0327178088982526
2007-03-31,-0.0039759083572806775,-0.00935282734895726,-0.03907113896056025,-0.24937069978184256,0.022197787093670485,-0.0001388888888889106,-0.020224719101123556,-0.020224719101123556,0.0,0.0,-0.4530201342281879,-0.5431861804222649,-0.6311274509803921,-1.7793103448275862,0.04790165324289952,0.13782337198929517,0.024935511607910632,0.029940119760479167,0.019718309859154903,0.12676056338028174,-0.008189262966333044,0.026361731843575376,0.025167785234899265,0.008928571428571175,0.3197309417040357
2007-06-30,0.017943245593233792,0.03320672816060766,-0.01601457614115842,-0.11893583724569645,0.04175070592981034,-0.017919155438255285,-0.11009174311926606,-0.11009174311926606,-0.12499999999999989,-0.09677419354838701,-0.3880368098159509,0.2815126050420169,0.15614617940199338,-3.247787610619469,-0.1027508090614887,0.003920031360250764,-0.028523489932885893,-0.01744186046511642,0.05248618784530379,-0.01666666666666672,-0.03715596330275239,0.02330328287123673,-0.011456628477905073,-0.008849557522123686,0.17271006261831978
2007-09-30,-0.02566392296940523,-0.10272030248923436,-0.038592729753435306,0.012687135244861647,-0.017102291061632746,-0.00466760961810464,0.07731958762886593,0.07731958762886593,0.10714285714285698,0.0714285714285714,-0.8521303258145363,-1.3475409836065575,2.4885057471264367,3.1299212598425195,-0.47294860234445446,-0.2284263959390862,-0.031088082901554404,-0.017751479289940697,0.022747156605424257,-0.26694915254237284,-0.22820390662220102,0.0088098404255319,-0.019867549668874163,0.0,-0.11395339211060063
2007-12-31,0.021797170751145734,0.008545007608568467,0.05676634566649774,0.06965672763718356,-0.0008535784635587129,0.014210601108426868,0.08373205741626788,0.08373205741626788,0.12903225806451601,0.13333333333333353,15.762711864406779,-3.9339622641509435,-0.46952224052718283,-1.0324118207816968,0.029084687767322537,-0.11336032388663975,-0.0062388591800355275,0.003012048192771122,0.02651839178785287,-0.1329479768786127,-0.09876543209876543,-0.022244191794364765,0.006756756756756799,0.0,-0.057133513968046334
2008-03-31,-0.008072693237656914,-0.044220055710306405,0.032326139088729056,-0.005856172405715676,-0.03574949070118949,0.003783102143757988,-0.20750551876379686,-0.20750551876379686,-0.19999999999999984,-0.17647058823529405,-0.7421638018200203,-0.6463022508038585,-0.1490683229813664,-12.852941176470589,-0.33499584372402325,-0.13641552511415522,-0.04215246636771297,-0.04654654654654666,-0.010833333333333361,-0.16000000000000003,-0.15753424657534243,-0.02780586450960576,-0.043624161073825496,-0.008928571428571397,-0.0385968389238468
2008-06-30,0.017102417928051894,-0.031451123254401914,0.08595056680914337,0.17342130065975492,-0.03339467048320044,-0.037548855388051416,0.1281337047353761,0.1281337047353761,0.1785714285714286,0.1428571428571428,-0.34901960784313724,1.4,-0.7208029197080292,-0.3771712158808933,-0.31375,0.036351619299405113,0.03277153558052426,0.009448818897637823,-0.019376579612468303,0.04761904761904767,0.06260162601626007,-0.04974865661293104,0.015789473684210575,0.0,-0.17460317460317465
2008-09-30,0.0923076923076922,0.15910230692076222,0.35107384273123987,-0.06506024096385543,-0.12091941056194033,-0.019289340101522834,-4.4567901234567895,-4.4567901234567895,-4.484848484848484,-4.59375,0.5783132530120483,10.424242424242424,-24.320261437908496,-4.243027888446215,1.482695810564663,-0.08290816326530603,-1.1169537624660018,-1.109204368174727,-0.12285223367697595,-0.06060606060606066,-0.11247130833970931,-0.1951842393287122,0.0,-0.04504504504504503,0.23976023976023986
2008-12-31,0.0055205605492250065,0.05786911844240139,0.07112096263457879,0.7143470790378006,-0.07755854988771249,0.040668441289559265,-0.7907142857142857,-0.7907142857142857,-0.8,-0.8,3.7328244274809164,-0.9134615384615384,-0.9837443946188341,0.27395577395577386,0.7608217168011739,-0.34144645340751045,4.449612403100775,3.9142857142857146,-0.07835455435847216,-0.25,0.0,-0.08250226654578419,0.0,-0.028301886792452824,-0.3829069298952458
2009-03-31,0.024635742943619254,0.03885480572597144,0.027020635014485928,0.005261839138060553,0.021128597513259795,-0.012789540997584226,-1.9556313993174061,-1.9556313993174061,-2.0,-2.0,-0.55,-0.3908045977011494,-1.396551724137931,-0.6374156219864995,0.15666666666666673,-0.2323125659978882,0.14935988620199137,0.04941860465116288,0.01700318809776835,-0.17204301075268824,0.0,-0.0034584980237154506,0.0,-0.03883495145631066,0.03337958051089518
2009-06-30,-0.022291680978223538,-0.03631889763779528,-0.0364421416234888,-0.09222333000997007,-0.0013623978201634523,-0.01727364329926584,-3.175,-3.175,-3.1739130434782608,-3.1739130434782608,1.2544802867383513,-0.2767295597484277,23.304347826086957,0.553191489361702,0.21037463976945237,0.27785419532324607,1.1101485148514856,0.9612188365650971,-0.002089864158829613,0.2597402597402596,0.0,0.021318790282597977,0.0,-0.02020202020202022,0.061601642710472415
2009-09-30,-0.0642894783066924,0.0358492493105913,-0.06637987691940017,-0.2340746842394289,-0.061306275579809055,0.12113666324886485,0.41215106732348117,0.41215106732348117,0.3999999999999999,0.3999999999999999,-0.9197138314785374,-0.4869565217391304,-0.9302325581395349,-0.9948630136986302,0.0008928571428572507,0.06350914962325094,-0.24398826979472155,-0.2570621468926554,-0.06282722513089023,0.061855670103092786,0.0,0.0031553398058252746,0.0,0.04123711340206193,0.35240291623270337
2009-12-31,-0.018734747512671346,-0.05235653717215538,-0.09944963522334571,0.593654776841728,0.09583068398582983,-0.10582701855239096,-1.483720930232558,-1.483720930232558,-1.4857142857142858,-1.4857142857142858,6.227722772277228,-0.2033898305084746,17.692307692307693,-16.333333333333336,-0.013678263455248252,0.07894736842105265,-0.48487199379363843,-0.467680608365019,0.09385474860335186,0.15533980582524265,0.0,0.11686426324703603,0.0,0.00990099009900991,-0.40535783046372187
2010-03-31,-0.1013161922252831,-0.15867235459369478,-0.21894542353610003,-0.26948599707569454,0.03589190981432355,-0.20222092343658682,-0.1514423076923077,-0.1514423076923077,-0.1470588235294119,-0.17647058823529405,-0.44109589041095887,1.106382978723404,2.486968449931413,47.54347826086956,-0.6731986735001507,0.10975609756097571,-0.10843373493975905,-0.046428571428571375,0.03268641470888656,0.01680672268907557,0.0,0.15272963604852685,0.0,0.0,0.15171137835337656
2010-06-30,-0.0474284741144414,-0.2020776651001731,-0.13037940132835957,-0.30577367205542727,0.025526126270304816,-0.032600732600732596,-0.22379603399433423,-0.22379603399433423,-0.2413793103448275,-0.2142857142857143,0.75,-6.666666666666667,-0.5822187254130606,-1.0953873712494402,0.1964944649446494,-0.005071851225697421,-1.2550675675675675,-1.2771535580524345,0.021760633036597588,-0.04132231404958686,0.0,0.07648938169516994,-0.8739205526770294,0.0,0.14931726907630516
2010-09-30,0.0017877893984088455,-0.0037197768133911957,-0.029190207156308823,-0.03903304502106897,0.02489076154806491,0.05263157894736836,0.051094890510948954,0.051094890510948954,0.045454545454545414,0.045454545454545414,-0.33193277310924374,-1.4242424242424243,-1.0103578154425612,0.1737089201877935,0.1927525057825752,-0.1155480033984706,5.9801324503311255,6.621621621621621,0.04356243949661165,-0.1293103448275862,5.410344827586207,0.02304469273743015,6.876712328767123,-0.03921568627450989,0.03676008106785944
2010-12-31,-0.05179798340323016,0.09754200373366517,0.014333441103567157,0.08746826678975306,-0.09851541682527598,0.030935251798561048,-6.024305555555555,-6.024305555555555,-6.130434782608695,-6.130434782608695,-0.2809224318658281,-0.08823529411764708,16.09090909090909,0.256,0.2029734970911441,0.15465898174831882,-1.4013282732447818,-1.4219858156028369,-0.10204081632653061,0.10891089108910901,-0.8489779451317913,-0.049317406143344567,0.0,0.0,0.009234917425008371
2011-03-31,-0.007763609843316255,-0.028065201984408206,-0.045580110497237536,-0.10420203735144318,0.022295414238662215,-0.049895324494068416,-1.2411886662059433,-1.2411886662059433,-1.2457627118644068,-1.2372881355932204,0.014577259475218707,-0.6451612903225806,-3.49468085106383,-1.6305732484076434,-0.10639441160666308,0.17221297836938443,0.016548463356973908,0.03361344537815114,0.030991735537190257,0.3035714285714284,0.0,0.030335666846167397,0.0,0.030612244897959107,0.08502538071065979
2011-06-30,0.003414264036418757,0.009041855038646629,-0.007792496938661908,-0.03269367448471927,0.011730689797604388,0.01285347043701801,-0.09169054441260749,-0.09169054441260749,-0.10344827586206884,-0.07142857142857151,0.9310344827586208,1.5454545454545454,-0.3049040511727079,-1.7575757575757576,0.09019843656043292,-0.045422285308729604,-0.06976744186046502,-0.06504065040650409,0.023046092184368705,-0.07534246575342463,0.0,0.00836236933797907,0.0,0.02970297029702973,0.043151738996614286
2011-09-30,0.10827032136105852,0.4504986269692153,0.03612700549758774,-0.0952730835170218,0.16077406711847808,0.04586656997824501,5.7413249211356465,5.7413249211356465,5.846153846153846,5.730769230769231,-0.5089285714285714,-16.47959183673469,0.38650306748466257,18.413333333333334,1.606177606177606,-0.141263940520446,-3.69,-3.7130434782608694,0.15866797257590592,-0.1629629629629631,0.0,0.0473393227366965,0.050434782608695716,-0.009615384615384581,0.6032101970966599
2011-12-31,-0.00818728412434433,-0.052311677959346325,-0.009853817000541443,0.03465078505684893,-0.007104670793472101,0.020800832033281313,-0.7449695835283108,-0.7449695835283108,-0.7415730337078652,-0.7428571428571429,0.8666666666666667,-1.1779828609096903,0.2898230088495575,-1.1741071428571428,-0.10730158730158734,-0.06926406926406936,1.3624535315985127,1.4118589743589745,0.029585798816567976,-0.19469026548672552,-0.1380231522707035,0.0011547344110856006,1.4503311258278142,-0.009708737864077666,-0.08403268551236742
2012-03-31,-0.005417257835676481,0.31279571023025965,-0.06528871391076119,0.009419152276295195,0.033368756641870334,-0.15520461878077774,-0.5211009174311927,-0.5211009174311927,-0.5,-0.5111111111111111,-0.8068181818181819,-0.6296296296296297,-0.9451114922813036,-0.777120315581854,-0.026789947842579376,0.2260465116279069,-0.070023603461841,-0.04784053156146173,0.026272577996715896,0.18681318681318682,-0.503099173553719,0.038886142692371006,-0.00540540540540535,-0.0490196078431373,0.3005424954792044
2012-06-30,-0.08719145809017426,-0.04076565753644079,-0.18392418392418397,-0.1272680145152929,-0.030508706979295197,-0.012864321608040186,-0.4406130268199234,-0.4406130268199234,-0.4347826086956522,-0.40909090909090906,2.3361344537815127,-20.59,37.5,-28.283185840707965,0.7510353227771012,0.03262518968133543,-0.08375634517766506,-0.052337752965806006,0.006399999999999961,0.0092592592592593,0.05613305613305619,0.06217287866772403,-0.025815217391304324,-0.020618556701030966,0.09912248176986771
2012-09-30,-0.00861905663951501,-0.02371211488686653,-0.0021505376344086446,-0.038610038610038644,-0.011809631567781587,0.03359804520464271,0.9109589041095891,0.9109589041095891,0.9230769230769229,0.846153846153846,0.37531486146095716,-1.0428790199081164,-0.5186688311688312,-1.0697372688939344,-0.0299109627156372,0.13445995591476856,-0.5997229916897506,-0.5898379970544919,0.01748807631160587,0.12844036697247696,0.19094488188976366,-0.0032850530088098795,-0.588563458856346,-0.010526315789473717,0.01548971100865848
2012-12-31,-0.026511894525652058,-0.05875310014538615,-0.0431034482758621,-0.11492122335495825,-0.018248175182481785,0.0023640661938533203,0.1469534050179211,0.1469534050179211,0.19999999999999996,0.12500000000000022,-0.8754578754578755,4.5,-0.038785834738617186,5.632558139534884,-0.20450308332138245,0.03950777202072553,-0.17762399077277968,-0.15619389587073607,0.008593749999999956,0.016260162601626105,1.5504132231404957,0.008539325842696677,-0.14915254237288134,0.0,0.06344987957810821
2013-03-31,-0.02149271308700129,-0.024622932945665976,-0.035285285285285295,-0.08726003490401402,-0.014796996865660716,-0.030070754716981174,-0.21562499999999996,-0.21562499999999996,-0.19999999999999996,-0.14814814814814814,2.338235294117647,-0.8636363636363636,-0.30175438596491233,-0.7917251051893408,-0.05354245538128721,0.0,0.009817671809256634,0.029787234042553123,-0.0038729666924864903,-0.008000000000000007,0.2093324692158134,0.006833036244800805,-0.007968127490039945,0.03191489361702127,0.06864506052323316
2013-06-30,-0.011734617120505497,-0.015929203539822967,-0.012762645914396908,-0.013766730401529648,-0.01124593074874225,0.021884498480243098,-0.0677290836653387,-0.0677290836653387,-0.04166666666666663,-0.0434782608695653,1.1806167400881056,0.8571428571428572,-0.09798994974874375,-0.67003367003367,-0.01866666666666672,0.06604361370716494,0.10416666666666674,0.1074380165289257,0.0015552099533437946,0.07258064516129048,0.05412647374062174,0.0004426084390676266,0.08032128514056236,0.030927835051546504,-0.0021923414206372893
2013-09-30,0.004820622113969719,0.01713366149185913,0.024121078354091052,0.0860798759208996,-0.004340017958694986,0.03311520920087241,0.4487179487179487,0.4487179487179487,0.4347826086956521,0.40909090909090917,0.5575757575757576,0.042735042735042805,0.16991643454039007,-2.0918367346938775,0.020768633540372727,0.08357685563997652,0.06792452830188678,0.06902985074626855,0.01552795031055898,0.08270676691729317,-0.018301982714794218,-0.008995723344639384,0.048327137546468446,0.020000000000000018,-0.06349787608026947
2013-12-31,-0.011867488132511816,-0.01312238250348996,0.0269396551724137,0.04462691895751525,-0.030813166992334273,0.012092130518234212,-1.6342182890855457,-1.6342182890855457,-1.6666666666666665,-1.7096774193548387,-0.21271076523994814,-2.0163934426229506,-0.27142857142857146,4.130841121495327,0.10439247005134056,0.06580366774541546,-0.4593639575971731,-0.4624781849912739,-0.021406727828746086,0.04861111111111116,-0.006732263076126288,-0.01919642857142856,-0.4716312056737588,0.019607843137254832,-0.05526446130184304
2014-03-31,0.432053968416211,0.03489249339871736,1.2572327986808576,1.3345864661654137,0.005195409429280318,0.1486819647259625,-1.6604651162790698,-1.6604651162790698,-1.6363636363636365,-1.5909090909090908,-0.7413509060955519,-31.681451612903224,-12.326797385620916,-8.26047358834244,-0.6862947658402203,0.09463562753036414,-0.16993464052287588,-0.2532467532467533,-0.002343750000000089,0.11920529801324498,1.0886339937434828,-0.298133818843878,-0.2214765100671141,-0.04807692307692313,-0.5567175298694849
2014-06-30,-0.0812604832090218,-0.20065609622744673,-0.17572054721742592,-0.3949641340945689,0.02846563295533433,0.21578339111771494,0.7394366197183098,0.7394366197183098,0.7857142857142856,0.7692307692307692,3.840764331210191,-0.9589959258772506,-1.125793421811887,-1.0030105368790767,0.00658616904500553,0.03606102635228847,0.026246719160105014,-0.0434782608695653,0.03288958496476124,0.035502958579881616,0.2713429855217173,0.1195417207090359,-0.07327586206896552,0.04040404040404044,0.32113289760348573
2014-09-30,-0.009050652579241758,0.01664386684906516,0.015146632291330953,0.02516331962255025,-0.08003300330033003,0.017789244975556784,0.3279352226720649,0.3279352226720649,0.32000000000000006,0.34782608695652173,0.5223684210526316,0.13782051282051277,-0.1972477064220184,36.666666666666664,0.24645583424209372,-0.11512717536813932,-0.002557544757033292,-0.07727272727272727,-0.07354056103108408,-0.1428571428571429,-0.13469467897113685,-0.07163545085923928,-0.10697674418604652,0.029126213592232997,-0.008292499057670488
2014-12-31,-0.013562776841362534,-0.00100919488674589,-0.02777777777777779,-0.1302808590984187,0.0005707297187118598,0.01921280853902596,0.4725609756097562,0.4725609756097562,0.4242424242424241,0.4838709677419355,-0.536732929991357,-0.3549295774647887,0.7257142857142858,-1.657079646017699,-0.12992125984251968,-0.01966717095310122,1.4205128205128204,1.2660098522167487,0.013911620294599025,0.06000000000000005,-0.019741320626276315,0.014351081530782128,1.1875000000000004,0.028301886792452935,0.14861269479285455
2015-03-31,0.0012318696602424684,0.05455157705690872,0.00767346938775515,0.018181818181818077,-0.004889178617992207,-0.030632281712265952,-0.18426501035196685,-0.18426501035196685,-0.14893617021276584,-0.19565217391304357,0.21455223880597019,0.24890829694323147,-0.9470198675496688,-2.121212121212121,0.16742081447963808,0.07561728395061729,0.22881355932203395,0.24347826086956537,-0.002421307506053405,0.06289308176100628,-0.5717592592592593,-0.006151322534344916,0.15714285714285703,0.08256880733944949,0.03573792190602232
2015-06-30,-0.008374345134148253,-0.021181479510377854,-0.03361957226182766,0.049040511727078906,0.016950540452014495,-0.03214044564483454,-0.2639593908629442,-0.2639593908629442,-0.27500000000000013,-0.2432432432432432,0.03993855606758823,-0.19580419580419584,24.5,-2.108108108108108,-0.1589147286821705,0.16881874701099964,0.04827586206896539,0.036713286713286664,0.02265372168284796,0.17159763313609466,-0.035675675675675644,0.025582834743139937,0.034979423868312765,0.0,-0.06693290734824286
2015-09-30,0.001721032619571794,0.019899956502827276,-0.005281247380333642,0.04471544715447151,0.008857395925597977,0.034742570113017957,1.0034482758620689,1.0034482758620689,1.0344827586206895,1.0,-0.2629246676514032,0.6000000000000001,-0.6004901960784313,-0.4715447154471545,-0.09984639016897079,-0.04296235679214411,0.16282894736842102,0.17537942664418216,0.01661392405063289,-0.06565656565656564,-0.0767937219730942,0.007040836853751786,0.17296222664015914,0.0,-0.023754494093477074
2015-12-31,-0.05781524692344575,-0.12208124533532361,-0.14124389010618577,-0.17704280155642027,0.018596855295713866,0.013754045307443397,-0.2685025817555938,-0.2685025817555938,-0.23728813559322026,-0.2857142857142857,0.3346693386773547,-0.4565217391304348,-0.4570552147239264,-2.482051282051282,0.164391353811149,0.051731509191962344,-0.042432814710042455,-0.01865136298421799,0.028015564202334753,0.03243243243243232,-0.1056466302367941,0.08110267678785443,-0.028813559322033888,0.008474576271186418,0.06677188828971015
2016-03-31,0.008735846656206192,0.035462715569589465,-0.027379784102060878,-0.03398345153664306,0.03831687823225205,-0.039372173450385795,0.04705882352941182,0.04705882352941182,0.022222222222222143,0.07499999999999996,0.1501501501501501,-0.41000000000000003,1.711864406779661,-0.4186851211072664,0.08207132388861749,0.023577235772357596,0.009601181683899451,0.04532163742690054,0.039364118092354294,0.0,0.0617786829599456,0.029379157427938063,0.03664921465968596,0.008403361344537785,0.07188065099457508
2016-06-30,-0.008870391390255139,0.010907811400422185,-0.015033800827363497,-0.007647598654022647,-0.004377028148818907,-0.04140127388535031,-0.2539325842696629,-0.2539325842696629,-0.23913043478260876,-0.2558139534883721,0.04046997389033935,0.9745762711864407,-0.2666666666666667,0.26190476190476186,0.09571106094808135,0.04924543288324079,0.008778346744696464,0.039160839160839345,0.002184996358339353,0.005235602094240788,0.011508951406649537,0.00448752468138558,0.03198653198653201,0.008333333333333304,0.01871093899773779
2016-09-30,0.014421445537835087,-0.10558069381598789,0.012804753124359802,0.058877928483353825,0.01659971196846821,0.07063411815686838,0.43674698795180733,0.43674698795180733,0.4285714285714286,0.4375,0.010037641154328814,5.832618025751073,-0.008522727272727293,-6.3584905660377355,-0.46806757313555836,0.054125662376987016,-0.07469180565627265,-0.0471063257065949,0.0218023255813955,0.05208333333333348,0.02970922882427307,0.0021443888491778917,-0.05872756933115819,0.016528925619834656,-0.15529376340848355
2016-12-31,-0.008278976417461115,0.01803087300557782,0.005967431981389604,0.011935953420669554,-0.018863704145541282,0.022531030760928328,-0.6310272536687631,-0.6310272536687631,-0.64,-0.5869565217391304,-0.14782608695652177,-0.8027638190954773,-0.21203438395415475,-1.085387323943662,0.07513555383423709,-0.02513464991023351,-0.15438871473354232,-0.1497175141242939,-0.009246088193456625,-0.044554455445544594,0.03499079189686927,-0.010699001426533572,-0.14904679376083196,0.0,0.006015238604464734
2017-03-31,0.012353486803271752,0.05007645259938842,0.010054293183189289,-0.1162255466052935,0.014970742457633524,-0.03997888903549285,1.1534090909090908,1.1534090909090908,1.2222222222222223,1.0,-0.5204081632653061,-0.7165605095541401,-1.52,2.948453608247423,0.27593659942363113,-0.13885819521178633,-0.04819277108433728,-0.048172757475083094,0.01866475233309406,-0.1295336787564767,-0.009489916963226541,0.0025234318673397205,-0.048879837067209775,0.0,0.18814775445123555
2017-06-30,0.0017075507059265416,-0.004732435384055322,-0.023292852876766856,0.07454427083333326,0.020964360587002018,-0.05607476635514019,0.05013192612137196,0.05013192612137196,0.04999999999999982,0.05263157894736836,1.7203647416413372,1.0561797752808988,-6.986013986013986,-1.3759791122715406,-0.08130999435347264,-0.02480752780153972,0.03992210321324241,0.04363001745200701,0.030303030303030276,-0.04166666666666652,0.011377245508982003,0.019237684286227852,0.051391862955032064,-0.008130081300813052,-0.07377171400879734
2017-09-30,-0.007400631964077808,-0.001463057790782707,-0.03424378312270693,-0.045743714026052706,0.0119536520973893,0.0021840419336052186,-0.12562814070351758,-0.12562814070351758,-0.09523809523809523,-0.1250000000000001,-0.28826815642458103,-0.07103825136612019,-0.514018691588785,-1.3541666666666667,0.031346035648432746,0.0741228070175437,-0.09644194756554314,-0.09030100334448166,0.021203830369357135,0.04347826086956519,0.014209591474245054,0.019580172869994694,-0.0733197556008146,-0.016393442622950838,0.046403992433694086
2017-12-31,0.011435033928122618,0.04725274725274731,0.031553398058252524,0.025396825396825307,-0.0015943184288716994,0.0015981403457794308,-0.7442528735632183,-0.7442528735632183,-0.736842105263158,-0.7428571428571429,0.20722135007849296,-0.19999999999999996,-0.10096153846153844,4.078431372549019,0.15435041716328968,0.008574928542262272,-0.07772020725388606,-0.07169117647058809,0.007367716008037428,-0.017857142857142905,0.09223584354932868,-0.012975778546712724,-0.04395604395604402,-0.033333333333333326,0.02130769230769225
2018-03-31,-0.011761295399014382,-0.0013990905911157592,-0.02516624040920712,0.11424148606811135,-0.002395296508673872,-0.022048157818392755,2.348314606741573,2.348314606741573,2.3,2.3333333333333335,-0.834850455136541,-0.5661764705882353,-0.6203208556149733,-1.2857142857142856,-0.03820340733092409,-0.0680161943319838,-0.0730337078651685,-0.0653465346534654,-0.0013297872340425343,-0.07272727272727264,0.0085515766969535,0.009640666082384008,-0.0482758620689655,-0.017241379310344862,-0.10378850643970783
2018-06-30,-0.07610107698110047,-0.1758318739054291,-0.1646552628817295,-0.11753264795776608,-0.017534924330616986,-0.03678433699199046,-0.5335570469798658,-0.5335570469798658,-0.5454545454545454,-0.5333333333333332,3.6141732283464565,0.9830508474576272,11.795774647887324,17.216216216216218,-0.7235641438539989,0.04908774978279751,-0.2266666666666668,-0.211864406779661,-0.013315579227696328,0.05228758169934644,0.12241653418123999,0.06336805555555558,-0.21739130434782616,0.00877192982456143,-0.0660559710900076
