Quarter end,Assets,Current Assets,Liabilities,Current Liabilities,Shareholders equity,Revenue,Earnings,Earnings available for common stockholders,EPS basic,EPS diluted,Cash from operating activities,Cash from investing activities,Cash from financing activities,Cash change during period,Cash at end of period,Price,ROE,ROA,Book value of equity per share,P/B ratio,P/E ratio,Cumulative dividends per share,Equity to assets ratio,Net margin,Asset turnover,Current ratio
1993-12-31,0.04547116374871263,0.08445582244755867,0.1202047320075208,0.17664673589353797,-0.018869116975529288,0.05362967831017129,-19.20439121756487,-7.123257193711065,-7.500000000000001,0.0,-1.3712090839724274,12.182282003710576,-1.1597052141630189,-2.3135924135366306,0.39851304788134034,-0.08325449385052042,-0.09213051823416507,-0.21480144404332135,-0.024390243902438935,0.04186046511627928,0.18329278183292774,inf,-0.06477732793522262,-0.09056603773584904,-0.016460905349794275,-0.0783542831829005
1994-04-02,0.04547116374871263,0.08445582244755867,0.1202047320075208,0.17664673589353797,-0.018869116975529288,0.05362967831017129,-19.20439121756487,-7.123257193711065,-7.500000000000001,0.0,-1.3712090839724274,12.182282003710576,-1.1597052141630189,-2.3135924135366306,0.39851304788134034,-0.08325449385052042,-0.09213051823416507,-0.21480144404332135,-0.024390243902438935,0.04186046511627928,0.18329278183292774,inf,-0.06477732793522262,-0.09056603773584904,-0.016460905349794275,-0.0783542831829005
1994-06-30,0.002338430567194294,-0.010325850420692784,0.011492239688154937,0.01746783293797094,0.00384676449908139,0.05362967831017129,-19.20439121756487,-7.123257193711065,-7.500000000000001,0.0,-1.3712090839724274,12.182282003710576,-1.1597052141630189,-2.3135924135366306,-0.3743145029539293,0.015479876160990669,-0.09213051823416507,-0.21480144404332135,0.006818181818181612,0.04186046511627928,0.18329278183292774,0.8999999999999999,0.003848003848003767,-0.09056603773584904,-0.016460905349794275,-0.027337178562845565
1994-10-01,0.1014201999680151,0.14389662214739096,0.19593807095606053,0.2717934236395265,0.005527965186427064,0.09154529926391919,0.13411692469628522,0.2527674829833104,0.15384615384615374,0.0,-1.7177298540222277,0.5432602652967875,-5.751463002798788,-1.2839078019204,0.16984700502455818,-0.05487804878048774,-0.09213051823416507,-0.21480144404332135,0.006772009029345494,-0.0625,0.18329278183292774,0.5263157894736841,-0.08528988979396268,-0.09056603773584904,-0.016460905349794275,-0.10056211007474214
1994-12-31,-0.0396855847660178,-0.09984567806896538,-0.1422606370278401,-0.18762563985146496,0.07030586073919087,0.33767467928576234,3.1118179357283733,3.1118179357283733,3.3777777777777773,0.0,-12.423782017054188,0.1226222232355243,-3.551635673254795,1.8377098221705168,0.41199961392756324,-0.11075268817204309,-0.09213051823416507,-0.21480144404332135,0.09192825112107617,-0.11904761904761907,0.18329278183292774,0.3103448275862071,0.1286013619696178,-0.09056603773584904,-0.016460905349794275,0.10809697136185692
1995-04-01,0.03752094028726494,0.06548955498568376,0.11742842635976558,0.18302569727930496,-0.03699186053102843,-0.31934425441455994,-1.1243704591944699,-1.1449060685147305,-1.1472081218274113,0.0,-1.5067561442670505,-0.6389674921133511,-1.7294245808030801,-1.8427772409148147,-0.2459093433588243,0.025392986698911768,-0.09213051823416507,-0.21480144404332135,-0.043121149897330624,-0.05945945945945952,0.18329278183292774,0.23684210526315774,-0.0772801113947551,-0.09056603773584904,-0.016460905349794275,-0.09934924078091101
1995-07-01,-0.012561953395049064,-0.03321047321976478,-0.008452725203725198,-0.006942450522433252,-0.0015827303624801337,0.11160486059223729,-2.1752117362371446,-1.8682135323705986,-1.8620689655172415,0.0,-1.3394720807642644,0.5920571525004219,-1.1102232870298927,-0.805733148019458,-0.06335051838422756,0.08372641509433953,-0.06272022551092316,-0.21480144404332135,-0.0021459227467810482,0.13218390804597702,0.18329278183292774,0.21276595744680837,0.012072434607645732,-0.07468879668049788,0.004184100418409997,-0.026493256262042353
1995-09-30,0.08313576353461327,0.12344549480091849,0.1757925431163394,0.22659714370692163,-0.017447240569900102,0.015827571344100066,-1.079788945370311,-1.2534948045152126,-1.24,0.0,-1.2021785487868135,0.48246295903705283,-4.507759479853828,-0.5346091933464496,-0.0314768218329623,-0.04787812840043515,-0.22781954887218048,-0.21480144404332135,-0.021505376344086113,-0.045685279187817285,0.008224811514736086,0.1578947368421053,-0.09517892644135184,-0.22869955156950672,-0.008333333333333304,-0.0841167738743196
1995-12-31,-0.24610302355246527,-0.16542193671894667,-0.20684956094092144,-0.24059331868046452,-0.31208179124352253,-0.4268526313507659,264.8306451612903,96.20731347685049,104.0,0.0,-25.692254438833686,-3.287638039246842,-6.714680971966663,-20.031898539584933,0.6185331368189653,-0.06514285714285717,-4.711781888997079,-4.183908045977012,-0.36703296703296706,-0.04255319148936165,0.1896668932698844,0.15151515151515138,-0.15929689645701728,0.0,-0.1428571428571428,0.09901983483831134
1996-03-30,0.022461089842844784,0.0332345284711133,0.027929683543185257,0.05310487693081334,0.01546360780041911,0.08174261226914203,-1.0215423353456907,-1.0162667232958165,-1.0158730158730158,0.0,-1.4431072841609451,-1.1238743510045321,-1.3134237014466712,-1.7991357201995113,-0.3053949978006374,-0.028117359413202925,0.043022035676810066,-0.017328519855595803,0.02430555555555558,0.5333333333333332,0.0,0.03947368421052633,0.003920287487749308,0.0,-0.03431372549019607,-0.018890449438202395
1996-06-29,-0.15964427485401345,-0.20835756138171335,-0.22332473010967535,-0.26944664829168674,-0.0392613843508004,-0.2184777618372642,-5.4031826503309395,-6.831219694143976,-7.199999999999999,0.0,-1.6971508327905462,-9.891642602820376,-2.934573403331193,-0.8040632738666802,-0.08614694086146946,0.25408805031446535,0.29778672032193154,0.25202057310800874,-0.044067796610169574,0.2246376811594204,0.0,0.025316455696202445,0.1409046534331273,0.0,-0.08121827411167504,0.08367332331257615
1996-09-28,0.026777249722891083,0.08232727557537389,0.018848518616900733,0.03079064386681618,0.03206511301399351,-0.005302503030787498,-2.0175424569034446,-2.0175424569034446,-1.9193548387096775,0.0,-0.45319181877879633,-1.1231223751087793,-0.8904487746404356,-1.936033015217952,0.0882377970944015,0.032096288866599654,0.02461240310077506,0.013497652582159514,0.03900709219858167,0.0798816568047338,0.0,0.03703703703703698,0.01796919566457489,0.0,-0.09944751381215478,0.04999999999999982
1996-12-31,-0.18976699578031064,-0.12954422305412738,-0.1591856071144121,-0.1709659204494839,-0.20104362913948082,-0.21576860774015927,-0.05547610441451489,-0.05547610441451489,-0.08771929824561397,0.0,0.09984280567461745,-7.6419626622960894,-0.3292404747478348,45.06916505924497,3.7356249930177743,-0.014577259475218485,-1.1174579156421411,-1.1268094962362478,-0.24573378839590454,-0.05205479452054795,0.0,1.8333333333333335,-0.0636032502101429,-0.2441860465116279,-0.018404907975460016,0.04994653079197331
1997-03-29,-0.02584928314146484,-0.036041972930501376,-0.08861158379025647,-0.1160842710889246,0.05413219821701065,0.42436080046256475,-0.02663849187201539,-0.08653766160296839,-0.019230769230769273,0.0,-1.1162924889255816,-1.0663165768308387,0.5675230479024416,-1.2670694141220804,-0.21066289219155465,0.07297830374753445,0.6988727858293073,0.7488584474885847,0.0678733031674208,0.4219653179190752,3.5217142857142854,0.0126050420168069,0.10233393177737882,0.6846153846153846,0.0625,0.09052782936912118
1997-06-28,0.9252156891176684,0.6723811527135044,1.1880921098125996,1.2532784531444432,0.6355809523809524,1.0862046204620461,-4.94017094017094,-5.260473588342441,-3.686274509803922,0.0,0.5419847328244274,-11.30232558139535,6.874576271186441,2.444568868980963,-0.7761506276150627,0.12591911764705865,-1.4132701421800948,-1.349869451697128,0.14406779661016955,0.054878048780487854,-0.35498546695311506,0.012448132780082943,-0.04913137893593922,0.0,0.1588235294117648,-0.2577738710031865
1997-09-27,0.00875557815059591,0.04625495251870948,-0.013557929334428898,0.11138487680543752,0.041645316066520666,-0.02540656837309374,-1.3240780911062906,-1.304831124412142,-1.2992700729927007,0.0,-12.351485148514852,-0.7832957110609481,-0.5895393887214808,-1.2503250975292588,1.02803738317757,0.13142857142857145,-0.24311926605504586,-0.31343283582089554,0.04814814814814805,-0.011560693641618602,4.172413793103448,0.008196721311475308,0.039109334855837785,0.0,0.10152284263959399,-0.05862324204293112
1997-12-31,0.05217082913353499,0.10750458329576529,0.04940249255118068,0.09127742527329707,0.05603506104378164,0.6174723241242737,0.8072289156626506,0.8471248246844321,0.36585365853658547,0.0,-3.0549498473615353,-1.2109375,-3.600419507079182,-0.7844155844155845,0.10928242264647792,0.12409812409812404,-1.4212121212121211,-1.858695652173913,0.06360424028268552,0.07407407407407396,2.372310606060606,0.012195121951219523,0.012087912087912045,-0.91324200913242,0.23041474654377891,0.01486082717408399
1998-03-28,0.027976369990597716,0.034111261872455945,0.011906579148221574,0.008721541155866985,0.050266790886762,-0.3309114264496317,-0.1014814814814815,-0.10478359908883828,0.2142857142857142,0.21818181818181825,-0.7446943972835314,7.271604938271604,-0.7358338374672313,-4.391566265060241,-0.33412462908011864,0.09948652118100121,2.100719424460432,1.3037974683544302,-0.04983388704318936,0.03266787658802195,-0.3003291062462793,0.012048192771084265,0.028773072747014128,2.1578947368421053,-0.014981273408239737,0.0251801348105678
1998-06-27,0.046249956856383445,0.010024404964967149,-0.03279529340775378,-0.04788360706968997,0.15188903673238974,0.12667986561075106,-0.8664468260511129,-0.8914334181509754,-0.9558823529411765,-0.9552238805970149,-1.7797173732335827,1.046268656716418,-1.2358778625954199,0.31793960923623454,-0.4474153297682709,0.06538237011091663,2.519721577726218,2.3406593406593403,0.1573426573426575,0.12126537785588742,-0.5659565587324011,0.011904761904761862,0.12084432717678095,2.6666666666666665,0.0076045627376426506,0.06083736396614281
1998-09-26,0.07379672087883082,0.08020473382005244,0.10353109988146492,0.1288840262582056,0.040429851582189924,-0.008200431321387702,5.320987654320987,6.734375,7.333333333333334,7.333333333333334,-0.23347547974413652,0.30415754923413574,-6.511326860841424,-1.8544474393530996,1.0225806451612902,0.13534246575342457,-0.0013183915622940745,0.02796052631578938,0.04229607250755296,-0.018808777429467072,-0.8196915338240189,0.011764705882353121,-0.026836158192090398,0.040909090909091006,-0.007547169811320753,-0.04310037757355556
1998-12-31,0.027066052227342485,0.04608427939195692,0.010713175226842342,0.012243974930542079,0.046529623523870356,0.19701484523905388,0.412109375,0.42626262626262634,0.3600000000000001,0.32000000000000006,1.442280945757997,-0.2667785234899329,-0.9359953024075162,-0.12618296529968454,0.44178628389154695,0.17953667953667973,-0.07392739273927385,-0.01759999999999995,0.15362318840579703,0.1309904153354633,0.12020512820512819,0.007751937984496138,0.1253023705853895,0.06113537117903922,-0.07224334600760451,0.03342763549731975
1999-03-27,0.015823636744339176,0.01917594040283266,-0.013368385725472609,-0.10350110107554333,0.04937954092458052,-0.04900201838977347,0.13831258644536648,0.1402266288951841,0.2058823529411764,0.21212121212121215,-0.9174259681093394,-0.2829900839054157,2.256880733944954,-1.7942238267148014,-0.24336283185840712,0.042553191489361764,0.014255167498218091,0.07003257328990209,0.05025125628140703,-0.096045197740113,-0.012451931880607892,0.011538461538461497,0.03310404127257094,0.053497942386831365,0.016393442622950838,0.13680570564080408
1999-06-26,0.00792108362779742,-0.011934304922618821,-0.026560462611259106,-0.026450694197223235,0.04518718215795592,0.028746610069567247,-0.012150668286755817,-0.012422360248447228,0.0,0.0,6.041379310344827,0.8404255319148937,3.687323943661972,-3.1704545454545454,0.6980994152046784,-0.09183673469387754,0.26212227687983125,0.3028919330289195,0.04066985645933019,-0.13437500000000002,-0.15038012238086407,0.011406844106463865,0.03703703703703698,0.3046875,0.008064516129032251,0.01489226869455007
1999-09-25,0.047985626223377764,0.060917414434778605,0.0658687865816372,0.088748308772443,0.029985051440630794,-0.01159911975059602,-0.2521525215252153,-0.25786163522012584,-0.2682926829268293,-0.2500000000000001,0.949069539666993,-0.27109826589595376,-1.8131009615384617,-1.6534031413612564,-0.26861816616444256,-0.01944684528954188,-0.03006681514476628,0.008177570093458097,0.029885057471264576,-0.0577617328519856,-0.28240942819729375,0.011278195488721776,-0.017255216693418896,-0.0029940119760477613,0.01200000000000001,-0.02553855760224788
2000-01-01,0.014091967160559271,-0.008285806521037387,-0.017648826598912648,-0.029388056693759657,0.04715424018212855,0.20218934087851936,0.5320723684210527,0.5457627118644068,0.5666666666666667,0.5,0.7246231155778895,-0.16098334655035684,0.310421286031042,-1.9631410256410255,0.353737492642731,-0.16174526223005736,0.026980482204362888,0.04750869061413665,0.0558035714285714,-0.18582375478927204,-0.1909975669099757,0.01115241635687747,0.03266639444671293,0.030030030030029797,0.01976284584980248,0.021722414455978445
2000-04-01,0.05712400692745412,0.054014756944444464,0.09578107183580387,0.12024637530710414,0.01934940348397962,-0.08567404892352803,0.026838432635533982,0.02796052631578938,0.02127659574468077,0.04444444444444429,-1.4245337995337994,0.8241965973534973,-2.9475465313028764,-0.8901830282861897,0.02869565217391301,-0.09779179810725547,0.007266629401900371,0.009955752212389424,0.01691331923890038,-0.14588235294117646,-0.16766917293233086,0.011029411764705843,-0.03578489521550021,0.014577259475218707,-0.00387596899224818,-0.05914079648792725
2000-07-01,-0.0018853205044857546,-0.02789845374621669,-0.049795690464709,-0.05841107061221973,0.04844170732357567,0.0428948201287056,-0.025091479351803447,-0.02506666666666668,-0.02083333333333337,-0.02127659574468077,-1.8888126286890872,0.023316062176165886,-0.9597451491456704,-9.196969696969697,-0.22865595942519024,0.20396270396270388,0.0005549389567147678,0.00766703176341732,0.04573804573804585,0.18457300275482091,0.15221318879855472,0.010909090909090757,0.050440844781628025,0.00574712643678188,0.0,0.0324623383548861
2000-09-30,0.05798215332508305,0.07429999576396829,0.07954272282913544,0.099760522258308,0.03745613588974206,-0.0053411022092740845,-0.14906166219839145,-0.15262582056892782,-0.14893617021276584,-0.15217391304347827,1.4586872586872586,0.017215189873417636,-7.122302158273381,-1.5988909426987061,0.17753424657534245,-0.023233301064859657,0.016638935108153063,0.021739130434782705,0.035785288270377746,-0.06744186046511624,-0.058408467267738184,0.007194244604316502,-0.01932461448370104,0.022857142857142687,0.0,-0.02317773904060938
2000-12-30,-0.021190405831363224,-0.026733961594574307,-0.09817650988445459,-0.11582746688939272,0.055074879286256984,0.1164266536490115,0.3201008191556396,0.3311814073595869,0.30000000000000004,0.3076923076923077,0.5012562814070352,-0.7555998008959681,2.601645123384254,2.7777777777777777,0.5695672405770125,0.29137760158572834,-0.006546644844517058,0.009574468085106425,0.051823416506717956,0.24688279301745641,0.22606161532056612,0.010714285714285898,0.07782643312101922,0.016759776536312998,-0.0038910505836574627,0.10079312623925962
2001-03-31,0.053500220139631516,0.062310091966130576,0.052594035501659864,-0.03707702169292537,0.054267527760999856,-0.018747267162221304,0.05823389021479719,0.057225994180407413,0.0769230769230771,0.05882352941176472,-1.1951882845188284,3.0977596741344193,-1.8384991843393148,-1.3063725490196079,-0.1111769937740883,0.08480429777436682,-0.007138934651290674,0.018967334035827177,0.05291970802919699,0.03200000000000003,0.04923599320882843,0.010600706713780772,0.000738688827331524,0.008241758241758212,0.0078125,0.10321224857400169
2001-06-30,0.02351100921813054,0.021261584226383468,0.0021112443309179163,0.0031182117581107782,0.04160239742629246,0.020108059934272893,-0.1069012178619756,-0.10871559633027528,-0.1250000000000001,-0.11111111111111116,-3.3612004287245445,-0.1933399602385686,-1.3268482490272373,-0.30666666666666664,-0.08672448298865909,-0.1489211177927131,-0.030420353982300807,-0.012409513960703111,0.04679376083188913,-0.19186046511627908,-0.18025889967637543,0.010489510489510634,0.017715445654179707,-0.010899182561308063,0.0,0.018069010558397824
2001-09-29,0.04360861906039637,0.05765819594077337,0.10086612739615575,0.13523802871013935,-0.002961709329384332,-0.015179643988205704,-0.3752525252525253,-0.3823983530622749,-0.36734693877551017,-0.375,0.24648206990467547,-0.21688231669747382,-0.825,-6.107692307692307,0.48502556610664715,-0.2531172069825437,-0.07815173987450097,-0.0680628272251309,-0.0016556291390728006,-0.2853717026378897,-0.26095538886695613,0.01038062283737018,-0.04460562103354482,-0.06611570247933884,-0.00387596899224818,-0.06832032502940244
2001-12-29,-0.03547034821977535,-0.03714361373466324,-0.040448907265209666,-0.05673322462541919,-0.030999363462762553,0.09974495453537369,-2.0525464834276477,-2.115,-2.096774193548387,-2.1333333333333337,0.016023306627822365,-0.6365066876475216,26.421768707482993,-2.2823795180722892,-0.41883915395966553,-0.19532554257095147,-0.4678217821782178,-0.4617977528089887,-0.03316749585406309,-0.19463087248322153,-0.15598290598290587,0.010273972602739878,0.0045549440121464,-0.471976401179941,0.0038910505836575737,0.02077117282533858
2002-03-30,0.06761549338216555,0.06701380612750052,0.10208553911309193,0.13522945953879772,0.03696161509995832,0.0033946727165783397,-2.349462365591398,-2.2855007473841553,-2.2941176470588234,-2.264705882352941,-0.8218637992831541,4.4935064935064934,-2.04515008682709,-2.275396359365825,0.9191705459162083,0.05809128630705396,-0.12558139534883705,-0.13361169102296444,0.036020583190394584,0.09166666666666679,0.9759493670886075,0.010169491525423568,-0.028717173625543158,-0.13966480446927365,0.0,-0.06008993816750996
2002-06-29,-0.023459551000911905,-0.06153343872431094,-0.08335753703165849,-0.10561700905042382,0.033152437865574313,0.003148709531545668,0.003984063745019917,0.0040697674418603835,0.0,0.0,5.00804828973843,-0.1327817178881009,-1.471635414194161,-1.5534069981583793,-0.26504961411245864,0.08169934640522869,-0.06914893617021267,-0.06987951807228909,0.0314569536423841,0.04580152671755733,0.21877001921844963,0.010067114093959662,0.057965376385917144,-0.07792207792207795,0.011627906976744207,0.04927934932121292
2002-09-28,0.00648101828692127,-0.005456376453355283,-0.024349224919567147,-0.03132127598059686,0.03233388517587432,-0.018883045329326276,-0.0680272108843537,-0.06948465547191662,-0.06818181818181823,-0.06976744186046502,0.25452109845947746,-0.3053157655611086,0.6995470558631103,-0.03494176372712143,-0.348034803480348,-0.15830815709969792,0.10285714285714276,0.11658031088082899,0.0321027287319422,-0.18248175182481752,-0.10696452036793691,0.00996677740863805,0.02574002574002554,0.09859154929577452,0.015325670498084198,0.026674266172698857
2002-12-28,0.06533168393381783,0.1013310749857319,0.1112693297359415,0.03001260197652056,0.028925538022926522,0.0797256823905792,0.21715328467153294,0.2221530802738021,0.2195121951219512,0.22499999999999987,0.28643886812600106,-0.2871157619359058,-1.3263251406573882,-5.164655172413793,2.223193741371376,-0.054558506819813335,0.8290155440414506,0.8027842227378192,0.026438569206842955,-0.08482142857142871,-0.15744555620953493,0.009868421052631415,-0.034235526079942624,0.8589743589743593,-0.011320754716981019,0.06922777993671247
2003-03-29,0.002104652006676755,-0.017552364554253574,-0.03630600454106059,0.04629897936185978,0.03498172022320567,-0.005059181389777567,-0.018990504747626202,-0.018839103869653817,-0.020000000000000018,-0.020408163265306145,-0.6190080929653454,1.0238532110091745,-1.1388384754990926,-1.108259159594287,-0.0746716162193033,-0.07668944570994685,-0.0028328611898016387,0.015444015444015413,0.034848484848484906,-0.10243902439024377,-0.5144952846664338,0.009771986970684043,0.032850779510022354,0.01724137931034475,0.003816793893129722,-0.06100726895119413
2003-06-28,-0.004645340175467583,-0.03079750216943733,-0.05367640197816548,-0.06988337384989385,0.034431471703725736,0.020925738182739906,0.01782985226693845,0.017644006227296227,0.020408163265306145,0.02083333333333326,-0.12091503267973858,0.0072529465095194645,0.33986928104575154,0.5544933078393881,-0.12544360438203983,0.060032894736842035,0.0,0.015209125475285301,0.03221083455344065,0.02717391304347827,0.030215827338129442,0.006451612903225712,0.03917340521114121,0.013559322033898313,0.0,0.04202377661045076
2003-09-27,0.05494402694190659,0.06439493688664166,0.0860305174156335,0.11761397472374768,0.032278936017253734,-0.010364784558332896,-0.06006006006006004,-0.06119326874043851,-0.06000000000000005,-0.061224489795918324,1.5508054522924413,0.0895589558955896,-0.5560975609756098,-2.974169741697417,0.2831686661961892,0.16446858029480205,-0.0014204545454545858,0.0012484394506864227,0.031205673758865293,0.12698412698412698,0.12709497206703912,0.009615384615384581,-0.021442158049455484,0.010033444816053505,-0.0076045627376425395,-0.0475988325815867
2004-01-03,0.03880070546737224,0.07151693084167632,0.026238736182672362,0.03288830999674364,0.048436520649070225,0.1684043837506468,0.4025559105431309,0.4111895708853883,0.38297872340425543,0.3695652173913042,-0.48457614768034973,-0.7162329615861214,2.032967032967033,-0.27788161993769467,0.15935652413034518,0.14123917388407725,0.04338549075391174,0.057356608478803084,0.0453920220082531,0.107981220657277,0.10532837670384132,0.009523809523809712,0.00936561229899291,0.036423841059602724,0.019157088122605526,0.037385781145531594
2004-04-03,-0.01691153455814709,-0.044685599938428355,-0.09669785238758766,-0.12426917344950128,0.04299378923245545,-0.08502187273556805,-0.07137433561123763,-0.07236335642802161,-0.06153846153846154,-0.0634920634920636,0.5188501413760602,2.0756914119359533,9.967391304347826,-2.6540120793787745,-0.22734819734345346,0.05720957384705194,0.01772324471710962,0.03891509433962259,0.03947368421052633,0.008474576271186418,-0.014573991031390232,0.012578616352201255,0.06092436974789894,0.03833865814696491,0.0,0.09087491272356174
2004-07-03,0.014346634763815924,-0.004704972446907929,-0.02433828750520306,-0.03135227123969109,0.03950196634133141,0.01825888012201915,-0.04129190515126735,-0.04232365145228212,-0.049180327868852514,-0.05084745762711851,-0.26497052435618984,0.32844297207761475,-1.0502147340601256,-0.8508085550339072,-0.04389869531849577,0.09166206515737163,-0.002009377093101117,0.015891032917139558,0.03417721518987338,0.050420168067226934,0.03640500568828209,0.009316770186335255,0.024752475247524774,0.021538461538461506,-0.00375939849624074,0.027522032396238405
2004-10-02,0.36448375897655394,0.2461874696454589,0.9151755464652296,0.6389620920332455,0.02838193848793047,0.13917414411430062,-0.2127931769722814,-0.2157712305025996,-0.22413793103448265,-0.2142857142857143,-0.32714225411566067,8.238332739579622,141.45394736842104,8.388111888111888,-0.43104832236314017,0.046029337379868585,-0.04093959731543617,-0.0949720670391061,0.02692778457772338,0.01200000000000001,0.01317233809001106,0.009230769230769154,-0.246376811594203,-0.05722891566265054,-0.037735849056603765,-0.23967417345471964
2005-01-01,0.014032274929420385,0.02881380152513091,-0.00940849647508979,0.0016079158936301852,0.04067559315470426,0.12817659999494269,0.3819068255687974,0.3911602209944751,0.3999999999999999,0.38636363636363624,0.22710163111668757,-0.9698827703223816,-1.0367616496559369,-1.1411545623836126,0.10694130925507905,0.07833655705996145,-0.04478656403079073,-0.0888888888888889,0.029797377830750982,0.05138339920948631,0.0882990249187432,0.012195121951219523,0.02628205128205141,-0.054313099041533586,-0.03529411764705881,0.027161583060246963
2005-04-02,0.018643275497016498,0.012399772712923696,-0.01883697550134933,0.02782580060920381,0.05919395465994959,0.02902546171776943,0.13563308506468053,0.13661636219221607,0.12698412698412698,0.13114754098360648,-0.7811860940695297,3.0448143405889887,-3.57035175879397,-2.807387862796834,-0.174611266887586,0.0964125560538116,0.0073260073260073,-0.03658536585365868,0.05787037037037046,0.06390977443609014,0.10652065704330527,0.009036144578313365,0.039766812408911,-0.027027027027027084,-0.012195121951219412,-0.014970243573225295
2005-07-02,-0.0035227426103388026,-0.02786335233296333,-0.045016987542468856,-0.06049259110933125,0.038063452599718994,-0.006599725555966995,-0.04763548498446668,-0.048218029350104774,-0.5211267605633803,-0.5217391304347825,12.044392523364486,0.06394428616650849,-1.6446725317693058,-2.3182481751824815,0.278875849289685,0.11860940695296529,0.0021818181818180626,-0.03234880450070321,0.03391684901531722,0.05653710247349819,0.06972559604138562,0.011940298507462588,0.04185022026431717,-0.02083333333333337,-0.012345679012345734,0.03469324198069135
2005-10-01,0.031159842338376542,0.0469060723862309,0.026400124235878675,0.04850913276071522,0.03554832411324438,-0.01657603929135243,-0.08408843783979703,-0.08516886930983847,-0.08823529411764708,-0.09090909090909094,-0.5514956116783092,-0.23653674501636412,-0.6990144048521607,-1.5083056478405314,-0.11084279159623278,0.0837294332723948,0.02467343976777925,0.05087209302325579,0.033862433862433816,0.050167224080267525,0.038687973086627414,0.01179941002949847,0.0042283298097252064,0.03900709219858167,0.016666666666666607,-0.0015049361907054637
2005-12-31,0.0037764598480221068,0.028529761394134656,-0.043753352681457414,-0.06821831486939733,0.04721202674845393,0.08490145366984758,0.6082311040759794,0.6163723916532906,0.5483870967741935,0.6000000000000001,2.0375399361022364,-0.9883086515978177,14.425692695214106,-4.163398692810457,0.394350896252037,-0.1029014844804319,0.0934844192634563,0.1272475795297372,0.04298874104401218,-0.13375796178343946,-0.1591093117408907,0.011661807580174877,0.04325358851674643,0.11604095563139927,0.008196721311475308,0.10381624163501524
2006-04-01,0.010782940968632637,0.004599235049507211,-0.032191248813325246,-0.04559436287877139,0.04664394084885726,0.025400739827373675,-0.1889763779527559,-0.1904170804369414,-0.16666666666666663,-0.1874999999999999,-0.7742571653957402,97.1,-0.993958197256695,-1.8698347107438016,-0.24600701207635367,0.07258367807446398,-0.0090673575129534,0.02208588957055202,0.045142296368989365,0.02941176470588225,-0.056331246990852124,0.011527377521613813,0.035589800036690544,0.012232415902140525,0.012195121951219523,0.05259708340160585
2006-07-01,0.31415957846221576,0.1326485832552513,0.6674692348849651,0.9730965279206383,0.041537649946099764,0.05834135000801677,0.025182038834951515,0.025452315240723777,0.02499999999999991,0.025641025641025772,2.2143273150844496,13.781175671083927,-1066.7837837837837,-2.149643705463183,0.375096874192715,0.04137447405329597,0.006535947712418277,-0.03841536614645846,0.03849765258215965,-0.0035714285714284477,0.010204081632652962,0.008547008547008517,-0.20744021257750223,0.009063444108761365,-0.048192771084337394,-0.42595475300954755
2006-09-30,0.040686849182814955,0.04119501136161352,0.04221259603900385,-0.11768862733286223,0.03880202598546578,0.0611187910693658,-0.1589227582124889,-0.1605861244019139,-0.1707317073170731,-0.17500000000000004,-0.5115057075557166,-0.8486011815820326,-0.9362732667241467,-1.9483471074380165,-0.2586887093744129,0.11111111111111116,-0.018831168831168754,-0.05992509363295884,0.03616636528028927,0.06810035842293916,0.06161616161616146,0.011299435028248705,-0.00201162270898525,-0.029940119760479056,-0.029535864978903037,0.18005965832052784
2006-12-30,-0.02639226786069271,0.045096599652020064,-0.08901051911399982,-0.08081457944906911,0.051216823539387724,0.07668489948156942,0.46798029556650245,0.47417171357320975,0.47058823529411753,0.45454545454545436,1.7789317507418398,-2.077740662010325,-6.264226024671707,-1.988380537400145,0.34490623416117594,-0.10090909090909084,-0.03441429516876249,-0.061088977423638835,0.04537521815008727,-0.1308724832214766,-0.1179828734538535,0.011173184357541999,0.07973124300111967,-0.04629629629629628,-0.017391304347826098,0.13703561853695878
2007-03-31,1.4811033651275172,0.27335803300774675,0.5963275191979123,0.8014341423000557,2.431414858433492,0.0926796118114086,-0.019894534995206103,-0.020299661672305458,-0.09999999999999998,-0.10416666666666663,-0.05539241857981847,-4.189349112426036,-2.3123440925240004,0.322556943423953,0.33917467495760323,0.10178631614425337,-0.3708019191226868,-0.2758132956152758,0.8163606010016695,0.05405405405405417,0.10194174757281549,0.013812154696132506,0.38311553619581007,-0.012944983818770295,-0.2654867256637168,-0.293182430611695
2007-06-30,0.06995677543998524,0.02254366275950148,0.32796217449601284,-0.24547033216242575,-0.05896025435333252,0.5702637926065257,0.7696258253851798,0.7762703502713371,0.06666666666666665,0.09302325581395343,0.016673731807262948,-0.8048855905998763,-1.1014918495478372,-0.4355555555555556,0.14295764738989725,0.12542061792597137,-0.07189542483660138,-0.02734375000000011,-0.0059742647058824705,-0.38095238095238093,0.09789525208027405,0.016348773841961872,-0.12042591481703646,0.04262295081967227,-0.06626506024096379,0.3552230270682426
2007-09-29,0.0052283536088459925,0.015151067226393922,-0.02104848280870808,-0.04548320652402371,0.023756514462184075,-0.010051537677568279,-0.04712548369264791,-0.047215664491042864,-0.02083333333333337,-0.04255319148936165,-0.3808200138985407,-0.21621009735114327,0.04710556186152104,-1.8385826771653542,-0.10488735688784934,0.014677901603696641,-0.039906103286385,-0.0060240963855420215,0.026352288488210807,0.02366863905325456,-0.026749888542131117,0.01608579088471851,0.018414322250639437,0.053459119496855445,-0.05161290322580647,0.06350657570855911
2007-12-29,-0.0030915477049311413,0.03014109527207065,0.05854093251123005,0.18535033249658706,-0.04464751400763134,0.0708068230610095,0.18201595358955758,0.18233493659816347,0.19148936170212782,0.22222222222222232,2.0460157126823795,-0.9133448873483535,4.40650406504065,-4.86737089201878,0.4531701279053775,0.05866595231717131,-0.014669926650366705,-0.010101010101010055,-0.014864864864864824,0.028901734104046284,-0.010535959688501961,0.0158311345646438,-0.041687594173782094,0.02686567164179099,-0.03401360544217691,-0.1309350614998016
2008-03-29,-0.0028306765664204425,-0.016622612972988282,-0.042085470085470034,-0.09160064274634738,0.026495838375066638,-0.028268873254839066,-0.08159509202453985,-0.08160749506903353,-0.07142857142857151,-0.07272727272727275,-0.45408990420044215,10.56,-0.366015037593985,-1.7235204855842186,-0.22562937724777588,-0.03289473684210542,0.14640198511166247,0.11020408163265305,0.028349336991312146,-0.016853932584269704,-0.06851851851851853,0.01558441558441559,0.02935010482180278,0.02034883720930236,0.08450704225352124,0.08255973215644508
2008-06-28,-0.001832609452599554,-0.022193155193974468,-0.04275670081016458,-0.09910941605914048,0.026698349703593527,-0.00870768076526307,0.035136940547762174,0.035167785234899274,0.03846153846153855,0.03921568627450989,-0.12081533477321815,0.48760092272202993,-0.46568627450980393,-0.15058724832214765,-0.24749450012221952,0.09000523286237572,0.008658008658008809,0.018382352941176405,0.022676745220097994,0.05714285714285716,0.045725646123260244,0.01534526854219953,0.028682959945689035,0.01139601139601143,0.006493506493506551,0.08540099810219992
2008-09-27,0.027255035158903596,0.10021021065165292,0.03536874091197206,0.12174830889363064,0.02198108463444637,-0.013098205796511886,-0.05007743933918429,-0.05018153526970959,-0.05555555555555558,-0.05660377358490576,0.20712421311223705,-0.2044969955417717,-1.8606096478248002,-4.2918518518518525,1.0826701315575766,-0.13634181469035045,0.008583690987124415,0.010830324909747446,0.02130434782608681,-0.15675675675675682,-0.16159695817490494,0.0176322418136019,-0.005279656822306467,0.011267605633803024,0.0,-0.019233259940422243
2008-12-31,0.08951323914461629,0.1040430762652984,0.18769608880206334,0.3648909799160216,0.024857866124413874,0.157155593048113,0.29456521739130426,0.29597269624573386,0.2941176470588236,0.28,1.2498092088527093,7.059210526315789,4.53232462173315,-0.8948394839483949,0.0546673945254621,-0.19260700389105045,0.019148936170212627,0.016071428571428514,0.011068539804172106,-0.20512820512820518,-0.21201814058956914,0.017326732673267342,-0.05921379996682696,0.01949860724233976,0.0,-0.19108616705183223
2009-03-31,-0.004983603975728279,-0.026479166414541733,-0.03860453658259266,-0.1475993150431063,0.02067425609699658,-0.030995518221206053,-0.2250209907640638,-0.22216369956810278,-0.2272727272727273,-0.21875,-0.5639416553595658,-0.8652154195011338,-1.4229860765788165,-6.064194008559201,-0.26249630286897363,-0.06712564543889843,-0.025052192066805867,-0.02987697715289983,0.020631578947368334,-0.08064516129032262,-0.10575539568345327,0.019464720194647178,0.02574047954865999,-0.02732240437158473,-0.006451612903225823,0.14211084809403296
2009-06-30,0.006263178806418468,0.04245241972576852,-0.019020850005321943,0.11001147945872614,0.024438071704657505,0.06314466591718348,0.2005687973997834,0.2005687973997834,0.196078431372549,0.19999999999999996,-0.284454816543498,-0.636159712875729,-0.7622336517266716,-1.6419718309859155,0.22849408462001208,0.13099630996309952,0.012847965738758127,0.007246376811594235,0.03341584158415856,0.10526315789473695,0.13596138374899436,0.016706443914080937,0.0180474389824683,-0.002808988764045006,0.012987012987013102,-0.06089193825042882
2009-09-30,0.013816436201586013,0.03734288916978712,0.0530452813811062,-0.004967172785534046,-0.013186138372852096,-0.009215515196352442,0.15205865764241389,0.15205865764241389,0.16393442622950816,0.18333333333333335,0.6441384308751585,1.6960542540073984,2.4907292954264526,-1.4155331285651602,-0.07728719497265979,0.11451876019575846,0.07293868921775903,0.059352517985611586,0.009580838323353325,0.07936507936507953,0.08002832861189813,0.018779342723004744,-0.02667567111261193,0.04225352112676051,0.019230769230769162,0.04254185692541834
2009-12-31,-0.0038510455031003366,0.007995217813644206,-0.012646731083329477,-0.03152656609240656,0.00260967795284639,0.04789403414509441,0.027905610496426148,0.027905610496426148,0.05633802816901423,0.05633802816901423,0.9885386819484241,-0.9458037960210381,2.231055240793201,-0.5332629355860612,-0.03944808066513361,-0.03893442622950816,0.019704433497536922,0.02376910016977929,0.01700276789244759,-0.044117647058823595,-0.121311475409836,0.018433179723502224,0.0065915004336514205,0.010810810810810922,0.012578616352201255,0.04080589824074754
2010-03-31,-0.005791599746921672,-0.021782516964133025,-0.010938043520272056,0.0030081300813007417,-0.002068888391858592,-0.07985795113488059,-0.2655743951228805,-0.2655743951228805,-0.2533333333333333,-0.2666666666666666,-0.4125471070716028,15.751054852320674,-0.6153213874732861,-0.11764705882352944,-0.035911602209944715,0.030764544623819834,0.005797101449275477,0.0066334991708125735,0.01982892690513216,0.01538461538461533,-0.013432835820895495,0.020361990950226172,0.003618817852834688,0.005347593582887722,0.0,-0.024758030579323798
2010-06-30,0.003916193459956974,0.006703584960652931,0.0024228214146151394,-0.07116803112588155,0.004986832520871953,0.010395622895622791,0.06485084306095978,0.06485084306095978,0.08928571428571419,0.09090909090909083,-0.3849056603773585,0.21662468513853894,-0.8447293447293447,-2.5384615384615383,0.057306590257879764,-0.009456264775413725,-0.015369836695485195,-0.01976935749588138,0.0068623713305375755,-0.030303030303030276,-0.02874432677760974,0.017738359201773912,0.0012019230769229061,-0.007978723404255317,-0.006211180124223614,0.0838547285149227
2010-09-30,0.003071971913399585,0.003995367689635154,-0.022454389521284868,0.01876254472467065,0.02132582515611059,-0.005498396301078845,-0.01461632155907433,-0.01461632155907433,-0.032786885245901676,-0.01666666666666672,0.98159509202454,0.05175983436852993,7.36697247706422,-3.1333333333333333,-0.11562782294489615,-0.12082338902147982,-0.06439024390243897,-0.05714285714285716,0.020825444907232038,-0.12499999999999989,-0.12071651090342683,0.019607843137254832,0.01817870005144928,-0.0509383378016085,-0.012499999999999956,-0.0144648662995156
2010-12-31,0.007389042827281145,0.02116615721783255,-0.024206412505981767,-0.05173890697275996,0.029014384365532164,0.037528795811518245,0.26823238566131025,0.26823238566131025,0.27118644067796627,0.27118644067796627,0.3738390092879258,-0.5039370078740157,0.17872807017543857,-4.5,0.4576098059244127,0.10111978282999678,-0.019812304483837306,-0.0089126559714795,0.02188427299703255,0.0714285714285714,0.15411868910540294,0.7777777777777779,0.021391275054741588,0.0028248587570620654,-0.012658227848101222,0.07688682421059712
2011-03-31,0.010600138332609532,0.038066192251214215,0.017981936327598147,0.035682023486901526,0.005809018567639157,0.04477009406160426,-0.3050682261208577,-0.3050682261208577,-0.30666666666666664,-0.30666666666666664,0.05126760563380284,0.1865079365079365,-0.226046511627907,0.640625,0.5150665732305537,0.04838212634822803,-0.03191489361702127,-0.023381294964028743,0.015245009074410065,0.025000000000000133,0.04834996162701466,0.015624999999999778,-0.004782321899736153,-0.036619718309858995,0.019230769230769162,0.0022507033447953795
2011-06-30,0.04232189469663217,0.03726877040261156,0.09370107190172217,0.025032708242477053,0.008570901131359054,0.028941267387944336,0.14446002805049085,0.14446002805049085,0.15384615384615374,0.15384615384615374,-0.35316184351554125,4.909698996655519,-1.7524038461538463,-0.9102040816326531,0.030527289546715908,0.08348030570252774,-0.01758241758241763,-0.016574585635359074,0.016803718269574608,0.07317073170731714,0.09663250366032217,0.014201183431952868,-0.032311516155758224,-0.02631578947368418,0.0062893081761006275,0.011976794959765558
2011-09-30,-0.003603768686914921,-0.006661421452924254,0.019124178688103344,0.05088495575221241,-0.019793954607258635,0.0016898869653385606,0.0625,0.06372549019607843,0.08333333333333348,0.08333333333333348,0.6255178127589063,-0.7187323146576118,-4.172523961661342,-8.893939393939394,-0.23384201077199285,-0.048833423765599515,0.01230425055928408,0.001872659176029856,0.012658227848101333,-0.06818181818181823,-0.048731642189586144,0.015169194865810809,-0.016267123287671104,-0.012012012012012185,0.018749999999999822,-0.05479874252604322
2011-12-31,-0.010850408422859448,-0.018164536909916595,-0.045814724103155124,-0.031902834008097125,0.015045215674767354,0.046599685086601284,0.22376009227220295,0.22235023041474644,0.2769230769230768,0.24615384615384617,-0.5815494393476045,-1.3078470824949697,-0.3615307150050352,-0.43570057581573896,-0.17223198594024602,0.04991443240159721,0.00773480662983439,0.0018691588785046953,0.01458333333333317,0.04065040650406515,0.025263157894736876,0.014942528735632177,0.026109660574412663,-0.018237082066869137,0.01840490797546024,0.014216773183774567
2012-03-31,0.022667059169855674,0.06975368398408088,0.05514872414313765,0.12177985948477743,5.256103650363997e-05,0.1031987677759072,-0.2695570216776626,-0.26861451460885954,-0.27710843373493976,-0.27160493827160503,2.3934226552984166,-3.895424836601307,0.21845425867507884,-3.7142857142857144,0.5647558386411891,0.18038576473784307,0.01754385964912264,0.005597014925373234,0.016084873374401232,0.1640625,0.15263518138261478,0.018120045300113352,-0.022052586938083096,-0.02786377708978338,0.030120481927710774,-0.04636059670781878
2012-06-30,-0.006317607490228139,-0.02976220401186469,-0.009909490931205966,-0.02057858634059051,-0.003679079179039757,-0.0027274498344048714,0.2451612903225806,0.2448453608247423,0.26666666666666683,0.27118644067796627,-0.5581478822684853,0.4492099322799097,-0.3676375404530744,-1.4862155388471177,-0.17548620533695158,0.035673187571921616,0.044181034482758674,0.04081632653061207,0.0037049511620073083,0.020134228187919545,0.008313539192399189,0.017797552836485098,0.002601908065914982,0.006369426751592577,0.040935672514619936,-0.009372260805070476
2012-09-30,-0.012090441994846657,-0.021762785636561532,0.0073710073710073765,0.009668087697929373,-0.026297048505789622,-0.015855961450804146,0.042487046632124326,0.04140786749482395,0.05263157894736836,0.053333333333333455,-0.2502030869212023,-0.8473520249221184,0.4483111566018423,0.5206185567010309,-0.3236423477783873,0.026000000000000023,0.04127966976264186,0.04099821746880572,-0.0063758389261745485,0.019736842105263275,-0.028857479387514817,0.017486338797814138,-0.014359861591695444,0.006329113924050667,0.028089887640449396,-0.031173427715763702
2012-12-31,0.01722328538798701,0.05153874675565451,0.0117647058823529,0.03973460001507956,0.021345757936937826,0.03860786713865094,0.12226640159045732,0.12226640159045732,0.125,0.1518987341772151,0.875406283856988,5.795918367346939,-0.3477031802120142,-1.240677966101695,0.11516626115166262,0.019276586528048423,0.020812685827551913,0.011986301369862895,0.034110097939885176,0.02580645161290329,-0.02910855063674933,0.017185821697099923,0.004037212568018367,-0.009433962264150941,0.027322404371584508,0.011381199943796494
2013-03-31,0.0023667920864183234,-0.00629659480153133,-0.012372376630743087,-0.043147208121827374,0.013393804370888995,-0.02009938204752504,-0.15323294951284328,-0.15323294951284328,-0.1333333333333333,-0.15384615384615385,-0.05257076834199881,-0.14864864864864868,-0.028169014084507005,0.23943661971830976,0.1279999999999999,0.11623459413514659,0.04563106796116512,0.045685279187817285,0.019268451992161983,0.08176100628930816,0.0793254216114927,0.024287222808869968,0.011013986013985955,0.04761904761904767,0.0,0.03848291191997788
2013-06-30,0.003269358842404868,0.007198256197090247,-0.017265515632291173,-0.038272072754831354,0.018241775497919388,0.01576569255274185,0.17259414225941416,0.17259414225941416,0.16666666666666674,0.18181818181818188,-0.44999999999999996,-0.07231040564373903,-0.16276477146042367,-3.1306818181818183,-0.24306898774983876,0.09118598895869034,0.03064066852367686,0.03559870550161803,0.014738865748157748,0.06976744186046524,0.03009259259259256,0.022680412371134162,0.015044094760505056,0.033333333333333215,0.0,0.047290969899665525
2013-09-30,0.02294671413915883,0.07866525743620723,0.06914310760464604,0.18975571315996853,-0.009561507222536347,0.02304147465437789,0.11864406779661008,0.11864406779661008,0.13186813186813184,0.1208791208791209,0.8880266075388026,0.005703422053231932,0.13182423435419444,-1.8826666666666667,0.28194207836456564,0.038381018841591175,0.047747747747747704,0.04843750000000013,0.02210293653299633,0.021739130434782483,-0.010674157303370846,0.02318548387096775,-0.03185689948892678,0.04398826979472137,0.0,-0.09337676438653641
2013-12-31,0.05487795885259206,0.18164427025009333,0.14748385774315875,0.021658497814279976,-0.01546686043494061,0.02546296296296302,0.005582137161084466,0.005582137161084466,0.01941747572815533,0.019607843137254832,-0.09688784497944802,-0.5973534971644612,-2.4835294117647058,6.806646525679758,1.7169435215946844,0.07795698924731176,0.02837489251934655,0.007451564828613755,-0.008958912573370337,0.05319148936170226,0.009085746734809774,0.021674876847290525,-0.06669012845328182,0.016853932584269815,-0.005319148936170137,0.1566044381824585
2014-03-31,0.018119285294857734,-0.03415597235932877,0.030427533642967797,0.0510858995137764,0.007169592493014854,-0.0028369227014825027,-0.10467882632831083,-0.10467882632831083,-0.08571428571428574,-0.08653846153846156,0.41222366710013003,11.018779342723004,-1.7414750198255353,-1.5119969040247678,-0.3235509904622157,0.1013092269326683,0.0376254180602007,0.013313609467455745,0.018703241895261957,0.11111111111111116,0.06302757456387176,0.026036644165863265,-0.01074660633484148,0.022099447513812098,-0.010695187165775444,-0.08106955780241198
2014-06-30,-0.0031446540880503138,-0.013164349959116972,-0.004305114128864473,0.025658422253747037,-0.0020936927505889047,0.058521215087644185,0.10363153232949518,0.10363153232949518,0.11458333333333348,0.11578947368421066,-0.5870165745856354,-0.755859375,0.5219251336898396,-0.13000755857898716,-0.4172089660159074,0.07415793942824811,0.03142626913779201,0.0029197080291969435,0.007343941248470154,0.05454545454545445,0.024880889359449432,0.02631578947368407,0.0011435105774726395,0.0,0.0,-0.03784715317823284
2014-09-30,0.013541250533797955,0.049672715220813624,0.029192420417283316,0.09525527692585234,-0.0006818777865198467,0.012109126640078571,-0.2391653290529695,-0.2391653290529695,-0.23364485981308425,-0.23584905660377353,0.8338907469342252,-0.4416,0.24736472241742802,-0.582971329278888,-0.29776674937965264,0.03596837944664011,-0.06015625000000002,-0.081513828238719,0.009720534629404698,0.030172413793103647,-0.0020661157024792765,0.024725274725274637,-0.014087188273367524,-0.0837837837837837,0.00540540540540535,-0.04167814825020666
2014-12-31,0.009187778623464204,0.02549630974464212,0.023176473905320405,0.044693350903201035,-0.003831618727692665,0.05807943805145488,0.39345991561181437,0.39345991561181437,0.37804878048780477,0.4074074074074072,1.0808510638297872,0.4641833810888252,-0.12056338028169011,-3.810416666666667,1.191696113074205,0.11929289075416527,0.013300083125519446,0.0031695721077653616,0.01474127557160032,0.10878661087866104,0.18012422360248448,0.02502234137622894,-0.012936860397760208,-0.017699115044247704,0.021505376344086002,-0.018330817338796712
2015-03-31,-0.004336583526369675,-0.013893699726744368,0.01780153765603898,0.03605402848583594,-0.025501870488434553,-0.01951153690460128,-0.07570022710068125,-0.07570022710068125,-0.044247787610619316,-0.06140350877192968,-0.4203914694712241,0.06457925636007822,0.5413196668802049,-1.7138621200889548,-0.3881499395405078,0.12896261788433128,0.02789171452009853,0.01737756714060046,-0.028164838422768956,0.11320754716981152,0.100438596491228,0.03051438535309492,-0.021322378716744916,-0.006006006006006204,0.021052631578947434,-0.04818394844756868
2015-06-30,0.009982415798728494,0.0304035594411054,0.016244754298091246,0.034139907675138303,0.0037037037037037646,0.023037542662116106,0.041769041769041726,0.041769041769041726,0.04629629629629606,0.04672897196261694,-0.47731854838709675,0.003676470588235281,-0.6837073981712385,-0.715472481827622,-0.18050065876152832,0.032608695652173836,0.011971268954509284,-0.0015527950310559868,0.016168395363026278,0.0610169491525423,0.0023913909924271337,0.029610829103214886,-0.006196282230661598,-0.012084592145015005,0.010309278350515427,-0.0036159409139868703
2015-09-30,0.2369689826967376,0.16484224082421117,0.4701478619954709,0.05140782890218776,0.001265925068009821,0.03968360730716447,-0.019654088050314433,-0.020440251572327095,-0.017699115044247593,-0.008928571428571397,0.7550626808100289,17.15018315018315,-13.802890932982917,-7.007299270072993,1.3231511254019295,0.01637426900584793,0.06940063091482651,-0.0015552099533437946,0.007805463824677172,0.0,0.0015904572564613417,0.028759244042728005,-0.19046661303298462,0.03669724770642202,-0.0357142857142857,0.1078681182920238
2015-12-31,0.014020917693423618,-0.01219393229928789,0.02305099488963802,0.08094616030605573,0.0005918114811427344,0.06471897319118103,0.20208500400962315,0.2030497592295346,0.2072072072072071,0.19819819819819817,0.962087912087912,-0.7558022199798183,-1.1611413322385302,-1.2618469015795868,-0.14913494809688577,-0.056098964326812384,0.040560471976401224,-0.024922118380062197,0.008638665475126484,-0.0638977635782747,-0.11988884477967443,0.027955271565495154,-0.013167701863354142,0.008849557522123908,-0.03174603174603163,-0.08621410649567895
2016-03-31,-0.010922835452769175,-0.031766409901902715,0.0026393169660254845,0.059044412792956136,-0.03148187977201855,0.05030987969376599,-0.2348232154769847,-0.2354903268845897,-0.22388059701492535,-0.21804511278195493,-0.32455894707364885,-0.7384297520661157,0.5668789808917198,0.5777262180974478,-0.27653517690117935,-0.03027532256425891,-0.007795889440113335,-0.06549520766773165,-0.00945067926757237,-0.03754266211604107,-0.06991429860171405,0.033411033411033575,-0.02089627391742188,-0.05847953216374269,-0.010928961748633892,-0.08572954008084799
2016-06-30,0.0012306496534748579,0.0011899500220990955,0.024362666289772683,0.0828137099074866,-0.03511450381679393,0.011801457827143258,-0.19442022667829117,-0.19371727748691103,-0.17307692307692313,-0.17307692307692313,-0.332089552238806,-0.05529225908372826,-0.3227642276422764,-0.04117647058823526,-0.36649803260258573,0.0393923520167625,-0.05214285714285716,-0.11282051282051286,-0.028026237328562797,0.049645390070921946,0.04607177497575177,0.03157894736842115,-0.03625610696837234,-0.10248447204968947,-0.0055248618784530246,-0.07533160924334703
2016-09-30,0.015180920343295767,0.05063162184189074,0.003794280983753673,0.00647370996273855,0.03420598388952811,0.020354488279016536,0.6677489177489178,0.6666666666666667,0.6744186046511627,0.6627906976744184,1.436374922408442,-0.2959866220735786,0.4657863145258103,-2.6288343558282206,0.9423247559893522,-0.058764237476060854,0.07008289374528998,0.05587668593448947,0.03404907975460114,-0.03378378378378377,-0.0023180343069078013,0.031341107871720064,0.01867662753468502,0.02422145328719738,0.0277777777777779,0.043846986647419595
2016-12-31,0.0032499256552953604,0.0033291315168557656,-0.00986220404797089,-0.018361317826558476,0.02450694038777157,0.030393365460047006,0.10642439974042839,0.1071428571428572,0.11111111111111116,0.104895104895105,-0.45961783439490445,0.9429928741092637,-0.9504504504504504,0.11299435028248594,0.5399725902238466,-0.13086313985864206,0.04295774647887329,0.038321167883211604,0.06526253337288623,-0.1573426573426573,-0.1905204460966542,0.030388692579505383,0.021215295966474645,0.010135135135135087,0.027027027027026973,0.022126188418323256
2017-03-31,-0.01897059134890222,-0.05105985439082539,0.02082321093912687,0.0395428571428571,-0.08126527287537333,-0.031693893976637466,-0.44164222873900294,-0.44164222873900294,-0.42500000000000004,-0.4177215189873418,0.6657237152286657,-0.3227383863080685,33.15702479338843,-1.976311336717428,-0.3423316523286859,-0.02193198620009862,-0.02160702228224176,-0.03690685413005268,-0.07518796992481191,-0.08298755186721996,-0.07175660160734787,0.03429355281207136,-0.06360605283406018,-0.04347826086956519,0.0052631578947368585,-0.08718078809403029
2017-06-30,-0.0015646919175569263,-0.0017992327799843943,-0.007649418644183004,-0.01579448841981823,0.009013801459940352,0.02630633059262255,0.15336134453781503,0.15336134453781503,0.16304347826086962,0.16304347826086962,-0.43419190489668835,0.11913357400722013,-0.636583595451246,-0.8934142114384749,-0.05548037889039237,0.0,0.03864734299516903,0.034671532846715314,0.011442336645588691,0.08144796380090513,0.02473716759431044,0.03315649867374004,0.010682004930156141,0.02447552447552437,0.010471204188481575,0.014173228346456845
2017-09-30,0.0035449878411240032,0.017650659774180344,-0.006731988077700479,0.061659902446289605,0.021117684962802308,0.010856955236948629,0.17030965391621122,0.17030965391621122,0.17757009345794383,0.17757009345794383,0.3061530765382692,-0.30000000000000004,0.18908122503328895,-4.178861788617886,0.18672397325692458,-0.0010078105316200237,-0.04119601328903644,-0.04585537918871252,0.024709735040190584,-0.012552301255230214,-0.042848521424260766,0.03209242618741959,0.017615176151761558,-0.058020477815699634,0.015544041450777257,-0.04137742053343063
2017-12-31,0.024533402259485415,0.04364535641479805,-0.009467965853237947,0.07487812576719399,0.08111751713851367,0.047725254974989806,1.5579766536964978,1.5579766536964978,1.5634920634920633,1.5476190476190474,-1.0520873228648027,2.0506912442396312,-1.3751399776035833,-3.020460358056266,-0.31750503018108656,-0.06645649432534673,0.3063063063063063,0.3123844731977816,0.07931435212085991,-0.08898305084745761,-0.03341740226986123,0.031094527363184188,0.055126498002663116,0.2971014492753623,0.010204081632652962,-0.029061457837065263
2018-03-31,0.4205569162523257,1.2990809824201865,0.67946932237621,-0.013051422605063978,0.02605396513756597,-0.05563707760669634,-0.6963796775174931,-0.6963796775174931,-0.6965944272445821,-0.6947040498442367,-18.316176470588236,-0.9010574018126888,55.92537313432836,-52.09367088607595,23.919811320754718,-0.0272862353100094,-0.02652519893899208,-0.09577464788732393,0.02395693135935395,-0.0976744186046512,-0.27266797129810827,0.030156815440289586,-0.2776375567895002,0.0027932960893854997,-0.09595959595959591,1.3293424926398427
2018-06-30,-0.01368220868883152,0.027744505417978127,0.01261636706682423,0.041159746098915706,-0.0792801179117214,0.022213468146105475,-3.56813627254509,-3.56813627254509,-3.5714285714285716,-3.5714285714285716,0.2458598726114649,3.7404580152671754,-1.0136339800734138,-0.9555792290159548,0.042423812227900815,-0.07485071517844744,-0.5536784741144414,-0.5887850467289719,-0.08044164037854895,-0.09793814432989689,-0.08340807174887888,0.02927400468384067,-0.06673654786862337,-0.5515320334261838,-0.08379888268156432,-0.012849679811257175
2018-09-30,-0.013384349913721949,-0.024515517007724585,-0.028614134051331397,-0.06455402787921127,0.028393293453534474,0.012010790442750663,-1.5423332032774093,-1.5423332032774093,-1.5396825396825398,-1.5396825396825398,-0.6261077027948194,0.02093397745571668,4.178846153846154,-2.2437255995538203,-0.050616247134394055,0.07475232662863984,0.023199023199023117,-0.0492424242424242,0.027444253859348233,0.17142857142857126,1.3913894324853229,0.028441410693970326,0.042680643953575625,0.024844720496894457,-0.07317073170731703,0.04276385984379649
2018-12-31,0.4938938147308869,-0.371459135049527,0.45349057796888825,0.4938560760353021,0.5900649953574744,0.16162812837166007,-1.3014388489208633,-1.3014388489208633,-1.2720588235294117,-1.2720588235294117,1.259799453053783,65.08675078864353,-1.7025621982918677,15.828699551569507,-0.897315131374471,0.007122905027933113,-1.1670644391408114,-1.159362549800797,0.24902615470228162,-0.019512195121951237,-0.026186579378068786,0.02765486725663724,0.06427289048473961,0.0,-0.13815789473684204,-0.5792575614946998
2019-03-31,0.11866270309891269,0.05777689366310801,0.15842596419481847,0.15046922220454917,0.025092314297981977,0.12269391174488709,-4.405727923627685,-4.405727923627685,-3.945945945945946,-3.945945945945946,-0.21419927390076643,-0.9787345760042006,-0.5687103594080338,-1.0499094009806011,0.4360884749708964,-0.15226736929690743,-0.75,-0.75,0.023390510135887554,-0.3233830845771143,0.0,0.026910656620021456,-0.08367071524966263,0.0,-0.05343511450381688,-0.080544747081712
