Quarter end,Assets,Current Assets,Liabilities,Current Liabilities,Shareholders equity,Revenue,Earnings,Earnings available for common stockholders,EPS basic,EPS diluted,Cash from operating activities,Cash from investing activities,Cash from financing activities,Cash change during period,Cash at end of period,Price,ROE,ROA,Book value of equity per share,P/B ratio,P/E ratio,Cumulative dividends per share,Equity to assets ratio,Net margin,Asset turnover,Current ratio
1994-12-31,0.004033268938667733,-0.09576760624084135,0.0028553921568628127,-0.18587360594795543,0.006933996205926496,-0.07659612149118922,-0.280184331797235,-0.280184331797235,-0.2857142857142857,0.9836065573770492,0.0,0.0,0.0,0.0,-0.16291751874573956,0.02019650655021832,-0.0803571428571428,-0.07826086956521738,0.0022505626406601476,0.0,-0.13620071684587798,inf,0.0026611472501478772,0.07221006564551424,-0.02857142857142847,0.11071999999999993
1995-03-31,0.004033268938667733,-0.09576760624084135,0.0028553921568628127,-0.18587360594795543,0.006933996205926496,-0.07659612149118922,-0.280184331797235,-0.280184331797235,-0.2857142857142857,0.9836065573770492,0.0,0.0,0.0,0.0,-0.16291751874573956,0.02019650655021832,-0.0803571428571428,-0.07826086956521738,0.0022505626406601476,0.0,-0.13620071684587798,inf,0.0026611472501478772,0.07221006564551424,-0.02857142857142847,0.11071999999999993
1995-06-30,0.0,0.0,0.0,0.0,0.0,-0.07659612149118922,-0.280184331797235,-0.280184331797235,-0.2857142857142857,0.9836065573770492,0.0,0.0,0.0,0.0,0.0,-0.0032102728731943087,-0.0803571428571428,-0.07826086956521738,0.0,0.0,-0.13620071684587798,1.03125,0.0,0.07221006564551424,-0.02857142857142847,0.0
1995-09-30,0.03879003297373118,0.33708293612964724,0.044786333141886514,0.35695850704784604,0.033218562550076935,0.2897967011891063,1.5339308578745197,1.5339308578745197,1.5333333333333332,0.9836065573770492,0.0,0.0,0.0,0.0,1.4153094462540716,-0.023617820719269877,-0.0803571428571428,-0.07826086956521738,0.01646706586826352,0.0,-0.13620071684587798,0.4923076923076921,-0.005308168681804837,0.07221006564551424,-0.02857142857142847,-0.014693171996542631
1995-12-31,-0.01709425878926274,0.028589761870811303,-0.02485438255865635,0.019897585954645303,-0.006140884035797378,-0.15643122676579924,-0.7953511874684184,-0.7953511874684184,-0.7982456140350878,0.9836065573770492,-0.4514301133297356,-0.6075268817204301,1.4683072334079044,8.619246861924687,-0.775118004045853,0.08960967564595923,-0.0803571428571428,-0.07826086956521738,-0.011045655375552355,0.04285714285714293,-0.13620071684587798,0.329896907216495,0.011265935369107805,0.07221006564551424,-0.02857142857142847,0.008576998050682239
1996-03-31,-0.0026900088468205796,-0.2496014417411797,-0.011922324973312692,0.049132118777793776,0.013074652045550472,0.09227921734531996,2.708641975308642,2.708641975308642,2.695652173913043,0.9836065573770492,0.999016232169208,0.8414872798434443,-0.3154078549848942,-0.9634623749456286,-0.12593703148425783,0.03481331987891023,-0.0803571428571428,-0.07826086956521738,0.008935219657483229,0.047945205479452024,-0.13620071684587798,0.24806201550387597,0.01583113456464358,0.07221006564551424,-0.02857142857142847,-0.28478933127174333
1996-06-30,0.014157032720559126,0.16155551450212458,0.020405685915099614,-0.007862172694332425,0.005870108243130723,-0.09545711288630676,-0.3728362183754993,-0.3728362183754993,-0.3764705882352941,0.9836065573770492,-1.1697834645669292,-0.2545164718384697,-1.9302736098852604,-1.1785714285714286,0.02572898799313883,-0.058508044856167896,-0.0803571428571428,-0.07826086956521738,0.0022140221402213722,-0.06535947712418311,-0.13620071684587798,0.2049689440993787,-0.008369408369408249,0.01836734693877551,-0.02857142857142847,0.17078773138765047
1996-09-30,0.030827324316252014,0.07753479125248508,0.042374494408755625,-0.0477535832414554,0.015996854434833008,0.147814451382694,0.7218683651804672,0.7218683651804672,0.7169811320754718,0.9836065573770492,-6.386956521739131,1.870990734141126,-0.8704933586337761,-3.533333333333333,-0.0635451505016722,-0.0046607975142413105,-0.0803571428571428,-0.07826086956521738,0.002945508100147265,-0.006993006993006978,-0.03319502074688796,0.16494845360824728,-0.014260768335273566,-0.06312625250501003,-0.02857142857142847,0.13156376226197342
1996-12-31,0.028277351214498037,0.42811808118081185,0.045080002739038116,0.4295535132788191,0.003034932274162294,-0.07103442915986635,-0.5961775585696671,-0.5961775585696671,-0.6043956043956045,0.9836065573770492,-0.13075060532687655,0.39374379344587895,9.736263736263735,-15.421052631578947,0.9785714285714286,0.01664932362122795,0.04638619201725991,0.03459119496855334,-0.014684287812041119,0.007042253521126751,0.10944206008583679,0.14159292035398252,-0.024505462060820715,0.04278074866310155,0.0,-0.0010198878123406363
1997-03-31,0.30232261700300556,-0.04950648545294822,0.4810750010920368,0.618830675778284,0.020510112907156097,0.5520789759892915,1.5938931297709922,1.5938931297709922,1.5833333333333335,0.9836065573770492,-0.744661095636026,2.7661204132525827,6.076765609007165,-0.22627737226277367,0.3835740072202165,-0.016376663254861867,0.02989690721649474,-0.0486322188449847,0.014903129657227954,0.0,-0.06447453255963898,0.12790697674418605,-0.2164043583535109,-0.07589743589743592,0.02941176470588225,-0.41286370597243505
1997-06-30,0.0006027230719301002,-0.07557222856521506,0.0004129032258064491,-0.2729831144465291,0.001213833724678537,-0.1188551099611902,-0.5344320188346086,-0.5344320188346086,-0.5376344086021505,0.9836065573770492,3.6533333333333333,-0.8701224991723029,-1.0225147044643719,0.4764150943396226,0.4076973255055447,-0.08949011446409982,-0.040040040040040026,-0.10862619808306706,-0.005873715124816492,-0.10489510489510478,-0.11647139903514814,0.10996563573883145,0.0003862495171880198,-0.11431742508324083,0.0,0.27160493827160503
1997-09-30,0.01577462468337476,0.6095394930306417,-0.007443930985178482,0.25552688172043014,-0.0010533638080095775,0.2599253685691565,-0.36156763590391905,-0.36156763590391905,-0.37209302325581395,0.9836065573770492,0.8473560823131023,-0.047705753823743646,8.006423982869379,-0.5670926517571885,0.12557924003707144,0.050857142857142934,-0.2387904066736184,-0.28673835125448033,-0.00738552437223039,0.0625,0.09048361934477378,0.09907120743034059,-0.016602316602316702,-0.3220551378446115,0.05714285714285716,0.2819636264187064
1997-12-31,0.023451596553471843,-0.11718493075601999,0.015459898567620423,0.24206090918433754,0.0028450917193902914,0.03325888522043119,0.9742574257425742,0.9742574257425742,0.962962962962963,0.9836065573770492,-0.8778905809362663,-0.12122370936902482,-1.5275796481217307,1.9040590405904059,0.3240016467682174,0.057096247960848334,0.08630136986301373,0.02010050251256268,-0.03720238095238093,0.06617647058823528,0.3977110157367667,0.09295774647887334,-0.020023557126030544,-0.038817005545286554,0.05405405405405417,-0.2891733333333334
1998-03-31,0.01667929499274501,0.07533112582781465,0.0003948725073672499,-0.160327660865488,0.0653308203551235,0.014097081904045794,0.3991975927783351,0.3991975927783351,0.35849056603773577,0.9836065573770492,2.9757505773672057,1.1818973020017407,-0.47904461469130244,-1.5273189326556544,-0.1290422885572139,0.05864197530864179,-0.09079445145018916,-0.08866995073891626,0.061051004636785144,0.09655172413793123,-0.0245649948822928,0.08247422680412386,0.04807692307692313,-0.11153846153846159,0.025641025641025772,0.28061224489795933
1998-06-30,0.09800530943276753,0.06247113163972284,0.16387319362313324,0.7158060701616082,-0.030820514730530046,-0.04239840600528244,-1.592831541218638,-1.592831541218638,-1.5833333333333335,0.9836065573770492,-0.16903862910252687,0.11866773035500588,2.16522491349481,-3.1951807228915663,0.32524098536237056,-0.029640427599611274,-0.44382801664355065,-0.45945945945945943,-0.03568827385287687,-0.0880503144654089,0.07450157397691504,0.07619047619047614,-0.11735474006116209,-0.46753246753246747,0.02499999999999991,-0.38082962268572773
1998-09-30,-0.19417075172459686,0.06314531029235959,-0.2890985140617738,-0.29349490772647213,0.04563534000730174,0.3589954514661764,-6.133010882708585,-6.133010882708585,-6.166666666666667,0.9836065573770492,-0.34568332750786435,-2.7279372437154574,-2.537031975949713,5.520307354555434,1.6002155172413794,0.05458187280921378,1.753117206982544,1.85,0.05211480362537757,0.09655172413793123,0.86962890625,0.07079646017699126,0.2975313988739714,1.5772357723577235,0.09756097560975618,0.5049205147615443
1998-12-31,-0.03565176221882127,-0.2212567300483882,-0.04445465307348451,-0.0465790543286817,-0.023135727149105056,-0.5804878048780489,-0.8720848056537103,-0.8720848056537103,-0.8709677419354839,0.9836065573770492,1.0790598290598292,-1.5740817168799008,-0.33783783783783783,-1.9084175084175086,-0.5590551181102362,0.1077872744539412,-0.0905797101449275,-0.04561403508771944,-0.016511127063890907,0.05031446540880502,-0.5938887437973361,0.06818181818181812,0.013017356475300446,0.028391167192429068,-0.06666666666666676,-0.18322434607645877
1999-03-31,-0.001632699663184356,0.6849866538310068,0.03054677243394166,-0.24541010629227533,-0.06553923136251627,0.09743676795111189,-3.141804788213628,-3.141804788213628,-3.142857142857143,0.9836065573770492,-0.4791880781089414,-0.056254493170381004,-1.9935553168635876,-1.0882134914751669,0.11184210526315796,-0.10072867552507492,-0.4671314741035857,-0.4558823529411764,-0.05547445255474448,-0.08383233532934131,-0.01864951768488754,0.061895551257253434,-0.06425041186161451,-0.41564417177914104,-0.0714285714285714,1.2329484218629716
1999-06-30,0.02882482102422168,0.014490871789544668,0.04561032063588888,0.1347595194154645,-0.0004428787116255162,0.01724671307037906,-2.0094582975064488,-2.0094582975064488,-2.0166666666666666,0.9836065573770492,0.11297483966452893,-0.3808798324128737,-1.3643243243243244,-5.9222689075630255,-0.49513947590870666,-0.030505243088655876,0.7345794392523364,0.8243243243243241,-0.0007727975270478415,0.026143790849673332,0.86435124508519,0.05828779599271394,-0.028169014084506894,0.9107611548556431,-0.05128205128205132,-0.10597807350203403
1999-09-30,0.023470890648881415,0.06325355177268666,0.04836550836550835,0.11055793421620375,-0.028215817775360974,0.26397019691325174,0.9770017035775127,0.9770017035775127,0.9836065573770492,0.9836065573770492,0.8036347517730495,0.5942786834820055,-2.7025222551928785,-1.5040546308151943,0.4943491000418585,0.10865290068829903,-0.3825431034482758,-0.4037037037037037,-0.022428460943542117,0.10828025477707004,-0.3557117750439368,0.05679862306368322,-0.050724637681159424,-0.27472527472527475,-0.16216216216216217,-0.04257288292457184
1999-12-31,-0.03626430914264611,-0.47226502311248075,-0.017735110936515364,-0.10370591751344893,-0.015170355632927124,-0.2486015037593985,-0.7294269711331323,-0.7294269711331323,-0.71900826446281,0.0,0.03170312115999008,-0.6652517846806869,-2.4104575163398696,-1.655376799322608,-0.21568627450980393,-0.017294900221729526,0.059336823734729593,0.024844720496894457,-0.2112341772151899,0.005747126436781658,0.6121112929623569,0.05211726384364823,0.022137404580152564,0.015151515151515138,0.0,-0.41122925729015636
2000-03-31,0.6357694258184481,1.0625,0.7767872021329778,1.7555851950650219,0.41687710437710446,0.6586615433877683,1.2452229299363058,1.2452229299363058,0.8529411764705881,-0.47933884297520657,0.060028585040495575,17.37463976945245,-9.81371640407785,-2.4211886304909562,0.3928571428571428,-0.12048736462093868,0.71334431630972,0.6121212121212121,0.420260782347041,0.11428571428571432,-0.15431472081218278,0.049535603715170407,-0.1340552651232263,0.6380597014925373,-0.032258064516129115,-0.25147078943767953
2000-06-30,0.002342404409231724,-0.1320504313205043,0.018100820633059733,0.05154888673765723,-0.036536462201099074,-0.007722007722007707,-1.75177304964539,-1.75177304964539,-1.7142857142857144,-1.7142857142857144,-0.3865168539325843,-0.9077791718946048,-1.0220820189274449,-1.7636363636363637,-0.2153846153846154,0.09748589020010279,-0.44326923076923075,-0.4736842105263157,-0.03742937853107342,-0.22564102564102562,-0.38655462184873945,0.04867256637168138,-0.03880983182406217,-0.4658314350797267,0.0,-0.17455675379272528
2000-09-30,0.02488143515018204,-0.014780835881753274,0.024227350191147412,-0.16398158803222096,0.03067673809156779,0.14348249027237348,-3.452830188679245,-3.452830188679245,-3.4222222222222225,-3.4222222222222225,1.087912087912088,0.3129251700680271,-0.17460317460317465,-2.571428571428571,0.43137254901960786,0.1996259934548854,0.0017271157167531026,-0.0357142857142857,0.02567865003668368,0.24503311258278138,0.9347684279191129,0.04500703234880432,0.005832211754150052,-0.012793176972281328,-0.033333333333333326,0.17825509300265718
2000-12-31,-0.01589430621688681,0.5173305742369374,-0.034896793632234524,0.04501032346868539,0.045767274902781985,0.1829008932369205,-0.45769230769230773,-0.45769230769230773,-0.45871559633027525,-0.4678899082568808,-0.9035087719298246,-4.2927461139896375,26.0,-1.5909090909090908,-0.17808219178082196,0.15627435697583802,0.11724137931034462,0.10370370370370363,0.015021459227467782,0.1276595744680853,0.24275118004045848,0.043068640646029666,0.06244424620874223,0.017278617710583255,0.10344827586206917,0.4521706446156737
2001-03-31,0.03942347008314018,-0.4067507671326287,0.029262382927170316,-0.15015806111696528,-0.0030034324942791457,0.14994606256742182,0.14893617021276606,0.14893617021276606,0.1186440677966103,0.12068965517241392,15.763636363636362,-2.2155782848151064,-1.8155270655270654,-7.6923076923076925,1.4500000000000002,0.03909673070441522,0.040123456790123635,0.033557046979865834,-0.007047216349541863,0.023584905660377187,-0.09576776994031477,0.04258064516129023,-0.040722082283795036,-0.06581740976645445,0.09375,-0.30192830335188303
2001-06-30,0.057302081625963064,0.9169540229885058,0.06926524514464205,0.13840669559826413,0.03141586572945054,-0.2779862414008756,-0.043209876543209846,-0.043209876543209846,-0.045454545454545525,-0.04615384615384621,-0.8947939262472885,-0.6297734627831715,-0.9397379912663756,-1.7777777777777777,-0.46031746031746035,0.049626986701265086,0.5311572700296736,0.5324675324675323,0.02838892831795592,0.05990783410138234,0.038403840384038546,0.03960396039603964,-0.024507658643326158,0.5340909090909092,0.0,0.6837226548016315
2001-09-30,-0.03047778501224696,-0.1957727477139859,-0.057326728481307376,-0.15507147719537095,0.05159944367176639,0.10177566045907316,1.2193548387096773,1.2193548387096773,1.1904761904761902,1.209677419354839,7.453608247422681,-1.382867132867133,-17.63768115942029,-0.7315270935960592,-0.22899159663865543,-0.07849196538936953,0.08236434108527124,0.10169491525423724,0.048309178743961345,-0.10434782608695647,-0.4137532505056343,0.03809523809523818,0.08479138627187077,0.0962962962962961,0.0,-0.04811715481171541
2001-12-31,0.09910457307323317,-0.002050326188257179,0.09970806198068716,0.204962939091202,0.10673191376802005,-0.014544025157232743,-1.3401162790697674,-1.3401162790697674,-1.3260869565217392,-1.3284671532846715,-0.2987804878048781,-11.479452054794521,-2.60191637630662,-2.091743119266055,0.3242506811989101,-0.00871898054996656,-0.3527305282005371,-0.3500000000000001,0.038183015141540544,-0.05339805825242727,-0.09512074913750612,0.037844036697247674,0.007030603804797364,-0.30405405405405406,-0.05714285714285705,-0.17177559282822452
2002-03-31,0.016846576857051376,0.07807246918192012,0.004451705125587013,0.020058839261834605,0.05616634799235176,0.05065815715995203,-3.752136752136752,-3.752136752136752,-3.6888888888888887,-3.6666666666666665,-0.2834782608695652,-0.7490196078431373,-0.8227297444263186,0.3613445378151261,0.33333333333333326,0.03484438430311232,0.218533886583679,0.2544378698224854,0.01331642358909324,-0.00512820512820511,0.5217864923747277,0.03535911602209918,0.038603696098562734,0.3669902912621361,-0.09090909090909094,0.05684357541899443
2002-06-30,0.013133798786769013,-0.08177408177408174,0.024355533870049628,0.0017042475091766374,-0.015840687938447617,-0.11465451784358394,-0.15527950310559002,-0.15527950310559002,-0.1900826446280992,-0.19166666666666665,0.01941747572815533,0.9184027777777777,-0.19631901840490795,-3.611111111111111,-0.6527777777777778,0.043151356652500805,0.11350737797956878,0.1367924528301887,-0.021276595744680882,0.030927835051546504,-0.1664280601288476,0.03415154749199578,-0.028469750889679735,0.1647727272727273,-0.033333333333333326,-0.08338839698691691
2002-09-30,0.014460417431581218,0.01716981132075479,0.005160163537490492,0.10142651485407672,0.04219360772591396,0.09133790737564329,0.5808823529411764,0.5808823529411764,0.5816326530612246,0.5876288659793816,1.5547619047619046,-0.20633484162895932,-1.9083969465648853,-0.900709219858156,-0.18666666666666665,-0.1059229081792541,0.05708460754332312,0.0705394190871369,-0.05690537084398983,-0.08999999999999997,-0.20695577501073426,0.03302373581011353,0.027269027269027246,0.10365853658536572,-0.0344827586206895,-0.07641291810841988
2002-12-31,0.055402433252596195,0.26599888703394536,0.028393160368044956,0.003208174904943073,0.12664092664092674,0.06365422396856579,-0.21395348837209305,-0.21395348837209305,-0.25161290322580654,-0.2597402597402598,-0.49394221808014915,0.5986316989737743,-5.063025210084033,-3.5714285714285716,0.5901639344262295,-0.20119172800560814,0.4271938283510124,0.4651162790697674,0.1193220338983052,-0.14835164835164838,-0.24309691391445576,0.03296703296703307,0.06735340729001571,0.4729281767955802,0.0,0.26194192944114914
2003-03-31,0.11659500382494925,0.24454212454212465,0.16250671991398513,0.10257017647755529,0.016155879761088787,0.3239748799408939,0.5029585798816567,0.5029585798816567,0.4224137931034484,0.4385964912280702,0.6243093922651934,-0.2368045649072753,-0.5915201654601862,0.9166666666666667,0.7113402061855669,0.21061869240895126,0.09054054054054061,0.08201058201058187,0.01150817686250738,0.07741935483870965,-0.18597997138769673,0.030947775628626717,-0.08982925018559751,0.03975993998499616,0.03571428571428559,0.12877288471053938
2003-06-30,-0.0005906116374116976,-0.15399105250765244,-0.025698619277267576,-0.17015791169835648,0.07294276353825402,-0.2647879464285714,-0.5275590551181102,-0.5275590551181102,-0.5393939393939393,-0.5365853658536586,-0.31746031746031744,-0.14579439252336446,-1.1341772151898735,-2.763285024154589,-0.7329317269076305,0.09387459224356642,-0.07868649318463439,-0.0635696821515892,0.031137724550898138,0.08383233532934131,0.002636203866432263,0.030018761726078758,0.0734094616639478,-0.04617604617604609,0.0,0.019397260273972705
2003-09-30,-0.018154311649016597,-0.12593932646813244,0.028139408733387494,-0.08711974110032361,-0.017242927705433342,0.08425047438330169,-2.0666666666666664,-2.0666666666666664,-2.0394736842105265,-2.0394736842105265,0.07641196013289031,-0.462800875273523,0.8679245283018868,-1.158904109589041,0.43609022556390986,0.013253810470510219,-0.47679892400807,-0.47258485639686687,-0.020325203252032353,-0.016574585635359185,0.05521472392638027,0.030054644808743092,0.0011398176291794737,-0.46747352496217853,0.0,-0.042463986239518414
2003-12-31,0.06380007704160251,0.14328928514567751,0.10106839016025848,0.25737379466817933,-0.0370099607054738,0.05075253762688137,-0.3203125,-0.3203125,-0.30379746835443033,-0.30379746835443033,-0.6558641975308642,0.8289205702647657,-7.161616161616162,-2.1206896551724137,-0.3403141361256544,0.0114453891432309,-0.6195372750642674,-0.6287128712871287,-0.03971547125074104,0.028089887640449396,0.8679401993355482,0.028293545534924913,-0.09487666034155606,-0.6264204545454546,-0.0344827586206895,-0.09071516784551481
2004-03-31,0.011791065043226467,0.03314301629299532,0.016441556107933186,0.019284989286117105,-0.002657050673752104,0.29213857428381074,-3.5114942528735633,-3.5114942528735633,-3.4545454545454546,-3.4363636363636365,3.345291479820628,-0.36636971046770606,-1.4426229508196722,-3.0,1.0317460317460316,0.026834788231490547,-0.22635135135135143,-0.24,-0.006790123456790087,0.07103825136612008,1.6642952423299247,0.02751504729148735,-0.014255765199161385,-0.2395437262357415,0.03571428571428559,0.013581923694283349
2004-06-30,0.0012973359876529145,-0.05944197331176704,-0.00023571007660572185,-0.06638636866563397,0.00627973358705991,-0.2162928589842743,-0.42562929061784893,-0.42562929061784893,-0.4370370370370371,-0.4328358208955224,-0.4148606811145511,-1.59402460456942,2.9925925925925925,-2.3307692307692305,-0.67578125,-0.011649874055415621,0.05676855895196509,0.0350877192982455,-0.0049720323182099735,-0.005102040816326481,0.37867156208277697,0.02761506276150638,0.005104210974053558,0.010000000000000009,0.0,0.007430868558898851
2004-09-30,0.030894672176923876,0.12123817712811702,0.0421725804550277,0.128466461246741,-0.004538577912254205,0.08289473684210535,0.34262948207171307,0.34262948207171307,0.3421052631578947,0.3421052631578947,0.5044091710758378,-2.3520710059171597,-0.6447124304267162,-1.0751445086705202,0.15662650602409633,0.019114367633004115,2.3388429752066116,2.2033898305084745,-0.008119925046845777,0.025641025641025772,0.019004963079530368,0.026058631921824116,-0.034701650444350474,2.1881188118811883,0.0,-0.006408706166868172
2004-12-31,-0.015211926844066914,-0.08972392638036808,-0.04524503011622316,-0.15395925225792906,0.08529635258358659,0.14246658566221138,-0.33531157270029677,-0.33531157270029677,-0.33333333333333326,-0.3431372549019608,-0.4724501758499414,0.24288840262582068,-2.073107049608355,21.53846153846154,3.052083333333333,0.03000937793060343,0.43688118811881194,0.46031746031746024,0.05604534005037776,0.03499999999999992,-0.6954145877880732,0.026190476190476097,0.10214818062253395,0.38819875776397517,0.06896551724137945,0.07594012413289519
2005-03-31,0.036812920829115914,0.13802302723953952,0.07185380446050416,0.31591360476663355,-0.06590232802380536,0.25817601701675086,0.9151785714285714,0.9151785714285714,0.8529411764705881,0.8656716417910446,1.6911111111111112,0.6866197183098592,-1.902676399026764,-1.4027303754266212,-0.3033419023136247,0.08133535660091051,-0.01033591731266148,-0.018115942028985477,-0.06559332140727492,0.024154589371980784,-0.26677067082683303,0.026295436968290842,-0.09904534606205251,-0.06375838926174493,0.032258064516129004,-0.13516570523696425
2005-06-30,0.007979795836074555,-0.09327575570635416,0.007488463345215468,-0.07150268842562024,0.009837908741684664,-0.23140321217244297,-0.2261072261072261,-0.2261072261072261,-0.2222222222222222,-0.22399999999999998,-0.8687035507844756,-0.3768267223382046,-1.6442048517520216,0.6864406779661016,-0.8376383763837638,0.014875105248385978,0.06005221932114879,0.047970479704797064,0.008934269304403442,0.08962264150943389,0.039893617021276695,0.024868123587038493,0.0017660044150109577,0.0238948626045401,0.03125,-0.023541721161391416
2005-09-30,0.17041793873039257,0.788814804735338,0.24947888096544157,0.5587727318906837,-0.09296715531638522,0.2548803959307122,-0.9548192771084337,-0.9548192771084337,-0.9591836734693877,-0.9587628865979382,6.09433962264151,0.5711892797319933,3.1966527196652716,-6.994974874371859,27.113636363636363,0.0995575221238938,-0.22988505747126442,-0.2816901408450704,-0.1094244149272613,0.08658008658008653,0.04040920716112528,0.02499999999999991,-0.22476862053768176,-0.30105017502917153,0.030303030303030276,0.14760246450575942
2005-12-31,-0.052690280451168414,-0.2294994675186368,-0.07792606901396082,-0.056247148536792024,0.06352291325695592,0.119193689745837,16.133333333333333,16.133333333333333,17.75,17.75,-0.8891843971631206,-0.07569296375266521,-1.3479561316051845,-1.914501257334451,-0.8819725141471302,0.008802816901408494,0.05863539445629007,0.0,0.0625,0.1354581673306774,0.3461160275319568,0.023672883787661414,0.12222853894258101,-0.04340567612687818,0.0588235294117645,-0.18359010270774978
2006-03-31,-0.040182301557159184,-0.11077105341099813,-0.07522734847402757,-0.16830110497237571,0.10041358084062701,-0.029561472200469896,1.077821011673152,1.077821011673152,1.0533333333333332,1.04,6.872,0.13725490196078427,-0.7965616045845272,-0.9330889092575618,-0.5,-0.06930939915233114,0.08157099697885184,0.08333333333333326,0.10026737967914445,-0.1228070175438597,-0.0942293644996347,0.024526979677645278,0.14690982776089156,0.08726003490401402,-0.02777777777777779,0.06919228020014301
2006-06-30,0.002453308008863564,-0.05362495836571557,-0.01444164135303505,-0.08029560740679231,0.058386504676164686,-0.2826306233609037,-0.6985018726591761,-0.6985018726591761,-0.7012987012987013,-0.6993464052287581,0.021341463414634054,-0.020283975659229236,-0.5915492957746479,-1.1369863013698631,0.13698630136986312,-0.03053844093222613,-0.17597765363128492,-0.16289592760181004,0.04252733900364514,-0.11999999999999988,-0.11290322580645162,0.023255813953488413,0.055653710247349775,-0.1460674157303371,0.0,0.029014574140927785
2006-09-30,-0.010026051946001369,-0.05854059127170341,-0.05095990596839495,0.0494763452509932,0.11883722850772149,0.13413948256467934,3.062111801242236,3.062111801242236,3.0434782608695654,3.0217391304347823,0.4895522388059701,-0.1428571428571429,20.517241379310345,3.5,0.5421686746987953,0.07681680022105564,0.528813559322034,0.7027027027027029,0.1159673659673659,0.031818181818181746,0.2745454545454544,0.023395721925133728,0.13012552301255242,0.7105263157894737,0.0,-0.10291060291060283
2006-12-31,-0.017763157894736814,0.009096573208722702,-0.007100787141520293,-0.033981417756366095,-0.04687038677295541,-0.024051574510290052,-0.9525993883792049,-0.9525993883792049,-0.956989247311828,-0.9567567567567568,-0.6533066132264529,-0.1376811594202898,-1.3349358974358974,-0.6888888888888889,0.109375,0.02950987939440597,-0.1840354767184036,-0.12698412698412698,-0.03394255874673624,-0.07488986784140961,-0.37660485021398005,0.02286087524493796,-0.029618659755646037,-0.08021978021978027,-0.05714285714285705,0.044611819235225836
2007-03-31,-0.014085936390022091,-0.10298839219560385,-0.02073400598735997,-0.023955828657939215,0.0038720669093161852,0.19715447154471555,13.612903225806452,13.612903225806452,15.25,15.125,1.3314065510597302,0.11484593837535018,-3.1435406698564594,-3.4285714285714284,-0.23943661971830987,0.05383848454636109,-0.08695652173913038,-0.047272727272727244,0.0,0.09047619047619038,0.23398169336384433,0.022349936143039706,0.018313620755436855,-0.04420549581839894,0.0,-0.08097615085967835
2007-06-30,-0.004034997426659803,-0.004405286343612369,0.005095108695652106,-0.026368613138686103,-0.02977705777983497,-0.20840407470288624,-2.1699779249448126,-2.1699779249448126,-2.1692307692307695,-2.1782945736434107,-0.36942148760330573,0.10301507537688437,-1.1116071428571428,0.911764705882353,-0.6018518518518519,0.02696310312204364,-0.5357142857142857,-0.5267175572519085,-0.025945945945946014,0.026200873362445476,0.09411219286045447,0.0224859462835727,-0.025852379168227912,-0.5375000000000001,0.0,0.022480386240193218
2007-09-30,-0.20366274623286962,-0.05931969026548678,-0.18350794187225417,-0.21656826914066163,-0.2646895126023694,-0.03780160857908843,-5.371698113207547,-5.371698113207547,-5.796052631578947,-5.7631578947368425,-0.5937090432503276,-15.223234624145785,-248.4,-7.584615384615384,9.953488372093023,-0.0009212344541685846,3.068376068376068,2.967741935483871,-0.10821309655937839,0.025531914893617058,1.1627118644067793,0.02138057422113615,-0.07692307692307698,2.843243243243243,0.06060606060606055,0.20082632433230052
2007-12-31,0.01549602865597266,-0.021608114067323214,0.015176600441501042,-0.07344497607655498,0.0170847750865053,0.015045973808860413,-0.870953819594303,-0.870953819594303,-0.9574759945130316,-0.9571823204419889,-9.158064516129032,-1.0498078155028827,-1.2398544866612773,-1.4299065420560748,-0.39065817409766457,0.0557860765329643,0.20693277310924363,0.18292682926829262,0.018046048537647685,0.18257261410788383,-0.7468652037617555,0.02392344497607679,0.0016666666666667052,0.139240506329114,0.028571428571428692,0.05591054313099031
2008-03-31,-0.0018147892544028155,-0.026592548076923128,-0.005504213101386268,0.022721404595920536,0.012651499043163872,0.20477628328300845,1.2742474916387958,1.2742474916387958,2.8064516129032255,2.8064516129032255,-1.21787267694741,0.15434083601286175,-1.0117964273677116,0.09782608695652173,-0.7038327526132404,-0.04890829694323129,0.18146214099216706,0.1512027491408936,0.007334963325183352,-0.06666666666666665,-0.11609907120743035,0.023364485981308247,0.01455906821963393,0.1123456790123456,0.0277777777777779,-0.0482951239380891
2008-06-30,0.07653897367612417,0.31115912949529245,0.12432524769388453,0.18101489522847758,-0.06824146981627299,-0.21348826611984506,-0.5617647058823529,-0.5617647058823529,-0.559322033898305,-0.5677966101694916,-1.0417422867513613,0.3272980501392757,-29.057142857142857,-1.0297029702970297,0.07058823529411762,0.026170798898071723,0.4290976058931859,0.3522388059701491,-0.07160194174757284,0.018796992481203034,-0.09982486865148865,0.022260273972602773,-0.1344813448134481,0.3229744728079911,0.027027027027026973,0.11029591587185128
2008-09-30,-0.015746533146214436,-0.13678634490876984,-0.0684311282627853,-0.14803334758443776,0.17915492957746482,0.22566628041714942,0.7046979865771812,0.7046979865771812,0.6923076923076923,0.7058823529411764,-39.56521739130435,-0.3179433368310598,-1.2423625254582484,-1.1666666666666667,-0.01098901098901095,-0.004474272930648837,-0.5190721649484537,-0.5121412803532008,0.17647058823529416,0.07380073800738018,-0.22957198443579763,0.021775544388609847,0.1980104216011369,-0.523489932885906,0.026315789473684292,0.013215859030837107
2008-12-31,0.01628845549674951,0.04472930587753998,0.03464135433995508,-0.022205494919081636,-0.03707596751075015,-0.003072559678563014,-0.31496062992125984,-0.31496062992125984,-0.3295454545454546,-0.31034482758620696,0.4024802705749717,0.7984615384615386,-0.6050420168067228,18.0,-0.21111111111111114,-0.14921348314606742,0.009646302250803984,0.009049773755656076,-0.04055555555555557,-0.27835051546391754,0.6654040404040404,0.021857923497267784,-0.05258995650454723,-0.008802816901408494,0.025641025641025772,0.06836956521739124
2009-03-31,-0.008703302974817473,-0.048166035765565884,-0.03146379141839273,-0.10110341288170388,0.06271707849558394,0.13276434329065911,-0.28735632183908044,-0.28735632183908044,-0.288135593220339,-0.30000000000000004,0.187299035369775,-0.25235243798118046,4.6063829787234045,-5.0,1.0704225352112675,-0.150554675118859,-0.2579617834394905,-0.24887892376681608,0.05095541401273884,-0.11428571428571432,-0.22820318423047758,0.02352941176470602,0.07220367278798001,-0.25310834813499117,0.0,0.05890731508800484
2009-06-30,-0.0045577758054069495,-0.024821722435545812,-0.0076169395527488915,-0.1473023123037397,0.028107199551778983,-0.277940560904144,0.8306451612903225,0.8306451612903225,0.8095238095238095,0.8095238095238095,-0.7122545700744753,0.04576659038901609,-1.7741935483870968,-2.0657894736842106,-0.5510204081632653,-0.026430348258706382,0.06151645207439205,0.11641791044776117,-0.0049586776859503745,-0.06989247311827962,0.2819253438113949,0.02298850574712641,0.008563643441027669,0.11058263971462545,0.0,0.1436395080707149
2009-09-30,0.01421789526953754,-0.03656307129798908,0.008954636402401128,-0.08804820890525611,0.028792007266121633,0.05739130434782602,0.3083700440528634,0.3083700440528634,0.3157894736842106,0.3157894736842106,1.5411764705882351,0.045951859956236296,-1.3357843137254901,-0.8395061728395061,-0.19696969696969702,0.06898754391568196,0.03975741239892172,0.050802139037433136,0.02657807308970095,0.06936416184971095,-0.03218390804597704,0.022471910112359605,0.015052103434967323,0.09314775160599575,-0.050000000000000044,0.05645635554062012
2009-12-31,0.011096062917290483,-0.00496277915632759,0.019798439531859557,0.2542217327459617,-0.012536417409728995,-0.10773026315789469,-1.0151515151515151,-1.0151515151515151,-1.01,-1.01,-0.25555555555555554,-0.005230125523012608,-2.051094890510949,-0.7692307692307692,-0.05660377358490565,0.08963250672243794,-0.23201555411535968,-0.21882951653944016,-0.017799352750809017,0.06486486486486487,0.0387965162311954,0.021978021978022122,-0.02357414448669215,-0.16650342801175322,-0.052631578947368474,-0.20660039761431415
2010-03-31,-0.009188325421817023,-0.11500660114419836,-0.016385603621409617,-0.04990487340845895,0.010996870809119264,0.2804915514592934,-20.333333333333332,-20.333333333333332,-29.999999999999996,-29.999999999999996,1.0522388059701493,-0.8201892744479495,-11.027777777777779,-12.666666666666666,0.7,0.06553331505346871,-0.06497890295358644,-0.061889250814332275,0.01812191103789118,0.08121827411167515,0.3650914634146343,0.021994134897360684,0.02063862928348925,-0.018801410105757865,-0.02777777777777779,-0.06855768267014128
2010-06-30,-0.00889405402841359,0.05668821481849817,-0.047642197374817674,-0.12646333949476274,0.09683409975238777,-0.20033589251439543,9.120689655172415,9.120689655172415,9.275862068965518,9.275862068965518,-1.147878787878788,-11.713450292397662,-0.12603878116343492,8.314285714285715,3.8352941176470585,0.03705609881626337,1.012635379061372,1.0763888888888888,0.11218985976267537,0.018779342723004744,0.10273590173087666,0.02199904351984694,0.10911865700114465,1.0958083832335328,-0.02857142857142847,0.2096201441945551
2010-09-30,0.010553268881018374,-0.05960784313725487,0.01674323634507391,-0.13119379298183742,-0.004111908409255793,0.1851185118511851,-0.6734809767177741,-0.6734809767177741,-0.6711409395973155,-0.6711409395973155,-2.959016393442623,-1.237991266375546,-0.9944532488114105,-0.8926380368098159,0.08515815085158152,0.036476426799007644,-0.02959641255605383,-0.00836120401337792,0.010669253152279179,-0.06451612903225812,-0.5032911392405063,0.02152550304164702,-0.014791881664946716,-0.027999999999999914,0.02941176470588225,0.08246597277822265
2010-12-31,0.013924080608112899,-0.09924937447873228,0.03156274056966901,0.17170692104729035,-0.02874028497409331,-0.05164556962025313,-0.48173913043478256,-0.48173913043478256,-0.4693877551020408,-0.47959183673469385,-1.1234309623430963,0.8486238532110091,-69.71428571428571,-11.971428571428572,-0.8609865470852018,0.032559253052429904,0.10351201478743066,0.12141652613828002,-0.03023032629558542,0.019704433497536922,0.03669724770642202,0.021071919377004145,-0.04294692737430161,0.08641975308641969,0.028571428571428692,-0.23126232741617359
2011-03-31,-0.0009342083751781027,-0.08666666666666667,-0.00788449059052565,-0.22033604711588428,0.01692089689088938,0.08302189001601712,0.6073825503355705,0.6073825503355705,0.596153846153846,0.6078431372549018,-16.45762711864407,-0.0669975186104218,-1.0706860706860706,-1.328125,2.032258064516129,0.02735914676559248,0.08793969849246208,0.1037593984962406,0.026224641266699544,0.05797101449275366,-0.08456243854473933,0.021982951996410982,0.01860634804815753,0.11688311688311703,0.0,0.17147744280521704
2011-06-30,0.014821048694391825,0.006082725060827299,0.029335775255911356,0.22506109753388137,-0.02155737704918037,-0.17648508750308112,-0.29853862212943627,-0.29853862212943627,-0.28915662650602414,-0.29268292682926833,-0.5888157894736843,0.04122340425531923,-9.823529411764707,-1.8571428571428572,-0.574468085106383,0.03610923042202652,-0.4522709776751346,-0.4632152588555859,-0.01060752169720347,0.009132420091324311,-0.06766917293233088,0.021510096575943827,-0.03617478510028649,-0.45833333333333337,-0.02777777777777779,-0.17877349881365223
2011-09-30,0.014259058763907762,0.06146715034260386,0.021192095062591454,-0.0032644178454842576,-0.004021110831867292,0.13828195151152345,0.16666666666666674,0.16666666666666674,0.1694915254237288,0.18965517241379315,1.9626666666666668,0.05874840357598976,-1.5,-2.2222222222222223,1.65,0.0448703986059682,-0.09978917779339436,-0.11675126903553301,-0.004873294346978474,0.05882352941176472,0.9124423963133643,0.021486892995272955,-0.01820884429580083,-0.09928443649373886,0.0,0.06489609956661857
2011-12-31,0.035975471269589,0.030947408391873932,0.05329641268162155,0.26673944687045115,-0.03726133400622422,-0.1643439389955298,-0.4872448979591837,-0.4872448979591837,-0.49275362318840576,-0.4782608695652174,-0.4734473447344735,0.15440289505428217,-2.7466666666666666,-1.8333333333333335,-0.5188679245283019,0.06107984156764634,-0.05308352849336451,-0.08045977011494243,-0.039177277179236025,0.06410256410256432,0.1795180722891565,0.02061421960454357,-0.07191521574564719,-0.027805362462760663,-0.05714285714285705,-0.18616299697380778
2012-03-31,0.01050116192397077,-0.07569060773480663,0.0003840018904708309,-0.044240160873312284,0.06290407129128073,0.09880427942101955,1.4577114427860698,1.4577114427860698,1.4857142857142858,1.3888888888888888,1.7743589743589743,-0.011494252873563204,-3.4656488549618323,-1.2818181818181817,0.303921568627451,0.007269155206286904,0.01154163231657046,-0.006249999999999978,0.06218144750254839,0.04819277108433728,0.06894790602655787,0.021434460016487966,0.0538336052202284,0.052093973442288055,-0.06060606060606066,-0.03282472111809209
2012-06-30,0.007007571648623534,-0.06116756325961348,0.010009743998582676,0.02284340246468286,-0.0010685517014631385,-0.12571592210767468,-0.47773279352226716,-0.47773279352226716,-0.48275862068965514,-0.4767441860465116,-0.5224892174984597,-0.029598308668076112,-1.2662538699690402,-0.06451612903225812,0.21804511278195493,0.019699629412911923,-0.059494702526487364,-0.07232704402515733,-0.004318618042226441,-0.03831417624521072,0.0033444816053511683,0.02138821630347043,-0.008126934984520329,-0.03495145631067953,-0.032258064516129115,-0.08219541296566346
2012-09-30,0.010125818683212717,-0.01252122241086584,0.015932877272992974,-0.03585071995298261,-0.006418168353492959,0.1172617097936457,-0.18992248062015504,-0.18992248062015504,-0.20000000000000007,-0.20000000000000007,0.3729032258064515,0.002178649237472685,-2.308139534883721,-3.793103448275862,-0.5,0.030604437643458438,-0.13951473136915082,-0.14915254237288134,-0.00867469879518068,0.03585657370517947,0.08714285714285697,0.020940339786645668,-0.016387046429964802,-0.10965794768611681,-0.06666666666666654,0.024266936299291997
2012-12-31,-0.0010237597577101853,0.1046636578551472,0.03467526114356412,0.18302346845473938,-0.12480331262939959,-0.080328349457637,-4.15311004784689,-4.15311004784689,-4.166666666666666,-4.166666666666666,-0.3656015037593985,0.14782608695652177,-3.4355555555555557,-3.0617283950617282,2.0617283950617282,-0.045842613214550965,-0.7351460221550856,-0.7410358565737052,-0.13028682547399129,-0.03846153846153855,0.10950503723171257,0.02051083591331282,-0.1269337564458548,-0.7389830508474576,0.0,-0.06628120152305728
2013-03-31,0.005935351637559316,0.0015564202334630295,-0.0006952942485259905,-0.10189359783588814,0.028387585162755524,0.12304749760918066,-1.7511380880121397,-1.7511380880121397,-1.7543859649122808,-1.7543859649122808,0.5585185185185184,-0.18371212121212122,-1.7354014598540146,-2.275449101796407,-0.8588709677419355,0.07158140439603211,0.034220532319391594,0.0,0.02683063163778643,0.23199999999999998,3.1034346624555864,0.021236253318164477,0.023171285779191475,0.0,0.0,0.11523938982026882
2013-06-30,0.027803718482044326,0.13888888888888884,0.03278506025437644,0.058089500860585286,0.03606919396393082,-0.15413000283848988,-0.591919191919192,-0.591919191919192,-0.5930232558139534,-0.5930232558139534,-0.2975285171102662,0.1867749419953597,-2.0893300248138957,-1.727699530516432,4.428571428571429,0.04955527318932651,-0.16911764705882348,-0.19999999999999996,0.03429504627109403,0.022727272727272707,0.04954781604771985,0.02079465280356474,0.008880994671403242,-0.18181818181818177,0.0,0.07638136511375948
2013-09-30,0.001280303968942409,-0.11137642844959916,-0.003233716888086491,-0.12525416836112235,0.021225577264653683,0.15167785234899323,1.8168316831683167,1.8168316831683167,1.8000000000000003,1.8000000000000003,0.5683355886332881,-0.5474095796676441,-2.364464692482916,-0.37419354838709673,0.5105263157894737,0.03389830508474567,1.4911504424778763,1.4423076923076925,0.01947368421052631,0.0,0.2743606196718307,0.020734812659148893,0.020686619718309762,1.455026455026455,-0.0357142857142857,0.015853044791142468
2013-12-31,0.03316284441511308,0.1401151631477926,0.032658357890183565,0.08383697505036425,0.034785633533350735,-0.07196969696969702,-0.24253075571177507,-0.24253075571177507,-0.24489795918367352,-0.24489795918367352,-0.5832614322691976,1.3974082073434126,-2.0951585976627713,-0.7010309278350515,0.10104529616724744,0.08163265306122436,1.7087033747779747,1.755905511811024,0.03355704697986561,0.060317460317460325,-0.5570421522083153,0.019957234497505416,0.0021561017680034045,1.786637931034483,0.0,0.0518949715135002
2014-03-31,0.009781220057489604,-0.07777777777777772,0.014556116972537003,-0.09193594509579639,-0.005546684595344131,0.13971742543171106,-0.12064965197215782,-0.12064965197215782,-0.1216216216216216,-0.1216216216216216,0.5590062111801242,-0.1720720720720721,-0.8810975609756098,-4.0344827586206895,-0.2784810126582279,0.04670584596350147,-0.09049180327868855,-0.08571428571428574,0.004495504495504399,0.011976047904191711,-0.6248782072101331,0.020964360587002018,-0.004733218588640287,-0.07579273008507348,0.0,0.015542211232779879
2014-06-30,0.018048471909223984,0.015151515151515138,0.02696565427192743,0.14045032278381364,-0.0111552438096848,-0.22506887052341595,-0.5804749340369393,-0.5804749340369393,-0.5846153846153845,-0.5846153846153845,-0.07835325365205847,0.37867247007616966,8.794871794871796,-3.1704545454545454,0.8377192982456141,0.040336879432623984,-0.038932948810382006,-0.04062500000000002,-0.012928891098955675,0.035502958579881616,0.12077922077922065,0.02053388090349073,-0.02896670990056205,-0.014225941422594035,-0.03703703703703709,-0.10979710144927535
2014-09-30,0.015145925163595475,-0.02067973386081645,0.019448213478064247,0.046389617561783725,0.0005127766857533356,0.08425168858869525,2.3270440251572326,2.3270440251572326,2.3703703703703702,2.333333333333333,0.38760806916426516,0.0631412786108918,-0.7604712041884817,-2.0523560209424083,-0.4797136038186157,-0.03195568811248406,-0.03300825206301583,-0.0456026058631922,-0.0015113350125944836,-0.019999999999999907,-0.0027037466203166938,0.02012072434607659,-0.014247551202137054,0.00339558573853993,-0.03846153846153855,-0.06407918728835638
2014-12-31,0.039174429503242125,0.03103195005508641,0.04431627723553189,-0.05027048423274838,-0.012983684974801402,-0.03508196721311474,-0.5406427221172023,-0.5406427221172023,-0.5384615384615385,-0.5333333333333334,0.06853582554517135,0.22345953971789156,2.92896174863388,-1.4975124378109452,0.45871559633027514,0.0740903755868545,-0.12412723041117135,-0.14334470989761083,-0.008577194752775075,0.07580174927113692,0.10766847405112312,0.01972386587771191,-0.03929539295392959,-0.10913705583756339,-0.040000000000000036,0.0855830782076259
2015-03-31,0.015259447420251426,-0.10008904719501333,0.008732593816379586,0.1143373159210892,0.03946343574210309,0.1583418280665987,1.2057613168724282,1.2057613168724282,1.166666666666667,1.166666666666667,0.0991253644314869,-0.09041262135922334,-0.5479833101529903,-1.43,-0.1352201257861635,0.011747029094385963,0.11248892825509293,0.095617529880478,0.03715012722646316,0.02168021680216814,0.1562937062937062,0.02095422308188266,0.023977433004231274,0.14055080721747393,-0.04166666666666663,-0.1924112293295731
2015-06-30,0.014250489520632348,-0.11893924401345735,0.0081188582124474,-0.16020446328387983,0.03421863291982352,-0.19419184511586973,-0.22947761194029848,-0.22947761194029848,-0.23076923076923084,-0.23076923076923084,-0.09018567639257291,0.05737158105403606,0.6984615384615385,-0.9069767441860466,-0.014545454545454528,-0.049142702848656517,0.15207006369426757,0.14909090909090916,0.025515210991167825,-0.08222811671087538,-0.14817054732385848,0.02020839911588257,0.01974288337924701,0.17985012489592012,-0.0434782608695653,0.04904761904761901
2015-09-30,0.01174430660326764,-0.07389937106918243,0.005477290133915069,0.0014845605700712916,0.013685396876509381,0.08154350200218419,0.4358353510895885,0.4358353510895885,0.4285714285714286,0.4285714285714286,0.2565597667638484,-0.20126182965299688,-1.108695652173913,7.25,-0.12177121771217714,0.016896209001845852,0.015894955079474693,0.018987341772151778,0.011961722488038173,-0.00867052023121384,-0.13241036563720265,0.020117610646858575,0.0018009905447997632,0.043754410726887905,0.0,-0.07520048418822833
2015-12-31,0.03883460838530706,0.01649284501576531,0.043210303995568244,0.2036762525941298,0.00571791613723005,-0.13968360821272297,-0.3979763912310287,-0.3979763912310287,-0.4,-0.41000000000000003,-0.2095901005413766,0.7006319115323856,-26.0,-12.181818181818182,1.5504201680672267,-0.0266685283440381,0.04013605442176882,0.04037267080745344,0.00378250591016549,-0.03790087463556857,-0.058510638297872286,0.019720873786407633,-0.031910112359550546,0.09871534820824879,-0.045454545454545525,-0.15559554973821987
2016-03-31,0.012041430685238996,-0.11453113815318539,0.00652727071578707,-0.07413793103448274,0.017056222362602735,0.14280125195618143,0.46778711484593827,0.4873949579831933,0.4666666666666668,0.4915254237288136,0.16634050880626217,-0.2916860195076637,-1.0373333333333334,-2.05420054200542,-0.6408566721581548,0.014488595610385957,-0.020274689339437657,-0.023880597014925398,-0.015544041450777257,0.00909090909090926,-0.039548022598870025,0.02082713478131515,0.005106778087279329,0.04123076923076918,-0.09523809523809523,-0.043596202286378616
2016-06-30,0.03132509873119904,0.11641067097817293,0.009386678390855163,-0.03351955307262566,0.10652173913043472,-0.11057856898322493,-0.13740458015267176,-0.1487758945386064,-0.17045454545454553,-0.17045454545454553,-0.3070469798657718,0.4426229508196722,-28.375,-1.4087403598971722,0.7293577981651376,0.03676470588235281,-0.014686248331107987,-0.003058103975535298,0.089952153110048,0.054054054054053946,0.046606334841628794,0.020402215097639065,0.07251732101616626,0.03427895981087481,0.0,0.15518638573743937
2016-09-30,0.1341067965911127,-0.08303161959932415,0.1631204129189625,0.24236168455821638,0.049536907100757865,0.20554272517321026,0.5265486725663717,0.5265486725663717,0.5068493150684934,0.5068493150684934,0.6561743341404358,1.4109090909090911,1.4853228962818004,-1.7924528301886793,-0.3342175066312998,0.03286961265684685,0.004742547425474086,-0.0030674846625765584,0.04784899034240553,-0.054131054131054124,0.023346303501945664,0.01999428734647246,-0.07450473729543494,0.03485714285714292,-0.052631578947368474,-0.26201332865661175
2016-12-31,0.028894093305938284,0.11818899710450115,0.025520999119965637,-0.10103024260551674,-0.023599411686054284,-0.014687100893997496,-0.33768115942028987,-0.33768115942028987,-0.3363636363636364,-0.3363636363636364,-0.45833333333333337,-0.6843891402714932,-0.75249343832021,-1.0793650793650793,0.03984063745019917,-0.030635151195035126,0.013486176668914274,-0.0030769230769231992,-0.025974025974025983,-0.07228915662650592,-0.059991550485847145,0.019602352282273694,-0.050721265704979146,0.002208724461623346,0.0,0.2440589353612166
2017-03-31,0.0173439463762044,0.00870998116760835,0.016450611648712865,-0.03364140480591493,0.02136254707292018,0.09656513285806878,0.38293216630196936,0.47483588621444195,0.3835616438356164,0.3835616438356164,0.835357624831309,0.01194743130227005,-0.4072110286320254,21.5,0.8620689655172413,0.023293829178586023,0.029940119760479167,0.0,0.020215053763440904,0.04870129870129869,-0.018426966292134805,0.020873386432298968,0.0039215686274511885,0.026446280991735627,0.0,0.043744030563514835
2017-06-30,0.014412782078734976,-0.08728121353558926,0.018429703077005977,0.21168069370058662,0.0037541060534960202,-0.16873522458628842,-0.38291139240506333,-0.42136498516320475,-0.38613861386138615,-0.38613861386138615,-0.2705882352941177,-0.04250295159386064,-0.27728085867620755,-2.0044444444444443,-0.46502057613168724,0.05045260915867944,-0.03875968992248069,-0.07098765432098764,-0.01770657672849907,0.03095975232198156,0.011904761904762085,0.020177562550443895,-0.0107421875,-0.04401502952227587,-0.05555555555555547,-0.24670571010248898
2017-09-30,0.020148304511379944,0.021222193812324264,0.0033864225620403587,-0.09924226478636078,0.08729045615441122,0.13011020263064355,0.7051282051282051,0.7051282051282051,0.6612903225806452,0.6612903225806452,0.32258064516129026,-0.04007398273736129,-0.4752475247524752,-0.8539823008849557,-0.12692307692307692,-0.011151945254086915,-0.032930107526881636,-0.029900332225913595,0.0858369098712446,0.006006006006006093,0.020361990950226172,0.02030590717299563,0.06564659427443242,-0.0151600224592926,0.0,0.13362487852283778
2017-12-31,0.015837434176493304,0.08512769153730604,0.005730457557700186,0.12583245706274093,0.05294840294840286,0.009751494180559872,0.9729323308270676,0.9729323308270676,0.9805825242718447,0.9805825242718447,-0.3254573170731707,-0.28066795118818244,-0.39622641509433965,2.242424242424242,-0.4713656387665198,0.03203895937459955,0.33495482974287705,0.37671232876712324,0.03992094861660078,-0.05074626865671639,0.0536585365853659,0.019384853967433502,0.03659101435849932,0.37742303306727476,0.0,-0.036005143591941735
2018-03-31,0.010041130769733009,-0.01222888786340559,0.0016953596084943179,-0.03082191780821919,0.031909928829774836,0.0797507788161993,-0.6166158536585367,-0.5990853658536586,-0.6225490196078431,-0.6225490196078431,0.39209039548022595,0.05624999999999991,-0.21875,-2.3925233644859816,1.7833333333333332,-0.07698994163665718,-0.08849557522123885,-0.05721393034825861,0.0304066894716839,-0.11006289308176098,-0.33459595959595967,0.02129817444219073,0.021894548704200156,-0.054635761589404086,0.0,0.019119608714984526
2018-06-30,0.009320784962639328,0.07685120298995551,0.012684952540480188,-0.04507977299496735,0.021199615580304254,-0.10905943450663591,-0.10735586481113324,-0.14638783269961975,-0.10389610389610393,-0.10389610389610393,-0.031655844155844104,-0.10989010989010994,-2.2,-0.8657718120805369,0.05988023952095811,-0.12363783129288308,-0.025128498001142252,0.005277044854881341,0.019181113980081044,-0.15194346289752658,-0.0759013282732448,0.020605759682224445,0.011805859204197633,-0.0013134851138353332,0.0,0.1276178010471205
2018-09-30,0.012897854626961358,0.23687635574837307,0.010630782749530443,0.03296703296703307,0.02247564216120468,0.11755181347150256,0.9020044543429844,0.9020044543429844,0.8985507246376814,0.8840579710144929,0.07795473595976521,0.07597340930674257,0.0,0.6499999999999999,0.09322033898305082,0.07338041142155349,0.03163444639718804,0.052493438320209806,0.020267824828085423,0.054166666666666696,0.05612594113620806,0.020432984675261556,0.009507346585998278,0.04208680403331866,0.0,0.1975236989746565
2018-12-31,-0.014769479780481043,-0.09487898982813048,-0.04756546644844517,-0.16988710377768124,0.08863021115322134,-0.026079397276151828,-0.24941451990632324,-0.24941451990632324,-0.2595419847328245,-0.24615384615384617,-0.17418351477449456,-1.8923212709620476,16.241666666666667,-0.8787878787878788,0.010335917312661591,0.043192219679633714,-0.2453151618398638,-0.2194513715710722,-0.10748492373181984,0.02371541501976293,-0.014906027219701912,0.019785458879618467,0.10488013698630128,-0.222549432057215,0.0,0.09030694668820693
2019-03-31,0.2841594578637985,0.15772137182716528,0.29694268428024206,0.2784098339217993,0.33829014770975285,0.1478726569473372,-2.060842433697348,-2.060842433697348,-1.8865979381443299,-1.8775510204081631,0.10263653483992474,-1.545994065281899,-0.8148864185596907,58.0,0.6035805626598465,-0.008637236084452882,-0.54477050413845,-0.5175718849840256,0.33306836248012717,0.10810810810810811,0.2717105263157895,0.0212716222533893,0.041844246416117725,-0.5027056277056277,-0.05882352941176472,-0.09438435323751682
2019-06-30,0.007675855038279389,-0.04150627615062763,-0.0001932233800290284,-0.027925531914893664,0.029283882715819942,0.02903058579574913,-1.0794117647058823,-1.0794117647058823,-1.0813953488372092,-1.058139534883721,-0.024765157984628527,1.3206521739130435,-1.1879895561357703,-1.2838983050847457,-0.10685805422647532,0.051583460102337275,-0.371900826446281,-0.35761589403973515,-0.03130590339892658,-0.2090592334494774,0.8644593895499226,0.02105745021744121,-0.03718854592785403,-0.353645266594124,0.0,-0.013907068062827155
