Quarter end,Assets,Current Assets,Liabilities,Current Liabilities,Shareholders equity,Revenue,Earnings,Earnings available for common stockholders,EPS basic,EPS diluted,Cash from operating activities,Cash from investing activities,Cash from financing activities,Cash change during period,Cash at end of period,Price,ROE,ROA,Book value of equity per share,P/B ratio,P/E ratio,Cumulative dividends per share,Equity to assets ratio,Net margin,Asset turnover,Current ratio
1993-12-31,0.03937602893153058,0.16157445637214418,0.04107505070993911,0.11823286365081054,0.0356188780053428,0.10565832426550603,0.23364485981308403,0.23364485981308403,0.23404255319148937,0.05063291139240489,0.44729605866177824,0.015410958904109595,-2.7021563342318062,-1.1745283018867925,1.0258064516129033,0.1385263157894736,0.07410674900749892,0.03681710213776723,0.0345679012345681,0.017964071856287456,0.01679496151154658,inf,-0.0030333670374115274,0.08080808080808066,0.028846153846153966,0.03871135359833722
1994-03-31,0.03937602893153058,0.16157445637214418,0.04107505070993911,0.11823286365081054,0.0356188780053428,0.10565832426550603,0.23364485981308403,0.23364485981308403,0.23404255319148937,0.05063291139240489,0.44729605866177824,0.015410958904109595,-2.7021563342318062,-1.1745283018867925,1.0258064516129033,0.1385263157894736,0.07410674900749892,0.03681710213776723,0.0345679012345681,0.017964071856287456,0.01679496151154658,inf,-0.0030333670374115274,0.08080808080808066,0.028846153846153966,0.03871135359833722
1994-06-30,-0.0058683007893644,-0.01571879936808851,-0.027614372962643796,-0.09881572714353382,0.043852106620808184,0.10565832426550603,0.23364485981308403,0.23364485981308403,0.23404255319148937,0.05063291139240489,0.44729605866177824,0.015410958904109595,-2.7021563342318062,-1.1745283018867925,-0.0883757961783439,0.05288461538461542,0.07410674900749892,0.03681710213776723,0.042959427207637235,0.017964071856287456,0.01679496151154658,1.0,0.05104800540906029,0.08080808080808066,0.028846153846153966,0.0922127730531932
1994-09-30,-0.009716345400407445,-0.02046384720327421,-0.0273967324290999,-0.07106812447434818,0.027429983525535384,-0.03109930124987703,-0.18308080808080807,-0.18308080808080807,-0.18103448275862066,0.05063291139240489,0.09056364787840399,-0.11635750421585156,-0.10530482977038802,-1.5045045045045045,0.04890829694323151,0.03863716192483313,0.07410674900749892,0.03681710213776723,0.028604118993134975,-0.00588235294117645,0.01679496151154658,0.5454545454545456,0.03795432614988736,0.08080808080808066,0.028846153846153966,0.054503816793893156
1994-12-31,-0.026955741942290445,-0.0899557594625594,-0.054197535755318715,-0.143843368039837,0.027980437745530384,0.029659725749111132,-0.0015455950540957941,-0.0015455950540957941,0.0,0.05063291139240489,-0.26132404181184665,1.732824427480916,0.08584070796460175,-13.633928571428571,-0.6436303080766028,-0.059519783564423445,0.07410674900749892,0.03681710213776723,0.027808676307007785,-0.08579881656804733,0.01679496151154658,0.33823529411764697,0.057018903005887855,0.08080808080808066,0.028846153846153966,0.06290719559866798
1995-03-31,0.04876395966605229,0.15538350738206708,0.04578394001591746,0.1266358228684732,0.054125721416315775,0.03600670809904316,0.48452012383900933,0.48452012383900933,0.4736842105263157,0.05063291139240489,-0.22091194968553463,-0.7185754189944134,-1.1458842705786472,-1.5830388692579507,0.9637850467289719,0.028047464940668787,0.07410674900749892,0.03681710213776723,0.36471861471861455,0.0,0.01679496151154658,0.2637362637362637,0.006156552330694787,0.08080808080808066,0.028846153846153966,0.02553973983518354
1995-06-30,-0.014835491457961814,-0.053529686769518414,0.21441159977569502,0.6708905315029918,-0.4389612311334714,0.054656255951247346,-0.021897810218978075,-0.021897810218978075,0.2142857142857144,0.05063291139240489,0.3491422805247224,0.8808933002481389,-8.458100558659218,-1.9018181818181819,-0.44259369422962525,0.1336131514515564,0.15318275154004102,0.03681710213776723,-0.47501982553528943,-0.16828478964401294,0.01679496151154658,0.22608695652173916,-0.4385198135198135,0.025367156208277786,0.028037383177570208,-0.4335237083277992
1995-09-30,-0.003305611669333852,-0.04470239565324774,-0.01998746660509909,-0.05371813777122392,0.06316761176315433,-0.07908992416034666,-0.1801705756929638,-0.1801705756929638,-0.18823529411764706,0.05063291139240489,0.6020942408376964,-0.01978891820580475,-0.33932584269662924,-1.6545698924731183,0.5197438633938101,0.05492132058006782,0.14957264957264949,0.03681710213776723,0.06495468277945604,1.0077821011673151,-0.05849965588437711,0.18439716312056742,0.0690192008303061,0.02864583333333348,0.009090909090909038,0.009495896834700979
1995-12-31,-0.017872654049643333,-0.05592899000344709,-0.03591020765321573,-0.05528346690412589,0.04639047382783423,0.01813725490196072,-0.18465539661898567,-0.18465539661898567,-0.2318840579710144,0.05063291139240489,0.06956115779645189,0.088829071332436,0.7380952380952381,-1.0328542094455853,-0.011235955056179803,-0.046797309154723465,0.11338289962825288,-0.008018327605956554,0.039716312056737646,-0.10465116279069764,-0.12280701754385959,0.15568862275449113,0.06650485436893194,-0.011392405063291089,0.0,-0.0006967831842991101
1996-03-31,0.03588657804459694,0.12405294386125054,0.010751937443272963,0.028041787762155268,0.08582266477003309,0.036976408281174766,0.4019138755980862,0.4019138755980862,0.4811320754716981,0.05063291139240489,-0.6678306416412048,-0.02966625463535233,-1.0887149380300065,-6.5625,0.06321022727272729,0.18134397054311124,0.10740122426266008,-0.024249422632794393,0.0859481582537518,0.13636363636363624,0.15833333333333344,0.13471502590673579,0.05097860719162495,-0.030729833546734975,0.009009009009008917,0.09343404997094695
1996-06-30,-0.004268971048614567,0.0014617508526879597,-0.03191268909304412,-0.06349327628361856,0.07587336244541487,0.035193611291670646,0.13879408418657557,0.13879408418657557,0.13375796178343946,0.05063291139240489,1.0959264126149804,-1.2356687898089171,-10.727941176470589,3.831460674157303,0.28724114896459585,0.04961038961038944,-0.04748743718592974,0.017751479289940697,0.0766331658291457,-0.0323809523809524,0.017985611510791477,0.12785388127853903,0.08228670420095296,0.018494055482166427,0.0,0.06929535551068122
1996-09-30,0.007145455490308095,-0.01759649691858578,0.0045308597930788785,0.004976747980745655,0.014003044140030507,-0.05938284894151413,-0.10289710289710285,-0.10289710289710285,-0.10112359550561789,0.05063291139240489,0.11347962382445131,-6.075675675675676,-0.4504913076341648,-0.713953488372093,0.06382978723404253,0.006928977975748651,-0.015563175943023033,0.03372093023255829,0.010501750291715295,-0.06496062992125984,-0.00636042402826853,0.11740890688259098,0.007202881152460927,0.03242542153048,0.0,-0.022462975847331257
1996-12-31,-0.019968525063852827,-0.08353281056541473,-0.053237205668217547,-0.10805325539860366,0.07165015510857597,0.08783139423993891,-0.04454342984409798,-0.04454342984409798,-0.050000000000000044,0.05063291139240489,0.2702702702702702,0.19382321618743337,1.8940852819807428,-9.0,-0.48,0.14966822315065142,0.005091103965702004,0.06299212598425186,0.06928406466512693,0.13684210526315788,0.10739687055476521,0.10144927536231885,0.09535160905840301,0.04271356783919589,0.01785714285714257,0.027554651753940007
1997-03-31,0.05014873509358475,0.17157524993245077,0.049441068347212846,0.11741148630199327,0.052946120085909154,-0.017182431840098156,0.18881118881118875,0.18881118881118875,0.18421052631578938,0.05063291139240489,-0.739804964539007,0.01605709188224802,-1.501425855513308,-1.41869918699187,0.38649155722326456,0.11115861479264644,-0.014929352172753929,0.030687830687830653,0.056155507559395135,0.03888888888888897,0.03211303789338471,0.09539473684210531,0.0036271309394269036,0.028915662650602414,0.0,0.04838709677419373
1997-06-30,0.03802767472174873,0.01806580565805649,0.02677294824134968,0.07298199885965628,0.07112451223838234,0.017036838819016964,0.11764705882352944,0.11764705882352944,-0.4388888888888889,0.05063291139240489,1.705281090289608,0.5136084284460052,-0.6976303317535545,-0.6140776699029127,0.10757780784844395,0.08330126971912288,-0.016508795669824106,0.017453798767967044,0.07055214723926384,0.026737967914438387,0.04604853764779082,0.0930930930930931,0.03361040838453211,0.03044496487119419,-0.00877192982456143,-0.05115620575743274
1997-09-30,0.02277282716317708,-0.014800271841727719,0.04713664055700617,0.024671676914901797,-0.03394601755257498,-0.023329240484125546,-1.0149122807017543,-1.0149122807017543,-1.0198019801980198,0.05063291139240489,0.11523929471032757,0.425754060324826,0.6175548589341693,-1.9559748427672956,-0.09285277947464876,0.15823122003196577,-0.26252063841496964,-0.2502522704339051,-0.0353390639923592,0.08159722222222232,0.11838191552647248,0.08791208791208782,-0.05629370629370645,-0.24431818181818177,-0.008849557522123686,-0.038495971351835356
1997-12-31,0.013930865130336256,-0.08990572545412734,0.03068586056717315,0.042376648392354443,-0.034110387384298946,0.017420977011494143,-16.411764705882355,-16.411764705882355,-12.5,0.05063291139240489,0.7154150197628459,-0.5219690805532954,-5.536821705426356,2.164473684210526,-0.3239057239057239,-0.11744863538791772,-0.2082089552238806,-0.22341857335127868,-0.02970297029702962,-0.0850722311396469,0.15531914893617005,0.07828282828282829,-0.048165987402741584,-0.1969924812030075,-0.0357142857142857,-0.12693978895096214
1998-03-31,0.06252619812770721,0.16186626242209878,0.0743500419327785,0.1245913290689411,0.03185448092280385,-0.03221535745807591,2.4580152671755724,2.4580152671755724,2.4782608695652173,0.05063291139240489,-0.956221198156682,0.028936170212765955,-1.897052541648868,-3.1205821205821205,1.0159362549800797,0.06897150799166085,-0.05513666352497637,-0.07798960138648192,0.0295918367346939,0.10175438596491237,0.33609576427255994,0.07259953161592514,-0.028026469443363178,-0.043071161048689244,-0.03703703703703709,0.03317928664533709
1998-06-30,0.04696780415105084,0.11677297767468842,0.04095235235836303,0.09543070214245075,0.06612778398830499,0.015959872321021473,0.058498896247240584,0.058498896247240584,0.0625,0.05063291139240489,12.045112781954888,0.1712158808933002,-0.5138095238095238,0.3205882352941176,0.665513833992095,0.2315943442223305,-0.08528678304239401,-0.11278195488721798,0.06541129831516357,0.19585987261146487,0.2991040661612683,0.07641921397379914,0.019623548257909462,-0.07436399217221135,-0.03846153846153855,0.01949764881293725
1998-09-30,-0.10900146535482524,-0.24884792626728114,-0.1049580340918923,0.05325102405815496,-0.10098402968220677,-0.4576301615798922,-1.6308654848800834,-1.6308654848800834,-1.6352941176470588,-1.6506024096385543,0.0,0.3622881355932204,-1.1361410381978452,-2.21826280623608,-0.4867991693859389,-0.13064133016627089,-0.2704471101417667,-0.27966101694915246,-0.09860465116279071,-0.18375499334221035,-0.04509283819628651,0.07099391480730244,0.006677140612725729,-0.18393234672304437,-0.12,-0.28687141410732364
1998-12-31,-0.09461269177454601,-0.20193553961807653,-0.22096545501417886,-0.36404469763365466,0.2519289431186076,0.009433962264151052,-6.322314049586777,-6.322314049586777,-6.277777777777778,-6.222222222222221,0.01729106628242083,-3.268532918610679,42.41726618705036,-0.8196221815965874,-0.17109826589595378,-0.10306618093503328,1.7795216741405082,2.0205882352941176,0.2559339525283799,-0.004893964110929905,0.2530555555555556,0.06628787878787867,0.3889972688255954,2.3886010362694297,-0.10227272727272718,0.25492979965294205
1999-03-31,0.0890336308905959,0.16836292767431793,0.13216132368148914,0.26296296296296306,0.012827862978357363,0.0321364158058699,-0.7940993788819876,-0.7940993788819876,-0.7929824561403509,-0.7943262411347518,-0.9167138810198301,-1.4766910420475319,-1.371499585749793,-0.9324324324324325,-0.300557880055788,-0.06769334912844815,-0.10083355740790545,-0.03407984420642651,0.012325390304026351,-0.2573770491803278,-0.6867656838838394,0.06216696269982247,-0.06994382022471923,0.095565749235474,-0.12658227848101278,-0.07492143306096788
1999-06-30,-0.11084900040508017,0.032063756834399104,-0.19251004749725975,-0.3920752915501603,0.042949126158635886,0.11104050833995238,0.3831070889894419,0.3831070889894419,0.3728813559322035,0.3793103448275863,9.503401360544217,-0.7516778523489933,-3.5187332738626225,-17.95,0.49651046859421744,0.2014884734071518,-0.05352870813397126,0.05443548387096775,0.04139610389610393,0.185430463576159,0.2696390658174097,0.058528428093645335,0.17396556931440643,0.1514305652477319,-0.08695652173913038,0.6977850251392854
1999-09-30,-0.07715395953369963,0.08709706384124982,0.06990633907967969,0.19519856405654035,-0.3022388059701493,-0.0733485845010009,7.211559432933479,7.211559432933479,7.950617283950617,7.9375,-0.16191709844559588,0.7953667953667953,-1.0653444306711528,0.6283185840707965,0.5356429047301798,0.005136727602356839,1.9873617693522907,2.0965583173996176,-0.2501948558067031,-0.03351955307262566,0.013377926421404673,0.055292259083728146,-0.24929251350656034,1.8884848484848487,0.07936507936507953,-0.09044341283816226
1999-12-31,0.18413869206644207,0.045097877261088604,0.15812399560179302,0.053876478318002574,0.25182304326689353,0.10291621663323558,-1.1885790172642763,-1.1885790172642763,-1.2248275862068965,-1.2279720279720279,0.4335394126738794,2.5236559139784944,0.8211382113821137,-2.519927536231884,-0.36399132321041217,-0.04178566060423872,-0.3631940772078266,-0.38530410620561906,0.2546777546777548,0.2774566473988438,-0.6908690869086909,0.05239520958083843,0.06202878684030155,-0.40054553084347466,0.02941176470588225,-0.008359732488560367
2000-03-31,0.041861833876940535,0.14636845016992028,0.04951615848092028,0.12878517990737448,0.026019417475728224,0.06225517627308341,-1.565492957746479,-1.565492957746479,-1.4662576687116564,-1.4662576687116564,-0.8194070080862533,-0.8715288373512359,1.2857142857142856,-2.642431466030989,0.9399727148703956,-0.06619607843137254,0.03703703703703698,0.014565544952285459,0.026512013256006606,-0.2564102564102564,0.5355871886120998,0.049786628733997196,-0.014520813165537327,-0.02870143507175349,0.04285714285714293,0.015618067264176139
2000-06-30,-0.0528904999529235,-0.13926232333678046,-0.07379701471765077,-0.15922360738519803,0.0028009084027251774,0.042275780323982604,-0.14321295143212953,-0.14321295143212953,-0.13157894736842102,-0.14473684210526316,3.892537313432836,-0.20427553444180524,-2.548828125,-1.8193033381712627,-0.39697609001406475,-0.10330925583739292,0.00048046124279310654,-0.04702970297029707,0.007263922518159882,-0.12576064908722118,-0.1263035921205099,0.04742547425474264,0.058611656843483795,-0.059819819819819875,0.013698630136986356,0.023678462210572127
2000-09-30,-0.004672316524591769,-0.0011213456147376455,-0.006874530428249481,-0.028716216216216228,-0.0009058654789764198,-0.18562041950972963,-0.18313953488372092,-0.18313953488372092,-0.18181818181818177,-0.18461538461538463,-0.286150091519219,-0.7462686567164178,-0.5884825556956704,-0.9769707705934455,-0.015160349854227428,-0.16747845635069325,-0.9214022730910837,-0.9194805194805195,0.0032051282051281937,-0.17401392111368896,-0.14986737400530503,0.04527813712807238,0.004021033096195614,-0.9164430816404753,-0.04054054054054057,0.028422669853192417
2000-12-31,-0.015555943968638464,-0.06535161574853665,-0.026099784393085468,-0.10579710144927534,0.004835663014733704,-0.02001551590380135,-0.5355871886120996,-0.5355871886120996,-0.5370370370370371,-0.5283018867924529,0.6461538461538461,3.7411764705882353,0.7517875383043922,4.730769230769231,-0.08821788040260514,0.007200720072007227,2.623217922606925,2.6838709677419352,0.0007987220447285281,0.00561797752808979,21.525741029641182,0.043316831683168244,0.02064078866296981,2.7568807339449544,-0.014084507042253502,0.045231969458046306
2001-03-31,0.025237153147668945,0.06451612903225801,0.03429525769992625,0.07250135062128571,0.008948041206105817,0.0859721342621913,0.896551724137931,0.896551724137931,0.8799999999999999,0.8799999999999999,-1.2710280373831775,-0.33002481389578164,-1.4029154518950437,0.3087248322147651,-0.12662337662337664,-0.0011170688114386929,-0.13659359190556497,-0.12259194395796846,0.008778930566640142,-0.0027932960893854997,-0.8585774638132835,0.04151838671411623,-0.015695744038635606,-0.10989010989010983,-0.014285714285714346,-0.007384468794664145
2001-06-30,-0.031839885208183816,-0.011605415860735047,-0.045249718362748825,-0.03868627846060846,-0.05358473692055443,0.02011955095494966,-1.4303030303030302,-1.4303030303030302,-1.446808510638298,-1.446808510638298,-2.111111111111111,0.13703703703703707,-1.036179450072359,-1.6974358974358974,0.10111524163568775,0.005144263028405316,-0.4433593749999999,-0.44510978043912175,-0.051424050632911444,-0.0028011204481792618,0.15817825661116536,0.039863325740319144,-0.02361238883777983,-0.430727023319616,-0.02898550724637672,0.028157747380209708
2001-09-30,0.0472479174119691,0.15525114155251152,0.08483775811209449,0.16883252986795227,-0.025277580911882813,-0.1937973417178791,-1.6666666666666665,-1.6666666666666665,-1.619047619047619,-1.619047619047619,0.4896551724137932,1.9315960912052117,-40.12,6.080882352941177,0.6502363268062121,-0.09256786826880281,-0.3695906432748538,-0.3848920863309352,-0.012510425354462118,-0.0449438202247191,0.6579281183932348,0.03833515881708638,-0.06972361809045224,-0.3614457831325302,-0.02985074626865669,-0.011670427137633332
2001-12-31,-0.01620183978722889,0.044678147939017476,-0.1500616343992459,-0.2766968528647,0.16755534011956708,-0.07303669562134374,26.570422535211268,26.570422535211268,28.615384615384617,28.615384615384617,0.0,0.0,-6.8149284253578735,2.446521287642783,1.3580196399345335,0.005885237861696924,5.19294990723562,5.309941520467836,0.20945945945945943,0.01764705882352935,0.6345320071410354,0.03691983122362874,0.19041188386225527,5.622641509433962,-0.06153846153846154,0.4443832165630166
2002-03-31,-0.0411220516381855,-0.10472265387473823,-0.058396962846052114,-0.14825833643237885,-0.01771381123719895,0.17460317460317465,-0.8776500638569604,-0.8776500638569604,-0.8753246753246753,-0.8753246753246753,-2.2384259259259256,-0.39555555555555555,-0.8468436785651485,-1.7586622476649594,-0.4369252125629013,0.09215017064846398,-0.018573996405032878,0.007414272474513428,-0.0188547486033519,-0.09537572254335258,-0.8350756748322672,0.03560528992878931,0.024106636415201166,0.026210826210826266,-0.016393442622950838,0.05106823632003499
2002-06-30,-0.058896562427252275,0.02663949890574302,0.02043127661502231,0.08441274923591902,-0.19343477035784729,0.09084988603060884,0.13361169102296455,0.13361169102296455,0.12500000000000022,0.12500000000000022,-1.611214953271028,0.5330882352941178,-0.904707233065442,-0.9539316918189039,-0.035747303543913755,0.006250000000000089,0.20360195360195354,0.19503219871205135,-0.1964412811387901,0.025559105431310014,0.0037842951750235443,0.03438113948919441,-0.14649681528662417,0.189339255968906,0.016666666666666607,-0.053253824215711676
2002-09-30,0.0018414687774845895,-0.002572772713907656,-0.0025305216426193544,0.0009394712119179527,0.010567685589519593,-0.1817910447761194,-0.13627992633517494,-0.13627992633517494,-0.12962962962962976,-0.12962962962962976,0.2813455657492354,-0.882494004796163,3.686746987951807,-3.853448275862069,0.10578459571748167,-0.10403726708074534,0.08115647983768715,0.09622786759045421,0.010628875110717528,0.11526479750778829,-0.23845428840716298,0.033238366571699984,0.008760545100584105,0.0714285714285714,0.016393442622950838,-0.0035053127396210693
2002-12-31,-0.05020438396751803,-0.008106713833001655,0.029686665479793595,-0.04853848216680079,-0.21674876847290636,0.03648303538854436,-6.53091684434968,-6.53091684434968,-6.553191489361702,-6.553191489361702,0.9463007159904535,7.704081632653061,0.6760925449871464,-0.3413897280966768,0.06300578034682092,0.006437236939836444,-1.2282430213464697,-1.2120786516853932,-0.22261174408413675,-0.005586592178770999,-0.05816831683168311,0.032169117647058876,-0.18012222579607584,0.0,0.06451612903225823,0.04248653402220515
2003-03-31,0.04225758932439838,0.11731926591871611,0.05083207261724665,0.12429537767756482,0.029791459781529195,0.2333685322069694,-1.2062451811873554,-1.2062451811873554,-1.2030651340996168,-1.2030651340996168,-1.3543838136112814,-0.7924970691676436,-2.7009202453987733,0.8119266055045871,0.10739532354540504,-0.019434194341943378,0.06372045220966083,-0.03311258278145701,0.029312288613303483,0.2612359550561798,0.0,0.03116651825467498,-0.010984699882306881,0.0,0.045454545454545414,-0.006221331786787632
2003-06-30,0.05855780955548173,0.03165314536507524,0.1478343136851632,0.468413136124342,0.04103717989928213,0.05151255707762559,0.26168224299065423,0.26168224299065423,0.26415094339622636,0.26415094339622636,-1.4826989619377162,6.254237288135593,-0.3841298467087466,-1.3721518987341772,-0.03609133316965385,0.04666332162568998,-0.08695652173913038,-0.136986301369863,0.041621029572836754,0.017817371937639104,0.0,0.030224525043177852,-0.01547005156683845,0.0,0.01449275362318847,-0.29741630855748313
2003-09-30,-0.021232033929366234,0.25647801985303587,0.0051245296541837515,0.08962868117797695,-0.09046932894195137,-0.16650834577283213,-2.293333333333333,-2.293333333333333,-2.3134328358208958,-2.3134328358208958,-0.6523297491039426,-0.3652647975077882,-0.21961932650073202,-0.18367346938775508,-0.030565461029037233,0.019894534995205992,1.6539682539682543,1.4484126984126982,-0.09253417455310187,-0.021881838074398363,0.0,0.029337803855825628,-0.07332796132151487,0.0,0.028571428571428692,0.15313750660726422
2003-12-31,-0.00928154924303215,-0.05289078130610991,-0.04588562464346835,0.021778300039169585,0.10682358266379999,0.054542494301530464,-1.7285223367697595,-1.7285223367697595,-1.7386363636363638,-1.7272727272727273,27.77319587628866,0.34846625766871164,-5.303939962476548,2.816666666666667,-0.12033631108775622,-0.005875440658049347,-1.4226475279106858,-1.4246353322528362,0.10776361529548084,0.09619686800894867,0.0,0.028501628664495238,0.12043478260869556,-0.8431372549019608,0.01388888888888884,-0.07307969353676902
2004-03-31,0.048273441507600046,0.09668508287292821,0.05104443032771577,0.0885532469523882,0.04314487271240153,0.24641037517369146,0.05031446540880502,0.05031446540880502,0.030769230769230882,0.03125,-1.1010390541024722,-0.6205641492265697,-1.459023539668701,-2.004366812227074,0.13739545997610514,0.024822695035461084,0.11037735849056607,0.11450381679389299,0.04184100418410042,-0.07551020408163267,4.9342969776609715,0.027711797307996777,-0.0038804811796663286,0.09444444444444455,0.013698630136986356,0.0074178735429175635
2004-06-30,-0.07250109459911913,-0.13211833851928678,-0.12959078465531337,-0.306662910269052,0.027442908948348554,-0.06763285024154586,-0.24700598802395213,-0.24700598802395213,-0.25373134328358216,-0.24242424242424243,-3.4609929078014185,-9.66906474820144,-3.3276353276353277,3.0999999999999996,0.4952731092436975,-0.00761245674740485,-0.1724723874256584,-0.14383561643835607,0.031124497991967814,-0.04635761589403975,-0.12599645704162976,0.026964560862865916,0.10829762368523577,-0.15989847715736039,0.027027027027026973,0.2517531556802244
2004-09-30,0.016050205487059932,0.01434099704074665,0.030307981374070758,0.10666395774075577,-0.021558714108556698,-0.23741198352597315,-0.34194831013916505,-0.34194831013916505,-0.33999999999999997,-0.33999999999999997,-0.5936599423631124,-1.1513139695712309,-1.189718482252142,-0.9231177094379639,0.025465402177730967,-0.016039051603905286,1.2073921971252566,1.3039999999999998,-0.09639727361246353,-0.04629629629629628,0.16569546491005815,0.026256564141035277,-0.03760984182776794,1.323262839879154,-0.013157894736842146,-0.08341736694677859
2004-12-31,-0.02618201694452038,-0.14660008976660677,-0.08242150333016174,-0.2712502294841197,0.10919372136102168,0.04529616724738683,-0.16012084592145015,-0.16012084592145015,-0.1515151515151515,-0.1515151515151515,7.99645390070922,0.3071297989031079,-10.929032258064517,-18.03448275862069,-0.4230176400068505,0.06756437514764935,-0.1995348837209302,-0.1597222222222222,0.2036637931034484,0.18203883495145634,-0.538795913931754,0.025584795321637488,0.14170927684441192,-0.15344603381014288,-0.013333333333333308,0.17107756249617978
2005-03-31,0.05088123035473724,0.13352179343895876,0.05577878591488439,0.17130620985010703,0.045969939351322875,0.23849999999999993,2.4784172661870505,2.4784172661870505,2.464285714285714,2.428571428571428,-1.0023649980291682,-0.06013986013986017,-1.4392462638076673,-1.4323886639676113,0.3170080142475511,0.1135206904182342,0.12202208018593841,0.17975206611570238,0.04834377797672351,-0.07597535934291588,0.3397737983034874,0.024946543121881826,-0.00351887396033268,0.1966205837173578,-0.013513513513513487,-0.03225469728601249
2005-06-30,0.002002937641874647,0.02424312724741906,0.003642167294156229,0.02118507366383482,0.046722689075630264,0.010765711209796747,0.04963805584281289,0.04963805584281289,0.05154639175257736,0.05208333333333348,-73.83333333333333,-1.3392857142857144,-0.9886587771203156,-0.6310861423220974,0.08879873788595893,-0.05961844197138311,0.19161056447436575,0.2329246935201401,0.04867634500426976,-0.10222222222222221,-0.19591980302497358,0.025730180806675884,0.04558587479935783,0.24646983311938397,0.0,0.0029662388091897807
2005-09-30,0.023907249466950997,-0.0014156285390714007,0.05439347604485212,0.13016006739679864,-0.0343609505459217,-0.21847956330714946,-1.0807881773399015,-1.0807881773399015,-1.088235294117647,-1.0891089108910892,-2.3775743707093824,-1.2236842105263157,38.34782608695652,-0.19796954314720816,0.0654108880149038,-0.1270076077768385,-0.1912212081703608,-0.16903409090909094,0.04478827361563531,-0.16831683168316836,-0.29965004374453186,0.025084745762711913,-0.05772182990482033,-0.16374871266735336,-0.013698630136986356,-0.11641662633758132
2005-12-31,-0.13449774839263873,-0.29560533030904457,-0.07757453884527632,-0.3046030562802833,-0.25947788493515134,-0.007325383304940369,-2.8658536585365857,-2.8658536585365857,-2.333333333333333,-2.4444444444444446,-5.5066445182724255,1.0980392156862746,-7.4165745856353595,-11.794303797468354,-0.6627161453273751,-0.01476640038731536,-0.004836109618484574,-0.042735042735042805,-0.26578332034294627,-0.05654761904761907,0.17676452217364136,0.024470899470899532,-0.15021179537308582,-0.05049261083743839,0.01388888888888884,0.012962512171373008
2006-03-31,0.03196992481202998,0.07728224118499427,0.02087787699660426,0.07182098351869226,0.06354552599079377,0.26892054230307183,4.339869281045751,4.339869281045751,6.333333333333334,5.769230769230769,-1.140434942867674,2.0373831775700935,-1.0743929739969003,-0.9179126355907359,-0.16129032258064513,0.007616707616707519,-0.01943844492440605,-0.0535714285714286,0.06475583864118883,0.3722397476340693,0.08280254777070062,0.023886378308586087,0.03220858895705536,-0.07263294422827504,0.013698630136986356,0.005106638630219207
2006-06-30,0.0012823128260426309,-0.01345090419967121,-0.02767853476243276,-0.002000250031253925,0.07621661564446325,0.0064917500676224815,0.19339045287637702,0.19339045287637702,0.19318181818181812,0.18181818181818188,-2.178477690288714,-0.3107692307692308,-2.976851851851852,1.2714285714285714,-0.4368131868131868,0.039746403316264445,0.03469162995594721,0.0018867924528302993,0.07676969092721841,-0.02298850574712641,0.08284313725490211,0.02332912988650704,0.07652303120356607,-0.018181818181818077,0.027027027027026973,-0.011476389719067615
2006-09-30,-0.00515178857292542,-0.009695500681714875,-0.00384339232166242,0.09369911061004643,-0.007258460029426206,-0.15224402042461704,-0.5025641025641026,-0.5025641025641026,-0.5047619047619047,-0.5,0.5478841870824054,0.5535714285714286,-0.46370023419203743,-0.839622641509434,-0.12439024390243902,-0.0347091932457787,0.3704097924427887,0.34463276836158196,-0.00462962962962965,-0.10352941176470587,-0.0493435943866003,0.022797288971041274,-0.0020703933747411307,0.2834757834757835,0.03947368421052633,-0.0945700810255169
2006-12-31,-0.07030427150380336,-0.015603487838457997,-0.07088951072670224,-0.0905967243156569,-0.06906432170734123,-0.005230622919638606,0.7958762886597939,0.7958762886597939,0.846153846153846,0.8076923076923075,3.277697841726619,0.28735632183908044,2.150655021834061,-11.745098039215685,1.5264623955431755,0.11953352769679304,0.2780582524271844,0.30952380952380953,-0.07534883720930241,0.12598425196850394,-0.1461904761904762,0.02228915662650577,-0.0006915629322269412,0.2741398446170922,0.025316455696202445,0.08247629223988251
2007-03-31,0.021902633980551922,0.051437451437451376,-0.0026923427945605427,-0.0158690176322418,0.08002547229887491,0.25,0.08495981630309979,0.08495981630309979,0.0625,0.07446808510638303,-1.0807265388496468,-0.3995535714285714,-0.7054747054747055,-1.8494525547445255,-0.5132304299889747,0.09874131944444464,0.021877848678213185,0.05561497326203213,0.08249496981891347,0.18648018648018638,-0.16452872281093134,0.021803182086034267,0.05916955017301051,0.023519163763066064,0.03703703703703698,0.06841877969029553
2007-06-30,0.011609644935792751,0.020839491575524782,-0.006268588423701704,0.04991041719989764,0.05051100628930816,0.003824091778202643,0.02857142857142847,0.02857142857142847,0.02941176470588247,0.02970297029702973,-3.595833333333333,0.4981412639405205,-0.7411764705882353,-1.1117078410311494,0.11778029445073623,0.0041477384949635265,-0.01338090990187335,0.010131712259371817,0.055762081784386686,-0.07269155206286837,-0.03337783711615483,0.021337946943483344,0.03952956550147002,-0.016170212765957426,0.023809523809523725,-0.027716826423374585
2007-09-30,0.032420091324200984,0.02294773418271312,0.08444608159130684,0.19417357386640655,-0.07221702525724971,-0.1523809523809524,-0.45884773662551437,-0.45884773662551437,-0.4571428571428572,-0.46153846153846145,0.6741573033707866,-0.1364764267990074,3.618181818181818,1.1346153846153846,0.2249240121580547,-0.01986624704956741,0.01778179626280907,0.015045135406218657,-0.05193661971830987,-0.06991525423728817,-0.019337016574585753,0.020892151326933783,-0.10307982401005655,0.0,0.023255813953488413,-0.14336619551015561
2007-12-31,0.006368863334807573,-0.06871417450994266,-0.042416779891304324,-0.1282025109727467,0.12280701754385959,0.04614232209737823,0.03612167300380231,0.03612167300380231,0.05263157894736836,0.0714285714285714,1.7459252157238736,1.0977011494252875,2.9881889763779528,-0.5675675675675675,0.07940446650124078,-0.0700381296407786,-0.13621557595498957,-0.11462450592885376,0.12534818941504167,-0.02050113895216399,-0.08098591549295764,0.022676991150442527,0.11878065872459698,-0.12024221453287198,0.0,0.06821963394342756
2008-03-31,0.061439746857695265,0.12925531914893607,0.04921739901565192,0.14670413300550278,0.08854166666666674,0.22798224258914512,1.1853211009174314,1.1853211009174314,1.2000000000000002,1.1833333333333336,-1.3320530726256983,-0.28767123287671237,-1.6229022704837117,-3.1979166666666665,-0.16168582375478924,-0.03603798014674153,0.03325334247514555,0.052455357142857206,0.08910891089108919,-0.14186046511627903,0.06666666666666665,0.02217414818820984,0.027560288130284993,0.05604719764011801,0.0,-0.015186915887850372
2008-06-30,0.03770564204482718,0.05887894488930767,0.024806660186789564,0.08597100265468649,0.06442831215970957,0.03055393586005839,-0.09487825356842994,-0.09487825356842994,-0.09848484848484862,-0.0992366412213741,-1.544689800210305,0.5653846153846154,-0.6212361331220285,-1.9905213270142181,0.19104204753199272,0.061562569957465785,-0.01791639017916391,-0.001060445387062403,0.06363636363636371,-0.027100271002710064,-0.029454022988505746,0.021693121693121764,0.026821091130752706,0.0009310986964619072,0.0,-0.024976934229603343
2008-09-30,0.014204394318242164,0.02071682765632943,0.03138144329896897,-0.11423467468973303,-0.017747810586685286,-0.17426728527780921,-0.6595547309833024,-0.6595547309833024,-0.6638655462184874,-0.6610169491525424,0.7895752895752897,-0.5724815724815725,-0.6485355648535565,2.3014354066985647,0.5295471987720646,-0.07549557148882324,-0.10236486486486485,-0.07537154989384298,-0.01851851851851849,-0.13091922005571022,-0.11102886750555141,0.021232522009321686,-0.03176016622143063,-0.06604651162790698,-0.011363636363636354,0.1523487664751606
2008-12-31,-0.05033046579941247,-0.046756319262856394,0.1457758586222062,0.030676149028765476,-0.4378254694650465,-0.20241195011648627,-2.7138964577656677,-2.7138964577656677,-2.75,-2.75,1.842502696871629,-1.206896551724138,-7.130952380952381,1.3942028985507244,0.8289011540391369,-0.2876368613138687,-0.3112532931878058,-0.3777267508610792,-0.44629898403483304,-0.27243589743589747,-0.2547876769358868,0.020791075050709873,-0.41692213366033104,-0.3456175298804781,-0.05747126436781613,-0.0751363716347
2009-03-31,-0.0364826424369632,-0.07158252236953822,-0.049272429074920576,-0.21709577754891862,0.012491228070175442,0.18058419243986257,-1.7758346581875992,-1.7758346581875992,-1.7714285714285716,-1.7714285714285716,-1.3157495256166982,-6.458333333333333,-1.0194174757281553,-1.7621065375302662,-0.3454046639231825,-0.29490874159462055,-0.2683060109289618,-0.34501845018450183,0.011795543905635641,0.2731277533039649,0.1229050279329611,0.0203676105315449,0.051524710830704645,-0.31202435312024357,-0.03658536585365846,0.185882800608828
2009-06-30,0.010605365741802375,0.025536405205768498,0.0038906221325014645,0.13825309129176522,0.036041031327973316,-0.0018920098966671572,-0.1454918032786885,-0.1454918032786885,-0.14814814814814814,-0.14814814814814814,-2.0540865384615383,1.7557251908396947,-4.85,-0.818109610802224,-0.09597652975691529,0.17756584922797458,-0.4271844660194174,-0.49859154929577465,0.03756476683937815,0.16262975778546696,0.8169154228855722,0.019961051606621316,0.026499999999999968,-0.4690265486725663,-0.06329113924050633,-0.0990427295577303
2009-09-30,0.025809745306029752,0.05336808890108391,0.026836313114694255,0.10505027158211022,0.02314690928552321,-0.13079615048118987,-0.01918465227817745,-0.01918465227817745,-0.021739130434782594,-0.021739130434782594,0.0011402508551880963,0.06094182825484773,-5.311688311688312,-1.4017467248908297,0.04265183124710248,0.1280370227535672,0.2529335071707952,0.0786516853932584,0.023720349563046028,0.08630952380952372,1.2886089813800656,0.019570405727923568,-0.00194836824159772,0.12083333333333335,-0.027027027027027084,-0.04677390633347178
2009-12-31,0.05576752930767537,0.125814014066163,0.08719957272565426,-0.017987868646726635,-0.056492742251863515,0.07683274618352631,0.0782396088019559,0.0782396088019559,0.06666666666666665,0.04444444444444429,3.3485193621867886,0.4560487380330722,-2.120481927710843,18.26086956521739,0.7879057358826145,0.12273504273504288,1.5535900104058271,1.53125,-0.0585365853658536,0.09589041095890405,0.047858339315625775,0.019194756554307135,-0.10834553440702777,1.49814126394052,0.0,0.14645992901176896
2010-03-31,-0.005211470472698654,0.008560851457658503,-0.03180061570708059,-0.08455804046858362,0.10616770616770621,0.32170119956379506,1.560090702947846,1.560090702947846,1.5833333333333335,1.6382978723404258,-1.2789418543740179,-1.229527794381351,-0.005376344086021501,-1.6264108352144468,-0.2760507336483462,0.07978075517661387,0.3296658516707416,0.3353909465020577,0.10751295336787581,0.14749999999999996,-0.5782142041562001,0.01883325677537906,0.11603721948549528,0.2857142857142858,0.04166666666666674,0.101732659822932
2010-06-30,-0.0072131838045595975,-0.004072034870383101,-0.03812197679531848,-0.12680316426244764,0.10587645658438793,0.01555869872701554,0.02657218777679371,0.02480070859167416,0.024193548387096753,0.016129032258064502,-1.6018779342723004,-1.2838541666666667,2.172972972972973,-0.37297297297297294,-0.23909309515630373,0.05893965031020865,0.25130248237817976,0.28967642526964554,0.10760233918128659,-0.04357298474945537,-0.22414726583649158,0.018485121731289356,0.11721432074546345,0.2314814814814814,0.053333333333333455,0.14055413133504246
2010-09-30,0.058495969452694085,0.12807371148862656,0.06439020959347297,0.24180655475619495,0.04203489689553597,-0.1874419684308264,-0.6833477135461605,-0.6853932584269663,-0.6850393700787402,-0.6825396825396826,-0.2839313572542902,4.220183486238532,-2.6439522998296425,-3.6910919540229883,0.8455981941309254,0.059920106524633754,-0.061719324026451194,-0.03823178016726403,0.035902851108764455,-0.04328018223234609,-0.18771807397069085,0.01814962372731288,-0.014486391571553958,-0.047932330827067604,0.0,-0.09159282472444352
2010-12-31,0.012325266796933798,-0.027056000816784942,0.013215713483331726,0.007295354575689306,0.008807219745569306,0.057563205256391914,0.02452316076294281,0.03296703296703307,0.02499999999999991,0.04999999999999982,8.856209150326798,2.7697715289982425,-2.1476683937823835,-0.9065670048051254,0.042808219178082085,0.18567839195979907,-0.07987470634299143,-0.034782608695652084,0.0,0.14523809523809517,0.20274914089347074,0.01782608695652166,-0.0035634743875277985,-0.052319842053306975,0.025316455696202445,-0.03411686334221542
2011-03-31,0.0541945063103193,0.10808541896217005,0.021325855153748297,0.0816913409308766,0.16501401164043972,0.3552133981631551,2.8058510638297873,2.797872340425532,2.75609756097561,2.619047619047619,-1.328028293545535,-0.5501165501165501,-1.870880361173815,-3.6685714285714286,-0.10954726718273511,0.09557109557109578,0.015319148936170368,0.06821106821106815,0.16004077471967393,0.09563409563409553,0.1121428571428571,0.01751388295600176,0.10952168082253011,0.04791666666666661,0.012345679012345512,0.024434701216808685
2011-06-30,0.12056338028169011,-0.11439935603011508,0.12493215414578085,0.03790862544308782,0.11231381256360451,0.02292206497907112,-0.14884696016771493,-0.14845938375350143,-0.14935064935064934,-0.15131578947368418,-1.5660377358490565,3.2186528497409324,-0.1700362882322447,2.271948608137045,-0.4025289778714436,0.021663442940038635,-0.06286672254819792,-0.04216867469879526,0.11072056239015815,-0.1195445920303605,-0.05780346820809246,0.017212426532325686,-0.0052377115229653715,-0.030815109343936276,-0.012195121951219412,-0.14676604953113725
2011-09-30,0.0012150159208983435,0.004918996952360644,0.01521257875915305,0.07864528982070018,-0.03984030608001332,-0.09996102883865943,-0.6288998357963875,-0.6307565789473684,-0.633587786259542,-0.627906976744186,0.27976190476190466,-0.8673544583640383,-0.9787632729544035,-1.3154450261780104,0.21252204585537915,-0.08992805755395683,-0.03130590339892647,-0.02012578616352212,-0.03164556962025322,-0.18103448275862066,-0.09747784594410358,0.016921172100701654,-0.041717294451194875,-0.03692307692307695,0.024691358024691246,-0.0683649890097503
2011-12-31,0.014604343641461348,-0.039212556530992315,0.10232038020687728,-0.016270888302550524,-0.25563063063063063,-0.08800606191816407,-0.1747787610619469,-0.1737193763919822,-0.16666666666666663,-0.1874999999999999,3.391627906976744,0.22592592592592586,-93.97058823529412,0.7344398340248963,0.30400000000000005,-0.09486166007905139,0.014773776546629591,-0.04364569961489084,-0.26797385620915026,-0.06578947368421051,-0.11404833836858008,0.016639610389610482,-0.27176669484361793,-0.02768903088391894,-0.02409638554216853,-0.023290986085904408
2012-03-31,0.03569660975006195,0.09696533392402262,0.009282272381435419,0.1207867679928476,0.15908297451413933,0.3329376854599406,2.9892761394101877,3.0026954177897576,2.975,3.0256410256410255,-1.3975852573607286,-0.7643504531722054,-1.5836760518823159,-1.2105263157894737,-0.049079754601227044,0.14686279016318093,0.03760994843797394,-0.024161073825503254,0.1584821428571428,0.5690140845070424,0.15601023017902804,0.016367265469061865,0.12362159024956454,-0.015334063526834751,0.0,-0.021244967482192623
2012-06-30,-0.003822949644585183,0.016002826997829178,-0.01030254296914268,-0.007817485641352873,0.05833333333333335,-0.019946571682991965,-0.20766129032258063,-0.20740740740740737,-0.20754716981132082,-0.20382165605095548,-1.4049014384656366,-1.467948717948718,-1.3474254742547425,-1.5454545454545454,0.02815249266862163,0.006212424849699527,0.025723472668810254,-0.022008253094910613,0.06743737957610785,-0.13105924596050278,-0.007374631268436516,0.01688923802042419,0.06404958677685957,-0.028921023359288034,0.0,0.023984305784078064
2012-09-30,0.011512862025544246,0.11383285302593671,0.012948763520032491,0.14190384306158554,0.006166397874964424,-0.32854806469198616,-0.991518235793045,-0.994052676295667,-0.9920634920634921,-0.992,-0.09078947368421053,-9.0,-0.750390015600624,-0.9166666666666666,-0.02509982886480322,-0.01931886078470424,-0.10572812767170126,-0.1392405063291139,0.0036101083032489267,-0.0826446280991735,-0.008915304606240793,0.016608729239088404,-0.005339805825242849,-0.08476517754868274,-0.06172839506172845,-0.024596749273839702
2012-12-31,-0.017211057758808046,-0.054690636570459916,-0.008497092440344911,-0.04604660987115394,-0.048840279087309035,-0.29824086603518263,10.1,14.571428571428571,11.0,11.0,6.633863965267728,0.16267123287671237,22.38125,107.25,0.2533645406670568,-0.05950446791226649,-0.12014021669853414,-0.09150326797385622,-0.05215827338129497,-0.06306306306306309,0.07796101949025491,0.016337386018236977,-0.03318692044899951,-0.0012515644555695093,-0.0921052631578948,-0.009060381423050101
2013-03-31,0.016647900916840985,0.057713180123637464,-0.03306620825644002,-0.14953133072551483,0.21461141950832663,1.0069417662938682,29.16216216216216,29.68807339449541,29.000000000000004,28.833333333333336,-1.5055924170616115,-7.786450662739322,-1.0884790163058007,1.51270207852194,0.5301120448179271,0.029151371194126474,0.5795001810938065,0.6636690647482015,0.23814041745730563,0.08653846153846145,0.1237830319888733,0.016074766355140158,0.1993942453306412,0.7105263157894739,-0.014492753623188248,0.2437340153452685
2013-06-30,0.01552487936081004,0.03671812260194529,-0.00666684096316239,0.0318493447886834,0.08504039826981158,-0.054189085318985364,-0.6923536439665472,-0.6926756352765322,-0.6916666666666667,-0.6899441340782122,-1.0134983127109112,-1.1141493055555556,1.0332326283987916,-0.9402573529411765,0.019832189168573544,0.10637851447754931,-0.09103416647557905,-0.037837837837837895,0.08352490421455938,-0.10619469026548667,-0.3422029702970296,0.01655629139072845,0.07028619528619529,0.001465201465201238,-0.044117647058823595,0.004678182192062508
2013-09-30,0.01248320317825069,0.013168653440633449,0.0008159183028899619,0.042556770395290267,0.04106807070327201,-0.20631856968711904,-0.7233009708737864,-0.72568093385214,-0.7297297297297298,-0.7297297297297298,7.277777777777779,-0.041825095057034245,-0.31946508172362553,1.4615384615384617,0.04786836200448774,0.07054807509956396,-0.009334006054490418,0.053932584269662964,0.03889674681753874,-0.012376237623762387,0.1015992474129821,0.016286644951140072,0.02909948879276425,0.04828090709583055,0.0,-0.02819423834621093
2013-12-31,-0.009444123869974952,0.0357218706197171,-0.07395134779750168,0.07833171990964827,0.1725308864966404,-0.018430820427492667,-0.3508771929824561,-0.35106382978723405,-0.33333333333333326,-0.3666666666666666,17.496644295302012,0.25595238095238093,-7.4104803493449785,5.05,0.2763740185581727,0.07581930912311763,-0.09854851031321621,0.006396588486140775,0.17358747447243017,0.0350877192982455,0.014517506404782221,0.01602564102564119,0.18647306075659165,-0.05512909979064906,0.07692307692307687,-0.03949031171019379
2014-03-31,-0.07182663741043516,-0.14558727034120733,-0.10947661375060347,-0.17071893468990795,0.00930433175180223,0.3312035467466423,6.778378378378378,6.852459016393443,6.8,7.105263157894736,-1.4392235123367199,-0.6271721958925751,-0.1590599455040872,-3.664772727272727,-0.5770048093054468,0.04808167297875854,-0.4370056497175141,-0.385593220338983,0.019721577726218076,-0.10653753026634383,0.03451178451178438,0.01577287066246047,0.08760064412238333,-0.39069423929098956,0.0,0.03031465848042969
2014-06-30,0.010753138075313862,0.02375923970432936,-0.005485043689010816,-0.004149751917004951,0.04169719169719177,-0.04172788715838971,-0.2564280750521195,-0.25748086290883787,-0.2564102564102565,-0.2532467532467533,-1.1445683601817431,-1.0169491525423728,-1.0319967598217903,-1.0759837177747626,0.10364886303543108,0.05341712490180672,-0.04766683391871551,0.02931034482758621,0.04550625711035261,0.03252032520325199,0.737184703010578,0.01552795031055898,0.03138880663310628,0.014545454545454417,0.014285714285714235,0.02798616653365249
2014-09-30,-0.008341267541499331,-0.007548408270429907,0.023824793176425274,0.09946553129812474,-0.06681122897497505,-0.2251865480936318,-0.5953271028037384,-0.5960637300843487,-0.5948275862068966,-0.5913043478260869,-0.23142857142857143,-123.0,0.9873417721518987,-1.489795918367347,-0.04599904168663149,0.01879194630872494,0.016332982086406655,0.07202680067001666,-0.05821545157780195,-0.023622047244094446,0.006088992974238927,0.01597009853890574,-0.06000574217628474,0.057347670250896154,0.014084507042253502,-0.097303452202267
2014-12-31,0.04101354594978179,0.02739984882842017,0.1430987503523442,0.041443519815440366,-0.16347421968222065,-0.056596306068601554,0.5773672055427252,0.5777262180974478,0.595744680851064,0.595744680851064,19.49814126394052,-1.7848360655737705,-19.095541401273884,-16.25,0.7353088900050226,0.027521592738984024,0.2141005702436496,0.16874999999999996,-0.16522241478913924,0.08870967741935476,-0.024674115456238432,0.015719063545150513,-0.19883934025656702,0.17627118644067807,0.0,-0.01347399805057059
2015-03-31,-0.07420402598444142,-0.11168843112010296,-0.08726505561948605,-0.15094936708860762,-0.03888888888888886,0.29226681582995395,0.5095168374816983,0.5161764705882352,0.5066666666666666,0.5066666666666666,-1.385019949220167,-1.3655352480417755,-0.7004575853572685,-2.1229508196721314,-0.47583212735166425,0.07451203875195911,-0.05764304013663524,-0.10561497326203217,-0.03944636678200686,0.288888888888889,-0.07923627684964196,0.015475798485347303,0.03736179946626006,-0.08645533141210371,-0.02777777777777779,0.04620481227478801
2015-06-30,0.04181916621548454,0.08934209845230079,0.03422087473358748,-0.1888743943347,0.06147476956725506,-0.06287198355156365,-0.08826382153249268,-0.08826382153249268,-0.07964601769911495,-0.08849557522123885,-1.036740461610928,5.021428571428571,-3.1774383078730906,-1.3418491484184916,0.31032578685808954,-0.0762397242110846,0.021295876755776932,-0.038863976083707064,0.06340057636887608,-0.03831417624521072,0.0321410057024365,0.015888456549935093,0.020213156927600062,-0.007360672975814997,-0.02857142857142847,0.34303649797233504
2015-09-30,-0.16222508626782517,-0.19002138275124736,-0.15595158621890692,-0.040321654221711634,-0.19000662300390025,-0.43729792147806,-0.75,-0.7521276595744681,-0.75,-0.7475728155339806,1.5641025641025643,-0.9264531435349941,-1.772800863464652,-2.2651245551601424,-0.2996207332490518,-0.21745371034878713,0.028393966282165062,-0.026438569206842844,-0.16734417344173447,-0.2649402390438247,-0.18985434455047723,0.012128949888286167,-0.03746397694524506,0.021186440677966045,-0.044117647058823595,-0.15598113831899407
2015-12-31,0.02143814202769101,0.04159333567992496,0.06485557083906457,0.23928656930811587,-0.09212319433088034,-0.5165195977837062,-2.0765957446808514,-2.0858369098712446,-2.115384615384615,-2.115384615384615,19.805,11.629032258064516,-0.0272346368715084,-2.389592123769339,0.5944645006016847,0.12949376375641952,-0.27523727351164795,-0.29073482428115016,-0.08950366151342548,0.3577235772357723,0.20458772473651576,0.011983601387574927,-0.1130239520958084,-0.19502074688796678,-0.1230769230769232,-0.1595197255574614
2016-03-31,0.015425351017830158,0.006195437904815471,0.0076535555124974675,-0.13503332367429732,0.039427599319523665,2.1430390492359934,-5.845849802371541,-5.83794466403162,-5.827586206896552,-5.793103448275862,-1.4431627012737323,-1.0344827586206897,-1.4759511844938982,-1.5738866396761133,-0.21396226415094344,-0.05488795063332241,0.1595238095238094,0.1283783783783783,0.03842716711349414,0.0379241516966069,0.4060730828615544,0.011841695232159388,0.024472573839662504,0.18556701030927836,-0.05263157894736825,0.16326530612244894
2016-06-30,0.011124135786225287,0.012650433809124007,0.016729160657628972,-0.06443327749860417,-0.004813709444497882,-0.046455097906819676,-0.16802610114192496,-0.16911764705882348,-0.17142857142857149,-0.16546762589928055,-1.1849240780911063,-17.48148148148148,-0.4358974358974359,-1.2160493827160495,0.05880940950552094,0.12560137457044673,0.11858316221765919,0.07385229540918159,-0.0060240963855420215,0.08461538461538454,0.0032942898975110158,0.011703110563597185,-0.01565074135090605,0.11304347826086958,-0.03703703703703709,0.08235588972431063
2016-09-30,0.0050868310225713476,0.011442153557017276,0.025279747832939403,0.08737168775364057,-0.056689561768404784,-0.30363971108908083,-0.9980392156862745,-1.0,-1.0,-1.0,0.24926686217008798,0.4764044943820225,-0.35026737967914434,-0.8326530612244898,0.009294944457039156,0.009158907037093433,-0.07664066085360266,-0.11524163568773227,-0.05281385281385287,0.014184397163120588,-0.04304998175848229,0.011567732115677076,-0.06276150627615074,-0.10742187500000011,0.0,-0.0697911360163016
2016-12-31,-0.05925001765495164,-0.06454257295879329,-0.08482184031727491,-0.023380900109769454,0.02533073530919916,0.059792556436851774,131.5,inf,inf,inf,9.274647887323944,-0.3318112633181126,-15.847736625514404,2.731707317073171,0.034366576819407024,0.07442141884737552,0.2589463220675947,0.26890756302521,0.03199268738574035,0.1346153846153848,0.19824628288219603,0.0114354498946736,0.09017857142857144,0.11378555798687096,0.13461538461538458,-0.04216867469879515
2017-03-31,0.04719247322590325,0.11292866740667162,0.015016124697661892,0.10261886028998535,0.14332866573314673,0.4858952216465169,3.2,3.2404580152671754,3.129032258064516,3.2333333333333334,-1.3710303861092072,2.041002277904328,-1.4548226164079823,-9.222222222222221,-0.27318132464712275,0.08827256088976476,-0.06987761547572058,-0.04635761589403975,0.14348981399468563,0.055469953775038494,-0.13713013044861588,0.0113061588812855,0.09541359541359551,-0.057956777996070796,0.016949152542372836,0.009355995633868686
2017-06-30,0.03240143369175619,0.05627296587926511,0.013139169286778163,0.06442405708460752,0.08371970956171815,-0.041198501872659166,-0.22551662174303688,-0.22682268226822677,-0.2265625,-0.22047244094488194,0.4969211822660098,-0.5528089887640449,0.7611212675198049,-0.9260731319554849,-0.02778607708395575,0.0313065976714102,-0.1107809847198642,-0.07118055555555558,0.0844306738962044,-0.09781021897810216,0.07669616519174038,0.011179758752574154,0.051214953271027985,-0.08029197080291972,0.0,-0.007672897677532431
