Quarter end,Assets,Liabilities,Shareholders equity,Revenue,Earnings,Earnings available for common stockholders,EPS basic,EPS diluted,Cash from operating activities,Cash from investing activities,Cash from financing activities,Cash change during period,Cash at end of period,Price,ROE,ROA,Book value of equity per share,P/B ratio,P/E ratio,Cumulative dividends per share,Equity to assets ratio,Net margin,Asset turnover
1993-10-31,0.037746985086197116,0.03990719257540598,0.02814807710750933,0.4247162381283298,1.1758620689655173,1.1758620689655173,1.1568627450980395,1.1568627450980395,-0.7648660916931457,2.6287744227353462,0.1618122977346279,-11.864406779661017,0.01744529863985811,0.04591836734693877,0.032863849765258246,0.013182674199623268,0.024630541871921263,0.09240924092409242,0.0574358974358975,inf,-0.00925421883505717,0.041916167664670656,0.01388888888888884
1994-01-31,0.037746985086197116,0.03990719257540598,0.02814807710750933,0.4247162381283298,1.1758620689655173,1.1758620689655173,1.1568627450980395,1.1568627450980395,-0.7648660916931457,2.6287744227353462,0.1618122977346279,-11.864406779661017,0.01744529863985811,0.04591836734693877,0.032863849765258246,0.013182674199623268,0.024630541871921263,0.09240924092409242,0.0574358974358975,inf,-0.00925421883505717,0.041916167664670656,0.01388888888888884
1994-04-30,0.06044786255135648,0.05678528065751376,0.07690872627209555,0.4247162381283298,1.1758620689655173,1.1758620689655173,1.1568627450980395,1.1568627450980395,-0.7648660916931457,2.6287744227353462,0.1618122977346279,-11.864406779661017,-0.1862830572507992,0.12113821138211378,0.032863849765258246,0.013182674199623268,0.07211538461538458,0.09240924092409242,0.0574358974358975,1.125,0.01538461538461533,0.041916167664670656,0.01388888888888884
1994-07-31,0.02598359015409235,0.01960033387342275,0.054135989605889945,-0.05430452808714736,-0.1669307976756471,-0.1669307976756471,-0.17272727272727273,-0.17272727272727273,-11.303088803088803,0.3325991189427313,-0.9354266903013421,-1.2449297971918876,0.05607142857142855,-0.11820159535895569,0.032863849765258246,0.013182674199623268,0.05381165919282527,-0.17522658610271902,0.0574358974358975,0.47058823529411753,0.02759740259740262,0.041916167664670656,0.01388888888888884
1994-10-31,-0.002800945611721839,-0.015390394005643793,0.05090386195562857,0.08149230636981009,0.07545973367152814,0.07545973367152814,0.07692307692307687,0.07692307692307687,-0.14333895446880274,-0.7436179981634528,-15.486274509803922,-4.203821656050955,-0.17010483598241466,-0.042763157894736836,0.032863849765258246,0.013182674199623268,0.04893617021276575,-0.09157509157509158,0.0574358974358975,0.3600000000000001,0.05371248025276465,0.041916167664670656,0.01388888888888884
1995-01-31,0.05394642130629368,0.06097835336926427,0.02584151061417561,-0.162904379620062,-0.1839622641509434,-0.1839622641509434,-0.18367346938775508,-0.18367346938775508,-1.5365266841644796,0.3724928366762177,-2.927720628045479,-6.421471172962226,1.111246943765281,-0.023195876288659933,0.032863849765258246,0.013182674199623268,0.026369168356997985,-0.06854838709677413,0.0574358974358975,0.2647058823529411,-0.0264867566216892,0.041916167664670656,0.01388888888888884
1995-04-30,0.031230745247091907,0.017314021776208444,0.08875762195121961,0.34838342116507626,0.7124277456647399,0.7124277456647399,0.7125000000000001,0.7125000000000001,-0.5161027313493681,-2.372651356993737,-1.205448672939194,-0.9900990099009901,0.005211349160393786,0.14511873350923477,0.01666666666666683,0.013182674199623268,0.08498023715415037,0.11255411255411252,0.0574358974358975,0.2325581395348839,0.05595482546201236,0.031609195402299006,0.013698630136986356
1995-07-31,-0.00933671192248442,-0.027676831754950393,0.061500227519339035,-0.04950529910918633,-0.24008438818565403,-0.24008438818565403,-0.24452554744525556,-0.24452554744525556,-3.4616680707666387,-3.4577946768060834,-2.7785372522214624,-35.851851851851855,-0.18068356374807992,0.12749615975422435,-0.023845007451564926,0.013182674199623268,0.05464480874316946,0.03891050583657596,0.05237633365664385,0.16981132075471694,0.07146329606222657,-0.0055710306406684396,0.013513513513513598
1995-10-31,0.006227428297375992,0.003066426820516277,0.017410802611620424,-0.02033709946286344,-0.16379789006107714,-0.16379789006107714,-0.7246376811594203,-0.7246376811594203,2.1184120465434635,-0.03960396039603964,-2.3554957724827057,-0.33049946865037194,-0.1476447152566206,-0.024523160762942697,-0.07061068702290085,-0.044609665427509326,0.015544041450777257,-0.07490636704119835,-0.05345622119815674,0.16129032258064502,0.010889292196007094,-0.03921568627451,0.0
1996-01-31,0.04329332582289824,0.04254785355881796,0.04589356323329219,-0.12368600166376764,0.10358565737051784,0.10358565737051784,0.10526315789473695,0.10526315789473695,-1.4226294995610185,-0.59375,-2.8123050751346756,-1.007936507936508,0.0013747594171020783,0.14315642458100553,-0.011909650924024628,0.021400778210116655,0.04421768707482987,0.12550607287449367,0.1781888997078871,0.13888888888888884,0.002692998204667729,0.018950437317784452,0.0
1996-04-30,0.021277921214931883,0.01706788830559991,0.03591571118686088,0.33277238403452003,0.6407942238267148,0.6407942238267148,0.6507936507936509,0.6507936507936509,-1.0945209036613868,-1.3417922283901667,-1.3265018773466832,-173.2,-0.2364085667215815,0.23152107513744657,0.00831255195344971,0.0323809523809524,0.043973941368078195,0.17985611510791366,0.18842975206611579,0.12195121951219523,0.0143240823634736,0.024320457796852546,0.01333333333333342
1996-07-31,0.004175054052039107,0.0006922901659742742,0.01606389661671015,-0.05960436429565841,-0.25045837917125047,-0.25045837917125047,-0.24038461538461542,-0.24038461538461542,18.585164835164836,-8.68445475638051,-0.8658361284139914,-1.2682926829268293,0.08306364617044237,-0.03422619047619058,0.002885408079142504,0.012915129151291449,0.02496099843993771,-0.07317073170731703,-0.07579972183588324,0.10869565217391308,0.011915269196822731,0.012569832402234526,0.0
1996-10-31,-0.011015193137102752,-0.028355503402134996,0.04728257669434144,0.00481994078358472,-0.1487279843444227,-0.1487279843444227,-0.1392405063291139,-0.1392405063291139,0.37494739795202703,-0.4156099033816425,20.517857142857142,-1.4199134199134198,-0.03220451527224433,0.02259887005649719,-0.006576243321002817,0.014571948998178597,0.05783866057838649,-0.00328947368421062,-0.011286681715575564,0.0980392156862746,0.05887483645878744,0.0041379310344829,0.013157894736842035
1997-01-31,0.03332491622704348,0.04249470506061015,0.004722815697739691,-0.17905845268279308,0.01551724137931032,0.01551724137931032,0.014705882352941124,0.014705882352941124,-1.2019995919200164,-0.15784035133040553,-2.000331950207469,-8.690721649484537,0.255917667238422,0.08337518834756397,-0.012412081092263105,0.0017953321364452268,0.007194244604316502,0.02310231023102327,0.04566210045662089,0.08928571428571419,-0.028006589785831815,0.005494505494505475,-0.012987012987012991
1997-04-30,0.0615216960570637,0.06854845681680644,0.03878007834359254,0.46957429048414023,0.8081494057724958,0.8081494057724958,0.8115942028985508,0.8115942028985508,-1.1712121212121211,0.5052147239263804,-0.40633814501410315,-2.3203753351206435,-0.26905217153783123,0.015762633286972694,0.029325513196480912,0.03405017921146958,0.04857142857142849,0.009677419354838568,-0.003639010189228631,0.08196721311475419,-0.021186440677966156,0.017759562841529908,0.013157894736842035
1997-07-31,-0.007615492300513282,-0.020526056036052065,0.03536605074610777,-0.025787395984209427,-0.20907668231611898,-0.20907668231611898,-0.19999999999999996,-0.19999999999999996,12.71976401179941,-0.5051966578357449,-1.66545556176635,-0.8223350253807107,-0.06539611360239161,0.19671382930168857,0.02279202279202286,0.03466204506065851,0.038147138964577776,0.14057507987220452,0.12344777209642088,0.07575757575757569,0.04329004329004338,0.00939597315436247,0.025974025974025983
1997-10-31,0.023178538065592003,0.0054847929160264375,0.07890423788339973,0.00399381978252622,-0.1642263553620894,-0.1642263553620894,-0.16000000000000003,-0.16000000000000003,0.8398193936787788,0.3369028006589785,0.9046619067618649,-5.565714285714286,0.3194722111155537,0.027459954233409745,0.00039793076004768224,0.01340033500837512,0.09055118110236227,-0.008403361344537785,-0.032509752925877766,0.07042253521126773,0.05435684647302885,-0.0013297872340426453,0.025316455696202445
1998-01-31,0.05315628868000832,0.07136519724627433,-0.0002893518518518601,-0.1736062717770035,-0.03740530303030298,-0.03740530303030298,-0.03571428571428559,-0.03571428571428559,-1.7078415332476335,0.2929759704251387,-3.2414553472987873,-1.135168961201502,-0.032727272727272716,0.01410541945063093,-0.009546539379475028,-0.0049586776859504855,0.006016847172081619,-0.07062146892655363,-0.028225806451612878,0.07236842105263142,-0.050767414403777966,-0.007989347536617841,0.0
1998-04-30,0.07947147021347156,0.09558862996787121,0.028774722624216098,0.4298865113664312,0.7963600590260698,0.7963600590260698,0.8271604938271604,0.7901234567901232,-0.9394089483242529,0.3249940433643079,-0.40255779636005906,-2.4074074074074074,0.04761904761904767,0.07540263543191794,0.011244979919678766,0.008305647840531671,0.04186602870813405,0.06686930091185395,0.04218533886583664,0.06748466257668717,-0.046849087893863994,0.005369127516778427,0.0
1998-07-31,0.003918461505292958,0.012213131390897303,-0.023867019904813214,-0.09244151759386676,-0.20372398685651694,-0.20372398685651694,-0.18918918918918926,-0.17931034482758623,-11.463215258855586,-0.18090271533896785,-0.8849003787255063,-1.2171052631578947,-0.009868421052631526,-0.15588835942818235,0.01707704527402698,-0.0016474464579900872,0.0022962112514350874,-0.18803418803418792,-0.197080291970803,0.06321839080459779,-0.027838190517616268,0.017356475300400742,-0.012345679012345734
1998-10-31,-0.03352321230115052,-0.03738660250027659,-0.02010327849165361,-0.13023230627605997,-0.4425722145804677,-0.4425722145804677,-0.42500000000000004,-0.4201680672268908,0.75859375,-1.6792535675082327,-15.406294706723891,5.484848484848484,-0.06463304137722747,-0.275,-0.042171026942600554,-0.06765676567656764,0.008018327605956443,-0.2771929824561403,-0.30743801652892555,0.059459459459459296,0.013870246085011084,-0.030183727034120866,-0.050000000000000044
1999-01-31,0.027869899730577963,0.03972216036834575,-0.012574145791460323,-0.2346843481509152,-0.6933991363355954,-0.6933991363355954,-0.6956521739130435,-0.6956521739130435,-1.5880349474307716,-2.319974143503555,-1.8160873882820259,-1.7383177570093458,0.051017113335485975,-0.03170189098998888,-0.1443130860171219,-0.16637168141592917,-0.012500000000000178,-0.03883495145631066,0.0035799522673030104,0.05612244897959173,-0.03927625772285959,-0.12584573748308514,-0.03947368421052633
1999-04-30,0.07329002550910113,0.0835941332117418,0.036266600471639654,0.4107789302420175,2.0201207243460764,2.0201207243460764,2.0952380952380953,2.0952380952380953,-1.1750188869302443,0.6368756121449559,-0.30737405694816256,-2.911392405063291,-0.09278033794162821,0.11315336013785182,-0.24392567889471173,-0.2611464968152867,0.029919447640966546,0.1262626262626263,0.30202140309155756,0.053140096618357724,-0.03445107946715664,-0.21207430340557276,-0.06849315068493145
1999-07-31,-0.05683483305051029,-0.07259303652604132,0.002371484693144188,-0.12478376196517127,-0.5409726848767489,-0.5409726848767489,-0.5384615384615385,-0.5538461538461539,12.538129496402878,-1.525056095736724,-3.1695361911454674,-2.8874172185430464,0.19302404334575018,0.037151702786377916,-0.3408947700063012,-0.34195402298850575,0.0,0.008968609865470878,0.33972602739726043,0.050458715596330306,0.06279733587059932,-0.3045186640471512,-0.044117647058823595
1999-10-31,-0.0615249911908855,-0.07302300960394881,-0.021555741426693698,-0.0814336539728554,-1.428156748911466,-1.428156748911466,-1.4333333333333333,-1.4482758620689655,-0.12721862046976296,-0.7888888888888889,-0.22973520123086888,-1.9964912280701754,-0.16122622764689187,-0.022885572139303534,-0.44455066921606123,-0.44104803493449785,-0.022346368715083775,-0.026666666666666727,0.45535105657805053,0.048034934497816595,0.04252461951656228,-0.423728813559322,-0.03076923076923077
2000-01-31,0.032210351458056063,0.0419537374201826,0.00012212099748420968,-0.16106010615406685,-2.2779661016949153,-2.2779661016949153,-2.230769230769231,-2.230769230769231,-1.5073063809059912,-2.0323886639676116,-1.5209209419680403,-1.0352112676056338,0.006768189509306355,0.06568228105906315,-0.055077452667814164,-0.046875,0.0,0.091324200913242,0.9222482435597188,0.04583333333333339,-0.030914555603263172,-0.044117647058823595,0.0
2000-04-30,0.11357774299508394,0.1380395171392781,0.029647357624303927,0.6200145342623862,4.4190981432360745,4.4190981432360745,4.4375,4.4375,-0.9085453672587614,17.89934640522876,2.145307769929364,35.45,0.24504201680672266,-0.1051122790253225,0.23497267759562845,0.23770491803278682,0.02857142857142847,-0.10460251046025104,-0.058966861598440556,0.04382470119521931,-0.07532122286220655,0.20512820512820507,0.015873015873015817
2000-07-31,-0.005077900738423735,-0.014897742197760966,0.03216166216023897,-0.04158640525635271,-0.15614292706803723,-0.15614292706803723,-0.14942528735632188,-0.1724137931034483,-18.21522309711286,-0.7588186471157836,-1.2103304459416104,-1.2565157750342935,-0.0504859611231101,0.14735718099305917,0.3554572271386429,0.3377483443708609,0.03111111111111109,0.11682242990654212,-0.06473329880890732,0.041984732824427384,0.03737422137038804,0.30638297872340425,0.03125
2000-10-31,0.01824639598857858,0.026455799070523423,-0.01146651960108458,-0.0705927700228518,-0.5875870069605569,-0.5875870069605569,-0.5945945945945946,-0.5694444444444444,0.3398383899984754,2.5540579294522514,-1.9280048810250152,2.2085561497326203,-0.17059994313335225,-0.18985574685900408,0.24591947769314482,0.2178217821782178,-0.011853448275861989,-0.2133891213389122,-0.40503875968992253,0.04029304029304015,-0.029099307159353383,0.2052117263843647,0.015151515151515138
2001-01-31,0.013380949124058406,0.015704345136848596,0.004649108533438806,-0.20597209467665967,-0.2067510548523207,-0.2067510548523207,-0.19999999999999996,-0.22580645161290325,-2.128129267182522,-1.50560800451868,0.26265614727153186,-1.3316666666666666,0.06822077476859789,0.17461229178632975,0.024454148471615644,0.004065040650406582,0.004362050163577047,0.18617021276595747,-0.07631456491391331,0.03873239436619724,-0.008563273073263544,0.010810810810810922,-0.014925373134328401
2001-04-30,0.06539943017745498,0.08146077679126029,0.0043730766561003165,0.40878227130279066,1.2659574468085109,1.2659574468085109,1.291666666666667,1.2500000000000004,-0.9434133548517248,-2.324768592403447,1.7677688102056757,7.683417085427136,0.5545571245186136,-0.01662591687041559,-0.15771526001705027,-0.17004048582995945,0.0032573289902280145,-0.022421524663677084,-0.053400503778337605,0.037288135593220195,-0.05758157389635321,-0.14973262032085566,-0.015151515151515138
2001-07-31,-0.0025384730247648424,-0.0025789595193450587,-0.0023728345005529228,-0.19578400995736345,-0.4381846635367762,-0.4381846635367762,-0.4545454545454546,-0.44444444444444453,-15.803921568627452,0.4200698710998674,-0.8886275985325933,-2.3408564814814814,-0.4783236994219653,-0.019890601690701115,-0.2338056680161943,-0.25365853658536597,-0.0021645021645021467,-0.022935779816513846,0.15912719531665798,0.035947712418300526,0.0,-0.2012578616352202,-0.07692307692307698
2001-10-31,0.028094067266079437,0.05406107275324201,-0.0781203094330909,0.25118545837723927,-5.456824512534819,-5.456824512534819,-5.500000000000001,-5.500000000000001,0.6019265502709212,-0.16644044791313195,2.6722972972972974,-4.354769097971515,3.0759794222398105,-0.004058853373921978,-1.1994715984147952,-1.1895424836601307,-0.0878524945770065,0.0,0.29660238751147827,0.034700315457413256,-0.1028513238289206,0.0,0.016666666666666607
2002-01-31,-0.011335607220547939,-0.011092127321125411,-0.01247432493362055,-0.49007790293715126,-0.8809375,-0.8809375,-0.8814814814814815,-0.8814814814814815,-1.257892363199038,-2.6297577854671284,-0.811867525298988,0.7172262961533513,1.2959223300970875,0.041263372389200415,1.5298013245033109,1.4482758620689657,-0.014268727705113116,0.14084507042253525,0.0,0.0335365853658538,-0.0011350737797956034,0.0,-0.08196721311475397
2002-04-30,0.04611223679160226,0.04795870839155536,0.037464488636363535,0.7594838709677418,-4.721784776902887,-4.721784776902887,-4.75,-4.6875,-1.3436315942873798,-1.214062695141751,4.7689486552567235,-0.8114324243332335,0.10643606224627877,0.11399217221135016,-0.0759162303664922,-0.09859154929577463,0.03498190591073591,0.13168724279835375,0.0,0.032448377581120846,-0.008522727272727404,0.0,-0.0357142857142857
2002-07-31,0.0020222360640631543,-0.002398019566599352,0.02293342461064518,0.0001760046934584647,0.04090267983074747,0.04090267983074747,0.03333333333333344,0.033898305084745894,6.665818490245971,1.4089848308051343,-1.7940241576605214,-2.148192292411601,-0.11045289508885914,-0.048309178743961234,-0.518413597733711,-0.53125,0.022144522144522005,-0.08000000000000007,0.0,0.03142857142857136,0.020630372492836724,0.0,0.0185185185185186
2002-10-31,0.011972682528058387,0.06744582420258105,-0.24395898563541196,0.5224366494603472,-0.5399728997289973,-0.5399728997289973,-0.5483870967741935,-0.5245901639344263,0.3273954414693516,-0.0956648098813272,-1.125166800106752,-2.6865051903114185,0.20940923737916228,0.023996308260267663,-5.88235294117647,-5.566666666666666,-0.24629418472063846,0.0,0.0,0.030470914127423976,-0.2526670409882089,-0.09842519685039364,0.09090909090909083
2003-01-31,0.04988219454729048,0.05299250660040378,0.02962190187152247,-0.4618274287695775,0.0014727540500736325,0.0014727540500736325,0.0,-0.0344827586206895,-1.447945319663249,-1.322576325656133,20.605543710021323,0.5151826015592942,0.2623539024476891,0.04686795853988279,0.39518072289156625,0.2992700729927007,0.02874432677760952,0.38735177865612647,0.23689801699716728,0.029569892473118253,-0.019534184823440937,0.2532751091703056,0.03333333333333344
2003-04-30,0.04932755193639404,0.044154180128775256,0.08379133531886152,0.5750286368843069,2.777941176470588,2.777941176470588,2.857142857142857,2.821428571428571,-0.33866765909936736,-3.170610211706102,-0.3680055264975821,-1.3103588354773188,-0.06450160409748407,-0.12440809298321143,0.32037996545768577,0.2359550561797752,0.08382352941176485,-0.14814814814814803,-0.34211279702261665,0.02872062663185382,0.03295019157088119,0.19163763066202089,0.032258064516129004
2003-07-31,-0.007130172430254489,-0.019823701042167796,0.07433848943282895,0.0003636363636363438,-0.036590112884390846,-0.036590112884390846,-0.04629629629629628,-0.04672897196261683,-4.060776589758019,-0.8362975712373303,-1.909900062460962,-2.8891797556719023,0.13025690391673184,0.13618485742379538,0.21909744931327668,0.15454545454545454,0.07191316146540028,0.050167224080267525,-0.10617928633594431,0.027918781725888353,0.08234421364985156,0.11403508771929816,0.046875
2003-10-31,0.01000853918408473,0.0022651943653853035,0.055350456199567466,-0.105007270083606,-0.7143434343434343,-0.7143434343434343,-0.7087378640776699,-0.7254901960784313,0.2324875896304468,5.174065420560748,-0.6360048052170928,0.44872979214780595,0.1669594378792718,0.17914322803980953,-0.05364806866952798,-0.019685039370078705,0.036708860759493644,0.09872611464968162,-0.0024342745861734016,0.02716049382716057,0.044551062371487316,0.0866141732283463,-0.10447761194029859
2004-01-31,-0.0064589839287074735,-0.020309221375006126,0.07056295444891436,-0.11565212976595418,1.4158415841584158,1.4158415841584158,1.3333333333333335,1.4285714285714284,-1.1688670097710152,-2.0440870387890255,1.9405940594059405,-1.4729794356767096,-0.06767020184741701,0.1614678899082569,0.08390022675736963,0.14457831325301207,0.05982905982905984,0.11884057971014483,0.16593460224499768,0.026442307692307487,0.07742782152230965,0.11111111111111116,0.03333333333333344
2004-04-30,-0.005025221937719482,-0.02694013456308275,0.1065001750495973,0.6869510304839543,1.7944964871194378,1.7944964871194378,1.7571428571428571,1.7647058823529407,2.012809187279152,-1.7963030083363538,-1.0030463363796698,2.6808223795079202,-0.2671608200009785,0.06571879936808833,0.2018828451882846,0.30175438596491233,0.09677419354838701,0.007772020725388629,-0.07408957722896603,0.032786885245901676,0.1120584652862362,0.18695652173913047,0.09677419354838723
2004-07-31,0.030110989971992463,0.023839935898946507,0.05817583530205872,-0.07803301003913565,-0.15901948460088,-0.15901948460088,-0.16580310880829008,-0.15957446808510634,-2.5719102770854714,0.9205735093309058,64.15789473684211,-1.3119677685193665,0.11372967920686317,-0.028461310406166396,0.08050478677110529,0.15094339622641506,0.06197478991596639,-0.11568123393316199,-0.23236889692585894,0.03174603174603163,0.027382256297918905,0.09523809523809512,0.04411764705882337
2004-10-31,0.07536211287674521,0.029412170902712864,0.2743292269664712,-0.03903366307397016,-0.11160936721474835,-0.11160936721474835,-0.10559006211180133,-0.10759493670886089,-0.06845737735497104,0.18971442113994552,-2.377221324717286,-1.4558262400939244,-0.04654717659753027,-0.06408300274641443,0.10833668948852204,0.22482435597189698,0.27596439169139475,-0.1191860465116279,-0.182567726737338,0.030769230769230882,0.18496801705756938,0.17725752508361214,0.04225352112676051
2005-01-31,0.006750365166585448,0.00397116433822875,0.01647165561256414,-0.20737867061015192,-0.37521031968592256,-0.37521031968592256,-0.375,-0.36879432624113473,-1.4061874249098918,-0.874601593625498,-2.1929618768328445,1.0321957501609789,-0.09921096476061741,0.11020541245516768,-0.06431686046511631,0.009560229445506607,0.021705426356589008,-0.1287128712871286,-0.11599423631123928,0.02985074626865658,0.00989653621232578,0.0042613636363635354,0.013513513513513598
2005-04-30,0.09484214853479167,0.111532293986637,0.03718009879811013,0.6043711080419665,1.710951526032316,1.710951526032316,1.7333333333333334,1.7303370786516856,-0.15011091939857035,6.264495631453535,6.1553588987217305,-1.605830164765526,0.06672482987262263,-0.01997063142437594,-0.0011650485436893732,0.03409090909090917,0.055386949924127515,-0.04166666666666674,-0.055419722901385526,0.031055900621118182,-0.05256124721603561,0.0480905233380482,-0.013333333333333308
2005-07-31,0.04286038821717941,0.046529800952957334,0.029274300043028667,-0.09307699278098291,-0.3591059602649007,-0.3591059602649007,-0.34959349593495925,-0.34979423868312753,-2.8080046403712298,1.823092062103652,-0.2710595025422564,-5.795502092050209,-0.29996401347858803,-0.005993407252022687,-0.08048211508553649,-0.06043956043956056,0.03378864126527681,-0.059288537549407105,-0.09318377911993103,0.032128514056224855,-0.01316408086506815,-0.03508771929824572,-0.027027027027027084
2005-10-31,0.017693331719714323,0.02566724104920537,-0.012325212627937177,-0.13791610464438564,-0.39834668044432964,-0.39834668044432964,-0.38750000000000007,-0.39240506329113933,1.1554379210779597,-0.39941905499612707,-0.6857385238948063,-1.1291307667139274,0.05533227404430319,-0.01386795296955079,-0.09471458773784347,-0.11306042884990253,0.007649513212795611,-0.04621848739495793,-0.013320647002854513,0.029182879377432025,-0.02953787517865658,-0.07692307692307676,-0.04166666666666674
2006-01-31,-0.017228154877990787,-0.02266541722511972,0.004028314967525315,-0.18829801618729358,0.01288106483469309,0.01288106483469309,0.020408163265306145,0.03125,-1.716603408498921,-1.2683304314180692,-1.6865626874625075,-7.596283783783784,-0.3458506775307767,0.016508712931825098,-0.004670714619336769,-0.02417582417582409,0.011732229123533555,0.008810572687224738,0.09450337512053997,0.03780718336483946,0.0216003927344135,0.004545454545454408,-0.02898550724637672
2006-04-30,0.03138489834317992,0.013610561459534987,0.09902458170400208,0.5614811641798148,2.1564222128020347,2.1564222128020347,2.16,2.1616161616161613,-0.5534323398068335,-0.9105984138428262,-1.4381826124945392,-0.6475032010243278,-0.1863660980232873,0.19398496240601504,0.06428906616611907,0.07657657657657668,0.09618008185538884,0.1834061135371179,0.17356828193832596,0.03460837887067392,0.0653531955790485,0.09954751131221728,-0.014925373134328401
2006-07-31,0.01973908044628514,0.025024025325519617,0.0011904289512321142,-0.044928751047778714,-0.4144507117915659,-0.4144507117915659,-0.4082278481012658,-0.40894568690095845,-3.453488372093023,-24.322580645161292,-2.2542372881355934,-1.305121685434072,0.06988934187536411,0.018891687657430767,0.007936507936507908,0.01882845188284521,0.01866832607342883,-0.07011070110701101,-0.08783783783783783,0.035211267605633756,-0.018042399639151996,0.019204389574760006,0.0
2006-10-31,-0.0013633304379339073,0.0011287387172087548,-0.010317995058988227,-0.18338200328721654,-0.3639908256880734,-0.3639908256880734,-0.3475935828877006,-0.3567567567567568,0.24274881516587676,-0.1532964499769479,0.2909379968203498,3.780952380952381,0.31231044404697106,-0.027441285537700866,0.00481189851268593,0.01848049281314168,0.005497861942577842,-0.04761904761904767,-0.06584362139917699,0.03231292517006801,-0.008727606798346388,0.029609690444145187,-0.015151515151515138
2007-01-31,-0.01651190654485546,-0.024165234380738365,0.011306599743699186,-0.1352808988764045,-0.13919942300757304,-0.13919942300757304,-0.1393442622950819,-0.1260504201680671,-1.5232247730912973,-1.7518377348216716,0.36268472906403937,-1.8625498007968129,-0.20527407407407405,0.17361464158617168,-0.02176752285589889,-0.006048387096774244,0.014580801944106936,0.16666666666666674,0.13656387665198255,0.036243822075782584,0.028266913809082528,-0.009150326797385477,0.0
2007-04-30,0.08847017755534137,0.09925407960498589,0.05064744782798081,0.5552969357317183,1.612484289903645,1.612484289903645,1.619047619047619,1.6153846153846154,-1.767201166180758,-2.343291689299294,-4.738816086760054,-2.8550808314087757,0.47915889941093126,0.16157678145982235,-0.08322207387627956,-0.09127789046653134,0.059281437125748626,0.14642857142857157,0.15348837209302335,0.0349761526232113,-0.034700315457413144,-0.08443271767810034,-0.015384615384615441
2007-07-31,0.012443466305783746,0.012359415923447026,0.01275189708025537,-0.03614965492190336,-0.1385503527902502,-0.1385503527902502,-0.12727272727272732,-0.12867647058823528,1.745392361770853,0.5293166194904975,-1.6516799613246314,-1.327575474634298,-0.10611483591268844,0.1256759276524333,0.04757281553398052,0.04241071428571419,0.02713397399660833,0.06230529595015577,0.19354838709677424,0.03379416282642089,0.0,0.04755043227665712,0.0
2007-10-31,0.025115198800975902,0.06257799421701415,-0.1123047723015469,-0.07430242549406818,-0.21407297096053612,-0.21407297096053612,-0.6041666666666667,-0.6033755274261603,0.020278219946016973,-0.4631588224925084,-0.3547848664688428,-3.4009501187648454,0.2850214301827205,0.12324001987742261,0.09823911028730303,0.05781584582441113,-0.10071546505228413,0.09384164222873892,0.043355855855855774,0.03714710252600306,-0.13398692810457513,0.03988995873452539,0.015625
2008-01-31,-0.009342669089608235,-0.007733952049497339,-0.016406271835434194,-0.15304194893173528,-0.12576977735670303,-0.12576977735670303,-0.11578947368421055,-0.11702127659574468,-1.5596255596255597,-2.07831226399606,0.7467663121586663,-2.5478828650573804,-0.34332484859124024,0.21987907388290817,0.09029535864978921,0.04251012145748989,-0.012239902080783294,0.35656836461125985,0.11440906637884507,0.035816618911174825,-0.007008086253369239,0.03835978835978837,0.01538461538461533
2008-04-30,0.0721334125337234,0.0784362781418293,0.04421459422596041,0.5567583157085176,1.0685451097263616,1.0685451097263616,1.0952380952380953,1.096385542168675,-1.3665454545454545,-1.409409257003654,-2.123745269047227,-2.011760194298862,0.5289714629419233,0.042674081237910944,0.09404024767801844,0.04660194174757293,0.05638166047087978,0.055335968379446765,-0.031961259079903104,0.03457814661134173,-0.026058631921824116,0.021656050955414008,0.015151515151515138
2008-07-31,0.01747051027655533,0.015626533580391566,0.02590617176444976,-0.04421554460459198,-0.2466273739358219,-0.2466273739358219,-0.23863636363636365,-0.2413793103448275,3.845238095238095,1.8679806619561177,-1.2463025333138087,-0.3240682248894504,0.23384911268467534,-0.10608695652173916,0.03608065086664314,-0.00927643784786647,0.035777126099706624,-0.15355805243445697,-0.17858929464732354,0.03743315508021383,0.008361204013378032,-0.02244389027431415,0.014925373134328401
2008-10-31,-0.07083864065419776,-0.056981875792513126,-0.1335941644562334,-0.04361197617170842,-0.40020862308762173,-0.40020862308762173,-0.38805970149253743,-0.3939393939393939,-0.31313131313131315,0.35204875518672196,2.302615933412604,-2.142803738317757,-0.21659345330877144,-0.3297016861219195,-0.015022191874359936,-0.03745318352059923,-0.12400906002265,-0.3517699115044247,-0.34835566382460426,0.036082474226803996,-0.06744057490326161,-0.07908163265306123,0.04411764705882337
2009-01-31,0.06725253391025077,0.08020644744564764,0.0033982886096102227,-0.30472085607739285,-0.40898550724637683,-0.40898550724637683,-0.41463414634146345,-0.4,-2.6052265500794913,-2.2197180397046132,-6.638883888388839,-5.567713444553484,1.2628651532965542,-0.27670278637770895,-0.06447140381282501,-0.09727626459143979,0.0025856496444731647,-0.174061433447099,-0.2551401869158878,0.034825870646766344,-0.05986959098992295,-0.07894736842105254,-0.014084507042253502
2009-04-30,0.011156373066019132,0.004251869356354909,0.04779630505423427,0.3112963718688664,1.316331535066209,1.316331535066209,1.3333333333333335,1.3125000000000004,-1.2690188796038377,-1.1002516118886618,-1.1684650747031031,-1.0740860099545242,-0.04134609620111507,-0.09416800428036387,-0.13968136346795101,-0.1594827586206896,0.047711154094132846,-0.09917355371900816,-0.021329987452948562,0.033653846153846034,0.03593947036569989,-0.11127819548872186,-0.05714285714285705
2009-07-31,-0.009906508966335603,-0.02775344520591083,0.08086543781485678,-0.12792317496072791,-0.11073470251958506,-0.11073470251958506,-0.11607142857142871,-0.10810810810810823,2.8285780027611596,4.181960784313725,1.8510517339397383,1.331561140647656,-0.1005586592178771,0.21618428824571767,-0.09302325581395343,-0.09487179487179487,0.08000000000000007,0.16055045871559614,0.42307692307692313,0.0,0.09190505173463182,-0.032148900169204686,-0.06060606060606066
2009-10-31,-0.006139653560201741,0.0692162965100358,-0.35089444474379006,-0.09354926418108278,-1.5302380952380954,-1.5302380952380954,-1.5252525252525253,-1.5252525252525253,-0.09742172005529182,-0.18177690328439533,-0.5813226985709539,-1.6983830845771144,0.07808009641234825,0.08693540553666823,-0.35375118708452047,-0.40226628895184136,-0.3504273504273504,0.007905138339920903,0.19279279279279282,0.06511627906976747,-0.34671125975473804,-0.33916083916083917,-0.09677419354838701
2010-01-31,-0.008555257873317013,-0.014297555481509794,0.03339074854213786,-0.09360529423895314,-2.092052088010777,-2.092052088010777,-2.096153846153846,-2.096153846153846,-1.211945665201758,-1.6890492045874954,-1.548976027940943,0.16236271890768772,0.08418427671603923,0.18699731903485262,0.1138868479059516,0.04739336492891,0.029824561403508865,0.827450980392157,0.9478851963746222,0.0,0.04180887372013653,0.05820105820105814,-0.017857142857142905
2010-04-30,0.005723295578545784,-0.012292322606419437,0.13481002490159844,0.4749110614710019,1.2512335526315788,1.2512335526315788,1.2631578947368425,1.2456140350877196,-3.3088281495444547,-3.208322147651007,-4.749566223250434,-4.647599591419816,-0.28322725199769994,0.046301524562394114,0.13984168865435342,0.09049773755656099,0.13287904599659295,0.017167381974249052,0.0027142303218301578,0.0,0.1285831285831287,0.06499999999999995,0.0181818181818183
2010-07-31,0.019412836073448014,0.009328321269873596,0.08216390309508226,-0.041229017375085886,0.12694063926940635,0.12657534246575342,0.12403100775193798,0.125,-0.08627024084909507,-0.312059324094335,-1.0217491901897269,-1.0971716605992718,0.0383966361448449,0.0899442345745638,0.2719907407407407,0.19502074688796678,0.08496240601503757,-0.03797468354430389,0.010054137664346596,0.03056768558951961,0.061683599419448454,0.15258215962441302,0.05357142857142838
2010-10-31,0.034835913638505245,0.03583908980089401,0.028633568812140187,0.05340139536924626,-0.2588330632090762,-0.25859273670557714,-0.24827586206896546,-0.26388888888888884,0.7782576321667907,0.931613359250751,-4.088652482269504,-0.734149855907781,0.009830300769906986,0.1520052813995707,0.4731574158325751,0.5520833333333333,0.031185031185031242,0.06140350877192979,-0.03522205206738138,0.09322033898305104,-0.0061517429938483525,0.46028513238289204,0.05084745762711873
2011-01-31,-0.008574703930034122,-0.01770129371215856,0.045832472219131004,-0.15034712579838938,0.1233326044172316,0.12311392958670453,0.11926605504587151,0.13207547169811318,-1.753956955028892,-1.8990943189095235,3.879448909299655,-10.555555555555555,-0.09301957473750855,0.18681948424068784,0.07072266831377405,0.1297539149888145,0.04973118279569877,0.15082644628099184,-0.24444444444444446,0.029069767441860295,0.05502063273727642,0.09065550906555098,0.048387096774193505
2011-04-30,0.08601541409648505,0.07829442205948367,0.12840117958228192,0.45602366322395094,0.760365972357407,0.7601246105919004,0.7622950819672132,0.7666666666666668,-1.2610241030767522,-1.9893162393162394,-3.8494117647058825,-2.45150311968236,0.14886561954624788,0.1234910671173346,0.08854917796365736,0.1306930693069306,0.13252240717029462,0.07001795332136429,-0.018382352941176405,0.03295668549905861,0.038461538461538325,0.09590792838874673,0.030769230769230882
2011-07-31,0.01179766236275226,0.011320012566439885,0.014050354963425882,-0.06036117938875607,-0.21231892071215308,-0.21238938053097345,-0.20465116279069762,-0.2028301886792453,4.537872340425532,0.10809420960608862,-1.4465730800990917,-1.6477139507620164,-0.08392830016709707,-0.05501235629096368,-0.014308426073131986,0.00700525394045548,0.028264556246466954,-0.16610738255033564,-0.19154628143392194,0.03190519598906105,0.0025109855618330457,-0.014002333722286986,0.014925373134328401
2011-10-31,0.022749500902724318,0.045394505885829384,-0.09661777990328924,0.02864343816815773,-0.05994665169170288,-0.05997191011235958,-0.04678362573099415,-0.041420118343195145,0.29875518672199175,0.44217560794505295,-0.8047337278106509,-1.087179487179487,0.007987176298261511,-0.18965321205230257,0.06236559139784936,0.05391304347826087,-0.07476635514018704,-0.21126760563380276,-0.2230311052283256,0.0459363957597172,-0.11646837820914213,0.03431952662721893,0.014705882352941124
2012-01-31,0.007664798350460744,0.009789213021682563,-0.005426231195682529,-0.2142666372493236,-0.2041517323775388,-0.2040938293739728,-0.1901840490797545,-0.19753086419753085,-1.7258312625724765,-0.9765735615909383,-10.849431818181818,-9.95847750865052,-0.07098596183373551,0.12179037463168241,0.0002530364372468341,-0.02310231023102305,0.0,0.21173469387755106,0.027257240204429323,0.03462837837837829,-0.013465627214741427,-0.01258581235697942,0.0
2012-04-30,0.05822520580769863,0.05291200233505666,0.09100452435165751,0.4791398802926181,0.9819853631075248,0.9821663225079782,1.0,1.0076923076923077,-0.7550537985001631,34.5,0.1675800403807326,0.4233294708381614,-0.10875660360652839,0.03539712320200117,0.05565393372122451,0.027027027027026973,0.10219845513963177,0.03578947368421059,0.01990049751243772,0.033469387755102,0.030890804597701216,0.01969872537659323,0.0
2012-07-31,0.03488550791455358,0.04032556755049499,0.00229031427448545,-0.04178406570349502,-0.25392918007953036,-0.2539066199450706,-0.24242424242424243,-0.2413793103448275,-2.3041597337770385,-0.15903110973533507,-0.09453227931488806,-2.024966078697422,0.12507450824557909,-0.06970282676975115,0.030194104960460155,-0.004934210526315819,0.017789757412398854,-0.1565040650406503,-0.13252032520325208,0.03633491311216419,-0.031358885017421456,-0.010227272727272751,0.0
2012-10-31,0.057655652592361495,0.07906255460422851,-0.07486681630114389,0.02097931264597941,-0.12741116751269033,-0.1273165778116273,-0.12,-0.12121212121212122,4.876754274049502,0.4620410416858378,-0.5215532921062205,2.321948636483982,0.3693009565857248,0.04324113751460845,0.004419632472668189,-0.03305785123966931,-0.06567796610169485,0.026506024096385472,0.002811621368322248,0.03887195121951237,-0.12517985611510796,-0.027554535017221604,0.0
2013-01-31,-0.019482527574476882,-0.034809063270436646,0.09377237982490749,-0.24206462682299112,-0.05511925538103546,-0.05512727272727269,-0.051136363636363646,-0.051724137931034475,-1.5424862142329903,-1.1365181268882174,-0.9093328264588482,-1.7811429026859011,-0.21067451958213324,0.09721184963903418,0.012505789717461635,0.006837606837606813,0.08900226757369611,0.1737089201877935,0.07943925233644866,0.03374908290535572,0.11513157894736836,0.02007083825265643,-0.014492753623188248
2013-04-30,0.05411494736231548,0.046225051956522156,0.10438686745861014,0.47054464117282446,0.6687702016315222,0.6685652709359606,0.6706586826347307,0.6727272727272726,-1.074435729149992,-6.512678653757492,22.134171907756812,-0.9788797061524335,-0.00563710138612783,0.007487237663074353,-0.021043000914913068,-0.022071307300509435,0.10879750130140553,-0.07599999999999996,-0.036363636363636376,0.03264726756564951,0.04793510324483785,-0.015046296296296391,0.0
2013-07-31,0.003126123074330467,-0.0028664035455207015,0.03931082045759782,-0.08279653639987172,-0.08088913484596938,-0.08081926376972048,-0.07526881720430101,-0.0724637681159419,17.75483870967742,0.6092665384293718,-1.367104666968736,26.106280193236714,-0.15366708659692174,-0.016552190068685912,0.024299065420560817,0.04166666666666674,0.05352112676056331,-0.11255411255411263,-0.03504043126684642,0.03505154639175245,0.03589021815622795,0.05287896592244423,-0.014705882352941235
2013-10-31,0.020302758631329354,-0.009884350883400006,0.19511513655731205,-0.055874684062777846,-0.19026593075765175,-0.19040449663755898,-0.1705426356589147,-0.171875,0.5287811030845087,-0.003378027232096459,-0.16168847198222658,-1.737301728747104,0.13387049800990192,-0.04923288298603157,-0.06751824817518248,0.020000000000000018,0.2281639928698751,-0.09756097560975596,-0.1126629422718809,0.03718459495351922,0.171875,0.044642857142857206,-0.02985074626865669
2014-01-31,-0.03128459895869207,-0.037605373008267384,-0.0009838492859787218,-0.1901043320000847,-0.1559053166439459,-0.1558393255640962,-0.14485981308411222,-0.14622641509433965,-1.2798424901556347,-1.3510976690827554,-0.38309776207302704,-1.7623882040125696,-0.09001141552511416,0.04058285163776487,-0.06604696673189825,-0.0016339869281044583,0.006531204644412147,-0.15135135135135136,-0.0020986358866735833,0.032650448143405786,0.03130434782608704,0.002136752136752129,0.0
2014-04-30,0.05555401393012738,0.05893074888083483,0.03993876575952893,0.29969950352756736,0.4398766700924974,0.43971214568952854,0.4590163934426228,0.4640883977900552,-0.8851514339319217,-2.3971483736818655,-5.337947494033413,-0.6509194673430565,-0.034529260490497427,0.029626200671218683,-0.08748035620743844,-0.04091653027823239,0.05695746214852204,0.022292993630573132,0.011566771819137678,0.03161810291382516,-0.015177065767285058,-0.0031982942430702765,-0.03076923076923077
2014-07-31,0.014559070953495068,0.0143680221855651,0.01544260358358418,-0.04500447330592383,-0.1325583766697257,-0.13251045598286237,-0.11985018726591756,-0.12075471698113205,-18.66627771295216,0.3818433081747634,-1.2931338028169015,-0.6021798365122616,-0.014227708299496489,0.009553782173766345,-0.09328358208955212,-0.05460750853242324,0.03069577080491137,-0.04672897196261683,0.021829521829521914,0.030649038461538325,0.0011415525114155667,-0.02887700534759352,-0.031746031746031744
2014-10-31,-0.006673846328250854,0.02661049571843832,-0.1631948291782087,-0.05635670827982564,-0.23686375925708236,-0.23671213546566316,-0.21276595744680848,-0.2145922746781116,0.8783355350066051,0.010616201246249624,1.7072072072072073,-18.17579908675799,0.24789929811843026,-0.06936094411044302,-0.019309908198797077,-0.05595667870036103,-0.12905360688285894,-0.09477124183006536,-0.04577822990844349,0.04023323615160357,-0.15735461801596362,-0.03524229074889873,-0.016393442622950838
2015-01-31,-0.04966545151003321,-0.04265470845154762,-0.09010659192726145,-0.2879818847046225,-0.40418977202711026,-0.4042520412879371,-0.3891891891891893,-0.3879781420765027,-1.1793726703706309,-2.054350308289564,-0.19231835829173605,-0.750365545659976,0.049590705043570216,0.049168560832635544,-0.04615881213686257,-0.09560229445506685,-0.0771276595744681,0.20216606498194944,0.08422174840085273,0.03363228699551568,-0.04262516914749659,-0.05936073059360725,-0.050000000000000044
2015-04-30,0.02236915016443608,0.0275112756862832,-0.008755760368663545,0.2800520123450987,0.7851602895553258,0.7848461339539694,0.8141592920353982,0.8124999999999996,-1.6967261321309546,-1.1682910981156596,-1.4418884120171673,1.0266240681576146,0.0957532454463117,0.022690992018243872,-0.039593908629441565,-0.09513742071881615,0.007822149032523651,0.10810810810810811,0.11209439528023601,0.03253796095444672,-0.030388692579505272,-0.05339805825242716,-0.0350877192982455
2015-07-31,-0.011105144813236212,-0.004099731611497903,-0.05513959235606447,-0.07061818448847712,-0.2590876176683563,-0.25905534627644156,-0.24878048780487794,-0.24630541871921174,2.788688801350591,3.214500214500214,-3.058275058275058,-1.5901208617971623,-0.05156816825090693,0.03868881703645899,-0.050387596899224785,-0.12149532710280364,-0.03880718954248363,0.03252032520325199,0.12643678160919536,0.03151260504201692,-0.044460641399416856,-0.07820512820512815,-0.054545454545454564
2015-10-31,-0.016707334869561996,-0.00033589026543145994,-0.1268532066139244,-0.11567483571908288,-0.31372165754495696,-0.3138443488463043,-0.2987012987012987,-0.2941176470588235,0.8926847382101746,0.25030537459283386,1.3861834654586636,-1.1398040961709706,0.007601433136438462,-0.08737655646200082,-0.06827458256029695,-0.11968085106382986,-0.09519762005949861,-0.05249343832021003,0.02511773940345363,0.03054989816700604,-0.11212814645308922,-0.06536856745479847,-0.05769230769230771
2016-01-31,-0.03298497263044542,-0.03433483102168389,-0.02271850995047009,-0.1773264038836686,-0.27542010823127316,-0.27529210601310916,-0.2592592592592593,-0.2592592592592593,-1.3051206592113007,-1.6933159651550924,-0.4123556399303908,-23.366242038216562,-0.16873288164912792,-0.11373794401317339,-0.015531660692950977,-0.06042296072507547,-0.018318459370596507,-0.01939058171745145,0.0015313935681469104,0.029644268774703608,0.010309278350515427,-0.0401785714285714,-0.020408163265306145
2016-04-30,0.05616190962270817,0.05179194212702609,0.08711419987253799,0.4255407729206262,0.9473270440251573,0.9473063311049941,0.9624999999999999,0.95,-1.5982510288065843,-1.7534053546265853,-2.0281329923273654,-1.958707105225687,0.19460100002890246,0.05467816854678165,-0.07564724919093846,-0.1061093247588425,0.09090909090909105,0.0734463276836157,0.1169724770642202,0.028790786948176716,0.029761904761904878,-0.0976744186046512,0.0
2016-07-31,-0.009747682200891172,-0.016161915349492073,0.036863336264533864,-0.14615130660029962,-0.013322567622123582,-0.013529886914378064,-0.01273885350318471,-0.0064102564102563875,2.5088134135855547,-0.10785536159600995,-2.0827441738675043,-0.7210753007574633,0.04543694957901878,0.03850509626274068,-0.003938730853391692,-0.014388489208633004,0.03640350877192966,-0.047368421052631504,0.13689253935660517,0.027985074626865503,0.047068538398018056,0.01718213058419238,-0.04166666666666663
2016-10-31,-0.010664364301509743,0.005557912351937144,-0.12228743740240156,-0.03044137766938315,-0.41632569558101473,-0.416171954964176,-0.41290322580645156,-0.4193548387096774,0.4975188384488145,0.4234800838574424,0.927932285368803,-0.9211927582534611,0.003425133071048414,-0.0008481764206955678,-0.033831282952548225,-0.04014598540145986,-0.12907321201862043,-0.035911602209944715,-0.004816375677302753,0.02722323049001818,-0.11356466876971605,-0.03378378378378377,0.0
2017-01-29,-0.02905759433197541,-0.038682572331763754,0.046855828220858875,-0.13719956439713488,-0.3207150368033649,-0.3208274894810659,-0.3296703296703297,-0.3222222222222223,-1.3037146129929635,-2.355424644084438,-0.5180005017561465,-31.12162162162162,-0.10281839568245765,0.187484841135096,-0.0477489768076399,-0.041825095057034245,0.041788143828960234,0.36389684813753576,0.23169993950393208,0.026501766784452263,0.07829181494661919,-0.04370629370629375,0.0
2017-04-30,0.047466454457285145,0.03668784089599142,0.1258808878470441,0.47319206428215876,3.140350877192983,3.1414558595766646,3.114754098360655,3.081967213114755,-1.7642780172413794,-1.7279065555957986,-2.0936890045543266,-2.4262000897263345,0.1634447300771209,0.122140522875817,0.18767908309455583,0.21031746031746024,0.12080223880597019,0.07563025210084051,0.16797642436149318,0.025817555938038028,0.07508250825082508,0.1919561243144423,0.021739130434782483
2017-07-30,0.05733710029710637,0.04877002009324838,0.11548921883743013,-0.05782550983468082,-0.20014955134596213,-0.20019945150835206,-0.20318725099601587,-0.2088353413654619,0.5937610151568558,-0.2515238213708173,0.8845925044616301,2.163888015099088,0.44447390516593743,0.08673097925009099,0.04463208685162834,0.0721311475409836,0.11027881814398666,-0.02929687500000011,-0.09503784693019346,0.025167785234899487,0.05525709900230247,0.04447852760736204,0.02127659574468077
2017-10-29,0.055114763616300966,0.045586949647514086,0.11491799071416908,0.026883373037219105,-0.1880648177002181,-0.18796758104738154,-0.18500000000000005,-0.18781725888324863,0.626119650558443,1.2321755027422303,0.6606691919191918,0.39068403261085694,0.42792241563924494,0.030818189431371046,0.018090839107005596,0.08562691131498457,0.11056971514242875,-0.07243460764587517,-0.04182156133828985,0.0245499181669393,0.05672727272727274,0.06607929515418509,0.02083333333333326
2018-01-28,0.012026820173805186,0.0193340188359028,-0.031881389095246515,-0.13772029384985718,-2.0268662444828247,-2.027063339731286,-2.0184049079754605,-2.0374999999999996,-1.8818769126147568,2.0454173181445907,-1.0878160045618703,-2.937372654155496,-0.5805954000578475,0.22975058899991874,-0.38336483931947074,-0.3633802816901408,-0.03543705703678701,0.10845986984815625,0.10038797284190104,0.02396166134185318,-0.043358568479008985,-0.36501377410468316,0.0
2018-04-29,0.04949870451729188,0.03734471697388764,0.12512158744569102,0.5505894264844144,-3.258082601382919,-3.257708839469258,-3.246987951807229,-3.210843373493976,-1.0579117828500926,-0.7401902060973522,-6.741558441558442,-1.052824827484409,0.07312712318970149,0.02054568276408797,0.19129368485591658,0.23008849557522115,0.12316305108467462,0.05870841487279832,0.5473776994270603,0.023400936037441422,0.07194244604316524,0.19088937093275482,0.04081632653061229
2018-07-29,-0.0069111101569990785,-0.007204097014724464,-0.005187170398547547,-0.03840485074626865,-0.24662749317222543,-0.2465855475540104,-0.2466487935656836,-0.24250681198910085,6.2836218375499335,0.23459113578620494,-0.5772449672019905,-1.9713587146349982,-0.06619222164040561,-0.05282237182806837,0.09469891919711793,0.1151079136690647,0.0031152647975078995,-0.15711645101663596,-0.25320421532326975,0.02286585365853666,0.0013422818791946067,0.06557377049180335,0.03921568627450989
2018-10-28,0.01034585625326967,-0.0035146466204147853,0.08994525071695492,-0.08657101558937941,-0.13775678347797427,-0.13777191825972313,-0.1245551601423488,-0.14028776978417257,3.5612431444241315,0.2876524390243902,-2.3904048510790084,-0.9306005034160374,-0.004919328116636534,-0.005945872061235646,0.07804419370004712,0.1064516129032258,0.100310559006211,-0.00877192982456143,-0.13196033562166276,0.025707898658718475,0.0790884718498659,0.08376068376068369,0.018867924528301883
2019-01-27,-0.0027072516688537718,-0.003933486160522914,0.0035436488952673706,-0.15211503945453964,-0.36488724678302964,-0.3649337410805301,-0.36585365853658536,-0.35564853556485354,-1.6616032064128257,-1.5733396472120278,-1.5166752180605438,14.139896373056995,-0.04633709016393439,0.01237538673083538,0.3676406454426515,0.41982507288629756,0.003951453570420593,-0.07964601769911495,-0.09885764499121263,0.02506356701779877,0.006211180124223503,0.39589905362776023,0.0185185185185186
2019-04-28,0.040209845219127516,0.03789897817197785,0.05223432617101298,0.4207124605441155,1.2766298896690071,1.2770866773675764,1.2884615384615383,1.2857142857142856,-1.0944447810019993,-2.384265950856907,1.6549155908639523,-0.5297741273100616,-0.03690472992935989,0.10417657045840412,-0.054209183673469385,-0.030800821355236208,0.057070565082935065,0.09855769230769229,-0.23647001462701123,0.02693125442948263,0.011728395061728403,-0.037288135593220306,0.0
