Quarter end,Assets,Current Assets,Liabilities,Current Liabilities,Shareholders equity,Revenue,Earnings,Earnings available for common stockholders,EPS basic,EPS diluted,Cash from operating activities,Cash from investing activities,Cash from financing activities,Cash change during period,Cash at end of period,Price,ROE,ROA,Book value of equity per share,P/B ratio,P/E ratio,Cumulative dividends per share,Equity to assets ratio,Net margin,Asset turnover,Current ratio
1994-04-01,0.031038162874241104,0.08683082223446625,0.016088173443194576,0.03536676288975138,0.05196179064457329,0.10004737976088784,0.32612885462555075,0.32612885462555075,0.32000000000000006,-0.39682539682539686,1.7656527750345643,-0.31205198633348963,-2.3290203327171906,0.20221306140160555,0.48707805907172985,0.05020920502092041,0.017757483510908223,-0.013530135301353052,0.04761904761904767,0.05685618729096986,-0.005675954592363253,-1.0,0.020398368130549516,0.03400309119010836,-0.007751937984496138,0.049693556402186534
1994-07-01,0.031038162874241104,0.08683082223446625,0.016088173443194576,0.03536676288975138,0.05196179064457329,0.10004737976088784,0.32612885462555075,0.32612885462555075,0.32000000000000006,-0.39682539682539686,1.7656527750345643,-0.31205198633348963,-2.3290203327171906,0.20221306140160555,0.48707805907172985,0.05020920502092041,0.017757483510908223,-0.013530135301353052,0.04761904761904767,0.05685618729096986,-0.005675954592363253,-1.0,0.020398368130549516,0.03400309119010836,-0.007751937984496138,0.049693556402186534
1994-09-30,0.043187617679775636,0.12145015281788019,0.03244391823838,0.061925072471795906,0.05771145517001042,0.02610647568865887,0.19889961590366445,0.19889961590366445,0.19696969696969702,-0.39682539682539686,-0.489662560257097,-0.1556139838348427,-0.9449398674629796,-0.14744630933044578,0.27924572914819423,0.10756972111553798,0.017757483510908223,-0.013530135301353052,0.05681818181818188,0.05685618729096986,-0.005675954592363253,inf,0.013875823142050603,0.03400309119010836,-0.007751937984496138,0.05609910052075118
1994-12-31,0.15148087123441112,0.009831048342049842,0.1750099427334224,0.37790196269352205,0.12043301759133973,0.08786222448266767,0.0718676941726557,0.0718676941726557,-0.4683544303797469,-0.39682539682539686,5.433459277917716,18.009802790912236,-79.71025260029718,-5.162362404741744,-0.908599417771822,0.08273381294964022,0.017757483510908223,-0.013530135301353052,0.09677419354838701,0.025316455696202445,-0.005675954592363253,0.0,-0.026907909997680335,0.03400309119010836,-0.007751937984496138,-0.26709002614867394
1995-03-31,0.04420582215286961,0.12495401183986088,0.03522701228369218,0.02968692821179353,0.05663095988237776,0.06038646662704927,-0.1175377655707246,-0.1175377655707246,-0.11904761904761907,-0.39682539682539686,-0.6517341511957976,-0.8989771527718796,-1.045439099901835,-1.7003509128820626,6.962082912032356,0.12292358803986714,0.017757483510908223,-0.013530135301353052,0.05882352941176472,0.021604938271604812,-0.005675954592363253,0.0,0.011918951132300348,0.03400309119010836,-0.007751937984496138,0.09245667686034675
1995-06-30,0.030530447755148904,0.09118249076625773,0.015481269701634881,0.061698831857018854,0.0509340796959421,0.03980834200964667,0.24588062980593195,0.24588062980593195,0.21621621621621623,-0.39682539682539686,-1.1151395915308226,-0.1932500600528465,-10.208973826339841,-0.6496260257061941,0.3063686583275129,0.0798816568047338,0.017757483510908223,-0.013530135301353052,0.04629629629629606,0.02114803625377637,-0.005675954592363253,0.0,0.01978798586572439,0.03400309119010836,-0.007751937984496138,0.02780628907343452
1995-09-29,0.23482633993125335,0.15925176840450606,0.37711176147003567,0.23954512190335908,0.0484239197253562,0.0332676018922482,0.058045554739162286,0.058045554739162286,0.06666666666666665,-0.39682539682539686,-13.084892866829401,11.354399285395266,4.039474871424704,-3.0899481865284972,-0.49013317779721977,0.10684931506849327,-0.0074775672981056696,-0.013530135301353052,0.04424778761061954,0.059171597633136175,0.025947067981318073,1.0,-0.15107415107415112,0.004484304932735439,-0.0546875,-0.06482069904675436
1995-12-31,-0.014651021228232364,-0.15663848651619572,-0.05674145523170471,-0.24732416400495405,0.05777703207369478,-0.2231283805832155,0.057222222222222285,0.057222222222222285,0.0625,-0.39682539682539686,1.272684426689409,-0.5718598051443342,-1.3068439192516002,-0.5861761205870686,-0.24327931363203048,-0.017326732673267342,0.0015067805123052391,-0.013530135301353052,0.06779661016949157,-0.06145251396648055,-0.06575619625695506,0.0,0.0737414965986396,0.08482142857142883,-0.09090909090909083,0.12047374041355186
1996-03-29,0.011769250284826782,0.09335862970823428,-0.08445002667615154,0.22421796515051784,0.15941539558357265,0.3032549792049182,2.5056161324224906,2.5056161324224906,2.5098039215686274,-0.39682539682539686,-0.6590792384262917,-2.6580821300909117,3.2125393861594116,-2.900071890726096,0.9988662131519275,0.05037783375314864,0.649949849548646,0.6845386533665836,0.1587301587301586,-0.014880952380952328,-0.0021656740660530582,0.0,0.1457171819564116,0.7434842249657061,-0.036363636363636376,-0.10682723964650842
1996-06-28,0.011972889562880784,0.007966369880337831,-0.02548373076670929,-0.043356988234533156,0.057359902791793704,0.061871729698186106,-0.6952847600221099,-0.6952847600221099,-0.6983240223463687,-0.39682539682539686,-0.1864843727370159,-1.1837633678492616,-0.9090720207218002,-1.8447471307857233,-0.42213398878174824,0.1942446043165469,-0.04954407294832841,-0.023686158401184376,0.0547945205479452,0.030211480362537735,-0.3309820944112859,0.0,0.04490157044901566,-0.0007867820613689513,-0.018867924528301883,0.05364244834610554
1996-09-27,0.1782618383009713,0.14962009951719768,0.2981172551516049,0.0724378937760668,0.04440919904837437,0.0825252875968332,0.032344350499615704,0.032344350499615704,0.03703703703703698,-0.39682539682539686,2.0009257610824283,8.948870721906609,-11.964734557087365,-2.908032248432368,1.393827025847966,-0.004016064257028162,-0.04924848097217771,-0.021986353297952843,0.038961038961039085,-0.055718475073313734,-0.03081914030819144,0.5,-0.11367485182049109,-0.017322834645669305,-0.009615384615384581,0.0719020438225002
1996-12-31,-0.015411922666498601,-0.07488675953766422,-0.07408736743207622,-0.06504106685159394,0.06603391546443937,0.05490805820891409,0.04026565803972959,0.04026565803972959,0.10714285714285698,-0.39682539682539686,-0.16677542981217597,-0.8911435773875016,-1.2953194031509627,-0.6482785602503912,0.20479292906282742,0.09879032258064524,-0.052135889673730285,-0.02093023255813964,0.0625,0.05900621118012417,0.07280334728033488,0.0,0.08287556723190836,-0.08092948717948711,0.06796116504854366,-0.010478399038048591
1997-03-28,0.01676077036996748,0.05769642298638655,0.012833575003653452,0.08957526028661555,0.02149548709733451,-0.06080094717066997,-0.09716854189928137,-0.09716854189928137,-0.16129032258064513,-0.39682539682539686,0.15918832324670706,0.7484646878198566,-0.35026932938160094,1.6941045606229141,0.4579488730903041,0.04954128440366956,-0.3903477643718949,-0.3895486935866983,0.01764705882352935,-0.014662756598240567,0.01716068642745694,0.0,0.004631671812968641,-0.38186573670444635,-0.00909090909090915,-0.029250933078725616
1997-06-27,0.013654969359064406,0.012905378999318762,0.0067918890293134915,0.010414188824618087,0.021859093316761724,0.07792625433870515,0.21319169177104813,0.21319169177104813,0.23076923076923084,-0.39682539682539686,-0.3309296840450101,0.07175959802917209,-0.4665846064731012,-1.289512799339389,-0.09093738652279915,0.0,0.0052386495925493826,0.0,0.034682080924855585,-0.014880952380952328,0.5667177914110431,0.3333333333333335,0.008122941822173324,0.007052186177715081,-0.00917431192660556,0.0024141630901286515
1997-09-26,0.0525774476627725,0.06355794034646234,0.061616210897795565,0.1005822366154483,0.04193183069725581,0.027470768055784855,0.09208531548957088,0.09208531548957088,0.078125,-0.39682539682539686,0.5525934086110347,1.2597633136094673,-1.184878512284512,2.5037079292641184,-0.3504907555352659,0.18356643356643354,0.020845396641575142,0.04150453955901412,0.03910614525139677,0.1419939577039273,0.13313754282917278,0.0,-0.010235191637630647,0.03501400560224077,0.0092592592592593,-0.033627687093033654
1997-12-31,-0.018327657403263253,-0.007446490887318635,-0.07814241343786021,-0.08831708169643093,0.05345150679202493,0.09395258623192748,0.03472870443503018,0.03472870443503018,0.14492753623188426,-0.39682539682539686,-0.31481043494713934,-0.7400245734888311,-8.949339207048459,-1.859084988603061,0.4635828501142154,0.08124076809453484,0.020986954055586926,0.041095890410958846,0.053763440860215006,0.042328042328042326,0.024190064794816557,0.0,0.07326732673267333,0.021650879566982528,0.01834862385321112,0.0887022337086949
1998-03-27,0.2612137890969757,0.1676345823245824,0.4672716848975318,0.5341726515780136,0.0448280638381644,-0.05435673119969142,-0.12000370096225021,-0.12000370096225021,-0.17721518987341778,-0.39682539682539686,0.8632574515455378,14.040675602386303,-13.801930359286969,-1.2804889604851701,-0.08884353333133232,0.15437158469945333,0.0011111111111110628,-0.03349282296650713,0.04591836734693877,0.09390862944162426,0.08013496415014765,0.0,-0.17158671586715868,0.007947019867549754,-0.04504504504504503,-0.23891479440440855
1998-06-26,0.00023199654114258728,0.0010110887348093733,-0.030021759103927015,-0.037057345384057805,0.04484735115341287,0.1643900467424375,0.21391020923141624,0.21391020923141624,-0.4,-0.39682539682539686,-0.38479422743819414,-0.9449544119919642,-1.152218691042628,-1.864527027027027,0.08429686727937535,0.08994082840236706,0.002774694783573839,-0.01856435643564358,0.043902439024390505,0.04176334106728552,0.04607575165950806,0.25,0.04454342984409787,-0.006570302233902758,-0.009433962264150941,0.03954550517990407
1998-09-25,0.16864766844840862,0.2862794095671377,0.08315083458060069,0.105194179709037,0.2856957318376816,0.16482850719381115,-0.3837425836906154,-0.3837425836906154,-0.46153846153846156,-0.4736842105263158,-0.00012045108932956516,7.168491484184916,-2.819062966561604,-13.166471277842907,0.19352290679304907,0.028230184581976125,-0.1710016602102934,-0.16267339218158883,0.11214953271028016,-0.013363028953229494,-0.014557670772676445,0.0,0.10021321961620466,-0.15740740740740733,-0.00952380952380949,0.1638448349764252
1998-12-31,-0.011717009149515456,-0.04595508941777593,-0.0656139402926551,-0.19537416523742546,0.050445562711358694,0.4189495874256215,1.4687280393534787,1.4687280393534787,1.0,1.0499999999999998,0.36356517941845223,-0.9111051283960659,-1.9573861045610288,-1.0846984004625169,0.06712314819528586,0.10454065469904972,0.06275033377837125,0.07530120481927716,0.050420168067226934,-0.009029345372460473,0.228409090909091,0.0,0.06287683031869085,-0.012558869701727038,0.09615384615384603,0.1857103397477211
1999-04-02,0.0027198887069301847,0.003475009696652709,-0.023185789150354297,0.051640397557735085,0.029297301215906346,-0.26632701675238935,-0.21493025903785934,-0.21493025903785934,-0.023809523809523836,-0.04878048780487798,0.1559749538944044,-0.2169598556608029,-0.08002667102111904,8.955631399317406,0.6262194976504545,0.21223709369024846,-0.0006281407035176878,0.054621848739495826,0.028000000000000025,0.15489749430523925,0.19858156028368779,0.19999999999999996,0.02653970826580232,0.015898251192368873,0.03508771929824572,-0.04581456747942236
1999-07-02,0.002195061911815843,0.06744151031589252,-0.03823867226483846,-0.036004528697861304,0.041562098436435546,-0.016978756675810724,0.14218894468717713,0.14218894468717713,0.12195121951219523,0.15384615384615374,-0.21407759106585023,0.892198815009875,-1.0378954841954235,1.2790538224202948,0.8776108894625674,0.1869085173501579,-0.005028284098051561,0.04648074369189903,-0.0077821011673151474,0.15581854043392496,0.12220221250321583,0.0,0.03927373199131612,0.04381846635367759,0.0,0.10734049479166674
1999-10-01,0.11937103225356371,0.27214823454118275,0.09974403745418958,0.14865803581531178,0.1370161605832465,0.054044471526521365,-0.01834862385321101,-0.01834862385321101,-0.0652173913043479,-0.06666666666666676,1.170430787183352,2.7723754022788554,20.307572209211553,1.4444277309800775,1.1884413474157864,-0.08504983388704324,0.08275426405559072,0.12309644670050757,0.13333333333333353,-0.07849829351535831,-0.12906923429619432,0.16666666666666674,0.015761488796050216,0.13493253373313352,-0.008474576271186418,0.10744469758212682
1999-12-31,-0.010923730915200491,-0.00532373064934788,-0.06599766624513914,-0.11621040293771079,0.03696596756966697,0.17539555960284803,0.31968114348543164,0.31968114348543164,0.2558139534883721,0.23809523809523814,-0.6997877428496222,-0.6327615226764428,-1.7569518226781462,-1.135769717274623,-0.07088292198844859,-0.11837327523602026,-0.014585764294049008,0.016949152542372836,0.04498269896193774,-0.2222222222222222,-0.23453540405369844,0.0,0.0484202654701813,0.08058124174372505,-0.05982905982905973,0.12548941535602887
2000-03-31,0.052012572073312446,-0.05739541159471162,0.12526479152547565,0.145708295592746,-0.005359460753273981,-0.055664671388450326,-0.12325863484323119,-0.12325863484323119,-0.07407407407407418,-0.05769230769230771,1.5942542673258093,6.456851357714645,0.6690866850588064,7.476053784559602,-0.6466434353640873,-0.09719934102141681,0.011841326228537508,0.022222222222222143,-0.0066225165562914245,-0.1357142857142858,-0.15302613480055016,0.0,-0.05456490727532093,0.02689486552567244,0.0,-0.17724056603773586
2000-06-30,0.15738076097227416,0.16327559016203907,0.28859512298127243,0.17567008430390785,0.041115653367035376,0.026419403420188114,0.13569601855863156,0.13569601855863156,0.1399999999999999,0.14285714285714302,0.04994786610577795,0.04435500846180407,-3.8083369580977235,-1.545074832599564,0.9974883660244422,0.20529197080291972,0.015798712697483897,-0.011956521739130421,0.040000000000000036,0.21212121212121215,0.14129110840438486,0.1428571428571428,-0.10052810260279144,0.01904761904761898,-0.036363636363636376,-0.010534613730829867
2000-09-29,0.04845891564803706,0.04291831167136517,0.049790422833656534,0.052042647192833025,0.04699865949015414,0.10778367152198931,0.029015467532947037,0.029015467532947037,0.03508771929824572,0.03571428571428559,-0.23533843340570226,-0.12877609100510334,-0.6140811911756354,-1.3261573342344208,-0.16287361264581168,-0.03482210446631351,0.04262672811059898,0.009900990099010132,0.04487179487179471,-0.07045454545454555,-0.08822483102098899,0.0,-0.0012581253931641667,0.014018691588785215,0.0,-0.00869124357210116
2000-12-31,0.036465299942028295,0.07245341542615713,0.02559891144494686,0.014075027653242866,0.04841418106819506,0.04619339958207758,0.04949476831091171,0.04949476831091171,0.05084745762711873,0.034482758620689724,0.034671156929305225,-0.56712226088244,-0.9864747354479658,-1.7731100862241829,0.1504184250053644,0.16470588235294126,-0.013812154696132617,-0.04793028322440085,0.046012269938650485,0.11491442542787289,0.07803355442840432,0.125,0.011547344110854452,-0.011520737327188946,-0.037735849056603765,0.0575728793745891
2001-03-30,0.11848636759027698,0.269039127562392,0.18375845838841443,-0.01895458204881495,0.04827390565881329,-0.02623674287003963,-0.05910168178296338,-0.05910168178296338,-0.06451612903225812,-0.06666666666666654,0.5035837950138504,0.03769894289043041,411.0741839762611,20.281545843600053,2.782584612602021,0.017508417508417473,-0.0117647058823529,-0.04919908466819234,0.04692082111436946,-0.028508771929824595,-0.019182048498009308,0.0,-0.06288916562889169,-0.002331002331002363,-0.0490196078431373,0.29354058721934373
2001-06-29,0.02450825812340418,0.009706288563255505,0.010921929210631509,-0.025852803247287448,0.04101179855380166,-0.048386374782026564,0.14111677585768434,0.14111677585768434,0.12068965517241392,0.125,-0.2080382742063629,0.3999423179926662,-0.9898849515250584,-0.987649957546729,0.009085067913871203,-0.03176704169424216,-0.006802721088435382,-0.016847172081829065,0.036414565826330625,-0.0744920993227991,-0.06125461254612541,0.11111111111111116,0.016168327796234783,0.022196261682242868,-0.04123711340206182,0.03647724845118572
2001-09-28,0.02058856315998514,-0.010100512833542963,0.004523468040158463,-0.0011814247160214508,0.03953904532032215,-0.05754823387247676,-0.06881035763557253,-0.06881035763557253,-0.06153846153846154,-0.0634920634920636,-0.1343641637406494,0.050231031844134355,-2.2411010915994307,-5.744078947368421,-0.04271223586204853,-0.11893369788106634,-0.03082191780821908,-0.03549571603427171,0.04054054054054057,-0.15121951219512186,-0.14465408805031443,0.0,0.018526591107236312,0.03314285714285714,-0.06451612903225812,-0.00891430926985115
2001-12-31,0.02236919015264438,0.002451296261933633,0.03196881355500314,0.046328571531425444,0.011426844234022848,0.01923716819655974,-0.622638068971805,-0.622638068971805,-0.6557377049180328,-0.6101694915254237,0.49603614498303594,-0.2164860339500767,0.12447418738049709,-3.0833795590070725,0.09295616474803015,0.06361520558572531,-0.18374558303886923,-0.19035532994923854,-0.04155844155844157,0.02298850574712641,0.0588235294117645,0.09999999999999987,-0.010699764605178741,-0.12942477876106184,-0.06896551724137923,-0.04195695123219301
2002-03-29,0.12717169628022762,0.03160809019451993,0.08642936042597382,0.22111307055777396,0.17455597405709278,0.09279794369986027,-3.7487013771442377,-3.7487013771442377,-4.0,-3.5217391304347823,0.47773686160478723,6.3834921940664175,-74.05662302329536,-3.2482984707037423,-0.1912182846726176,0.21006564551422313,-0.6096681096681096,-0.603448275862069,0.17344173441734423,0.2640449438202248,0.4327256944444444,0.0,0.042180402336145395,-0.5832274459974587,-0.04938271604938271,-0.1551527649644544
2002-06-28,0.03888626729820421,0.10192784616116501,0.032351141530295946,0.06124062271831887,0.04591650592776042,0.14152361017200632,-2.1389880788880955,-2.1389880788880955,-2.095238095238095,-2.137931034482759,-0.5054112677447417,-0.9781618034404878,-0.9835888149779121,-1.9890161131547588,0.2338306629428193,0.03013863773357439,0.009242144177449285,0.02371541501976293,0.04618937644341803,-0.12222222222222223,1.38018782187216,0.09090909090909083,0.006641760066417479,0.024390243902438824,0.0,0.038347893114080156
2002-09-27,0.04428854090693357,0.054249611564240574,0.035686139474532474,0.04147898894490343,0.05342265111641131,0.0047063400812683565,0.1192687985337384,0.1192687985337384,0.10144927536231885,0.1212121212121211,0.32092412384119684,5.633394332612433,5.469720607006098,-0.26582250061740864,0.13913838953302848,-0.12990052662375662,0.13186813186813184,0.14671814671814687,0.04415011037527594,-0.1696202531645571,-0.1588392516227567,0.0,0.0088659793814434,0.13988095238095255,0.0,0.012248685431487827
2002-12-31,0.022790251952525598,0.06261851305179222,0.0029211980665289072,-0.07842457472315856,0.04353218564171901,0.10701984247921148,0.39372053538339546,0.39372053538339546,0.3947368421052633,0.3783783783783785,-0.15737020519469946,0.5141531516468818,-0.2550747511947038,-0.9257413127019561,0.00907021855678325,0.01008742434431742,0.6715210355987056,0.7003367003367005,0.0422832980972514,-0.030487804878048697,-0.1342109244968982,0.08333333333333348,0.020232985898221978,0.6553524804177544,0.038961038961039085,0.15302817331785112
2003-03-28,0.043715485363181594,0.054704419197525445,0.05088314600936705,0.08180907159657069,0.036524134942894415,-0.06177596789905393,-0.36228603937864845,-0.36228603937864845,-0.3679245283018868,-0.36274509803921573,0.4790157192343256,-0.3318739199328633,-0.8777882408333824,12.887439945092655,0.1248298811913684,0.06591211717709733,0.5963213939980638,0.6079207920792078,0.034482758620689724,0.022012578616352085,-0.39182104159384834,0.0,-0.0070112179487179516,0.6025236593059937,0.0,-0.025070228441193665
2003-06-27,0.027347191481192912,0.06009786088186009,0.00532397996968359,-0.041158627904496314,0.04974928851279148,0.08628632812663284,0.2135058084285244,0.2135058084285244,0.22388059701492513,0.2153846153846155,0.09599880561361607,-0.8233991389354862,-17.970142065976404,0.5466739151922506,0.171644729841943,0.06495940037476577,-0.0012128562765311157,0.009852216748768683,0.0490196078431373,0.027692307692307683,-0.36178160919540225,0.0769230769230771,0.02178737139398823,0.011811023622047223,0.0,0.10563227139284548
2003-09-26,0.019400754857072045,0.041671630741749066,-0.018816432419961338,-0.026519881720733274,0.056630254348774,0.007710291881375841,0.10766796650258903,0.10766796650258903,0.09756097560975618,0.10126582278481,-0.2758522340280616,2.575780262973188,-0.1535252635611618,-0.7659911680310845,0.034282049601632725,0.05513196480938398,-0.0018214936247724633,0.01585365853658538,0.0523364485981308,0.0059880239520957446,0.012606933813597454,0.0714285714285714,0.036525172754195534,0.012645914396887115,0.0,0.07002016029896252
2003-12-31,0.04549588769543722,0.05817277830188172,0.03619198110705946,0.08008499780852785,0.053912184509173455,0.13694823250354538,0.22600239507134723,0.22600239507134723,0.2333333333333334,0.21839080459770122,0.4236880625003674,0.9530738831165433,-1.2622156662252544,2.425430810825573,0.11353845791765749,0.1511951083935521,-0.03284671532846706,-0.01800720288115243,0.051509769094138624,0.09523809523809534,0.10626945309026237,0.0,0.008190476190476081,-0.025936599423631024,0.012499999999999956,-0.020265612793529786
2004-04-02,0.05734022249475701,-0.14478726618722149,0.08002612121266317,0.16456630891382118,0.0371636453580475,0.036548766840993174,-0.14535205300507215,-0.14535205300507215,-0.15315315315315325,-0.15094339622641506,0.04001486466957083,4.542030150753769,-1.1738796905964328,-5.685280118632852,-0.4777198989396467,0.10960888459681306,0.028301886792452935,0.039119804400978175,0.03716216216216206,0.05434782608695654,0.09646302250803873,0.0,-0.019081806159078063,0.011834319526627057,0.024691358024691246,-0.26561913696060024
2004-07-02,0.05464269874773642,-0.02166948510928335,0.05621410645429359,0.060091282150201764,0.05318734906407174,0.050579610689797994,0.25466800694004577,0.25466800694004577,-0.37234042553191493,-0.37777777777777777,-0.01987882926519402,-0.3366555924695459,14.840441176470588,-0.4228036142733167,-0.5279508035972769,0.04612706701479552,0.046483180428134485,0.05176470588235271,0.05211726384364823,0.010309278350515427,-0.026392961876832932,0.06666666666666665,-0.0013482280431433846,0.0399610136452242,0.012048192771084265,-0.07715398863128309
2004-10-01,0.031141687467445278,0.09252852060881334,0.01026729787110403,0.21998288408959898,0.050529936604424286,0.07650910257240584,0.10184763462161084,0.10184763462161084,0.10169491525423746,0.10714285714285698,0.09511927378488183,-0.9134802545727596,-1.0925126491203638,-1.6731259636616638,0.7528397382000429,0.04617304492512475,0.04675628287551148,0.04921700223713654,0.049535603715170407,-0.007653061224489721,-0.041039156626506035,0.0625,0.018707810993249918,0.022492970946579094,0.023809523809523725,-0.10450550211087273
2004-12-31,0.07212633326407891,0.08525168875141165,0.03649721546838358,0.05957685938325441,0.1039505510813008,0.1342445503169969,0.08435055006897652,0.08435055006897652,0.07692307692307687,0.08064516129032273,-0.023047815617475043,3.4305485338725985,-0.055444054189663805,-0.6605496550969013,0.14579296852956114,0.09701789264413518,0.005583472920156263,0.013859275053305087,0.1017699115044246,0.046272493573264795,0.003140950137416665,0.0588235294117645,0.029723589549413232,-0.007332722273143966,0.023255813953488413,0.024267717752531004
2005-04-01,0.01516489553141298,-0.0005941021485666997,0.002468373560448933,0.0021091720148973536,0.025812599222197585,-0.07760838157588978,-0.13536949432783718,-0.13536949432783718,-0.12857142857142856,-0.1343283582089554,0.1812471603816448,0.10994308861915014,-1.1134130146082337,-0.17480162570156765,0.1049998768705418,-0.01413555636100039,0.0,0.013669821240799074,0.025435073627844806,-0.10565110565110569,-0.07436399217221146,0.0,0.010479867622724681,0.015697137580794163,0.0,-0.0027163661057871824
2005-07-01,0.005037400109617618,0.04223375326881862,-0.004885969162984227,0.011448477546420754,0.013170067154428144,0.05623325527342504,0.2165349311575726,0.2165349311575726,0.21311475409836067,0.2068965517241379,-0.09421105095980331,-0.6214066335119575,101.15690866510539,1.1199086886501868,0.20143907338293676,-0.04154411764705879,0.011660188784008874,0.029045643153526868,0.015665796344647598,-0.06593406593406603,-0.09260042283298087,0.05555555555555558,0.008005822416302655,0.015454545454545388,0.011363636363636465,0.030491034274040762
2005-09-30,0.041187550902143544,-0.07901287765406317,0.04246767877648461,-0.014619229395971822,0.04015712280321737,0.019572473059850326,-0.0008689197450004738,-0.0008689197450004738,0.0,0.0,0.08940261431432628,5.109919328377629,6.067100708374407,-4.931422080939351,-0.6591611997699884,0.03989259685462221,-0.009879253567508184,0.0010080645161290036,0.041131105398457546,0.0235294117647058,-0.016775396085740857,0.05263157894736836,-0.0009025270758121762,0.004476275738585445,-0.011235955056179803,-0.06534508076358292
2005-12-31,0.015519542949604226,0.051815414550102634,0.013361373884411387,0.031379855280410096,0.017260601808356535,0.15123208950479938,0.09999956297717438,0.09999956297717438,0.10810810810810811,0.11428571428571432,-0.021158762176682444,-0.8082286907907772,-0.4834530320429229,-1.0749107936829545,0.14487285076246015,-0.004057543341940195,0.014966740576496829,0.019133937562940684,0.02592592592592613,-0.04310344827586199,-0.034123222748815296,0.04999999999999982,0.001626016260162677,0.0017825311942960553,0.022727272727272707,0.01979575805184619
2006-03-31,0.02085198375354924,0.01905115043400407,-0.025206484144667862,-0.04997782759833658,0.057866288739949034,-0.05305037561501824,-0.1429621418894491,-0.1429621418894491,-0.14634146341463417,-0.14102564102564097,0.11904137727352682,1.3093405691441595,-0.031066705183436127,-2.3705985474580515,-0.17343630665090592,0.10629629629629633,-0.0016384489350083076,0.009881422924901129,0.0553549939831528,0.0780780780780781,0.06182531894013743,0.04761904761904767,0.03625541125541121,-0.008896797153024938,0.022222222222222143,0.07263903866892618
2006-06-30,0.273469566219501,0.08100162439085334,0.5208471581947749,0.17719272441115863,0.09027932965051844,0.096145332680867,0.45801714267171634,0.45801714267171634,0.4571428571428573,0.4626865671641789,-0.0676438666516419,7.068320280322638,-11.604273742473637,-1.4368878818886128,0.0916713633383559,0.0803481754268498,0.037746170678337077,0.0029354207436398383,0.08665906499429865,0.025069637883008422,0.04667282809611817,0.045454545454545414,-0.14377719756309837,0.04039497307001794,-0.0434782608695653,-0.0817235188509875
2006-09-29,0.009259954932149261,-0.004910269676449253,-0.0299976589111145,-0.06795845956042623,0.04981208364777867,0.039560994210482425,-0.14768760213911902,-0.14768760213911902,-0.1470588235294118,-0.15306122448979598,0.375333560212588,-0.9577619388431474,-1.2269659638760402,-1.8691342534504392,-0.07298416411164144,-0.0024790827393865733,-0.014232999472851948,-0.035121951219512115,0.0482686253934943,-0.08152173913043481,-0.09183222958057391,0.04347826086956519,0.04025208375686118,-0.015530629853321876,-0.011363636363636354,0.06764682881051076
2006-12-31,0.07000026949317317,0.0516096597239839,0.05932717681021393,0.040123450264031746,0.08018715098375218,0.08905348662128287,0.207579335325343,0.207579335325343,0.2068965517241379,0.20481927710843384,0.07117617131492526,5.369897301873596,-1.291739037940051,-3.5916943361724654,0.20404467478935562,0.10406958682820755,-0.0010695187165775666,-0.01718907987866536,0.07607607607607614,0.053254437869822535,0.05979581915410792,0.04166666666666674,0.009380496384600256,0.024539877300613577,-0.04597701149425293,0.011060650454145948
2007-03-30,0.01741793920173973,-0.02616511463364779,-0.02862227793239025,-0.14679925970378394,0.060512200774757385,-0.03917517712581042,-0.21288038626331018,-0.21288038626331018,-0.21904761904761916,-0.21999999999999997,-0.3028942266590098,-0.3677740473424983,-2.0582534129614074,-3.232648817260203,-0.37835813851043076,0.02054023635340463,-0.032655246252676684,-0.04218106995884763,0.0604651162790697,-0.053370786516853896,-0.044036697247706424,0.040000000000000036,0.04240077444336898,-0.007698887938408894,-0.036144578313252906,0.14141853220314404
2007-06-29,0.004467835117049512,-0.008185539706612732,-0.03787800164694877,-0.03321570935360818,0.04077273713543983,0.045058762773665606,0.2211503744054253,0.2211503744054253,0.23170731707317072,0.23076923076923062,0.14205105017683595,-0.6849754129826764,1.5133451957295372,-0.8052409227749779,-0.11853880261586114,0.0041356492969395475,-0.05700055340343113,-0.02685284640171859,0.04385964912280693,-0.05341246290801194,-0.026391554702495212,0.0769230769230771,0.03621842496285277,-0.0336206896551724,0.012499999999999956,0.02583306886702652
2007-09-28,0.047794829635496194,0.03264428431490951,-0.015646773684090953,0.031361519564351514,0.09807571742683252,0.02243887793256394,0.5546031868463848,0.5546031868463848,0.5445544554455446,0.5416666666666667,0.03804851857275349,0.6377976363179172,-0.35931285788651746,-2.5003202527861994,0.2017628987338138,0.07935200439319057,0.10856807511737099,0.14679911699779247,0.08991596638655475,0.034482758620689724,0.0852636766880237,0.03571428571428559,0.04785803907510311,0.15343443354148079,-0.012345679012345734,0.001237470610073066
2007-12-31,0.2683765373278826,0.19601406120931952,0.46569482042621346,0.38588608968188964,0.1281872601852323,0.12315796526812317,-0.33799648971204477,-0.33799648971204477,-0.35256410256410253,-0.3445945945945946,0.492472511540059,15.798807168797424,-13.456162587886077,-0.15109858834244083,0.14252129911458766,0.07631645891630634,-0.0799364743250397,-0.08277189605389812,0.10023130300693905,-0.012121212121212088,-0.08946412352406896,0.06896551724137945,-0.11050290797126239,-0.03944315545243615,-0.03749999999999998,-0.1370040786058584
2008-03-28,0.02181137922044707,0.026052363012489366,-0.012856764175918078,0.028136253803209943,0.0538106745466056,-0.012596519526887229,-0.13652900304473414,-0.13652900304473414,-0.13861386138613863,-0.14432989690721654,-0.41685657974423873,-0.9814397808769282,-1.1241273414037856,-1.177322560096557,-0.02211971159476056,-0.07846844717560864,-0.05926352128883772,-0.06190975865687309,0.053258584442887225,-0.16257668711656437,-0.07182044887780559,0.032258064516129004,0.03134615384615391,-0.025764895330112836,-0.038961038961038974,-0.002005012531328454
2008-06-27,0.007930982216904248,0.008772949454825207,-0.043256285282216034,0.03759151605731992,0.05218873487599218,0.0841966354493453,0.31443554366105486,0.31443554366105486,0.31034482758620685,0.3132530120481929,0.7462345193571818,0.5835984848484848,0.5609950918053117,-10.506712043864624,0.21504240459500723,-0.0017953321364452268,-0.03975535168195721,-0.03691275167785235,0.05056553559547572,-0.05128205128205132,-0.013433637829124101,0.0625,0.043818758157747384,-0.014876033057851235,-0.027027027027027084,-0.027767812298199024
2008-09-26,-0.020782107357234736,-0.016857252392629585,-0.05958360589131795,-0.02647565670315477,0.00972337380702415,-0.023056157398455235,0.023508177235808114,0.023508177235808114,0.01754385964912286,0.01834862385321112,-0.25272615388846487,1.0754777908005835,-0.41560510983634524,-0.9518903760863945,0.00851460753255906,-0.014902363823227072,-0.1273885350318471,-0.12775842044134722,0.0075997466751109854,-0.06177606177606165,-0.044117647058823484,0.02941176470588225,0.03126116470167939,-0.11241610738255026,-0.01388888888888895,0.009889298892989062
2008-12-31,-0.007407219076165594,0.01602813446812057,0.031302649652388936,-0.08849761158287672,-0.035751723047742545,-0.009873196057205047,-0.17824576872620912,-0.17824576872620912,-0.1724137931034483,-0.1711711711711712,0.17162553508624634,0.48350514869856354,-0.49748454241714346,42.95824720959074,0.37112722018435074,-0.23187271778821084,-0.02919708029197088,-0.010652463382157085,-0.032683846637335034,-0.23868312757201648,-0.16125356125356127,0.05714285714285716,-0.02858132686644732,-0.01890359168241973,0.014084507042253502,0.11465945629932772
2009-04-03,0.01046224475887203,0.07407527705804395,-0.0014851138426721366,-0.09848176585381141,0.01981880728286156,-0.17275648149255818,-0.2223654338111657,-0.2223654338111657,-0.22916666666666663,-0.21739130434782616,-0.3782757050078923,-0.7278963355422108,-3.494642720672526,4.483528471340574,1.4842435103117189,-0.0862478777589134,-0.03984962406015036,-0.026917900403768513,0.019493177387914118,-0.05405405405405406,-0.07404891304347827,0.027027027027026973,0.009272467902995851,0.0019267822736031004,-0.04166666666666674,0.1914377499508293
2009-07-03,0.036738460465993716,0.06479270474760201,0.006481222420711585,0.013484567159173233,0.05993938191870485,0.017454135562672723,0.24391700881739253,0.24391700881739253,0.2567567567567568,0.23611111111111116,0.5336192169357614,1.8958630731456632,-1.080346420606328,-0.515571325916538,0.28942819523641194,0.08955778520995916,-0.06499608457321848,-0.05809128630705407,0.05672402804333965,0.06857142857142873,0.12032281731474681,0.05263157894736836,0.022438162544169415,-0.0038461538461538325,-0.04347826086956508,0.05062455290816059
2009-10-02,0.04581878670132511,0.08564211539232591,0.02998858789072867,0.0678693973109803,0.057345008411674,0.028831440947423514,0.1882655718411601,0.1882655718411601,0.17204301075268824,0.1797752808988764,0.03599806450948706,-0.15582098086867358,-2.8420330194074808,0.33757691191152217,0.30023577352709085,0.07469304229195095,-0.041876046901172526,-0.038179148311306754,0.052472858866103866,0.016042780748662944,0.13359528487229855,0.02499999999999991,0.010886469673405896,0.02316602316602312,-0.06060606060606066,0.016602943487141752
2009-12-31,0.022623687715424223,0.004201751794265629,0.0017438486762924033,0.03084323152566637,0.0374332915065827,0.13894644004256373,-0.24028711048118323,-0.24028711048118323,-0.23853211009174324,-0.23809523809523814,-0.01551432182975987,1.9125494157698348,0.21554097410527628,-0.7732015245354931,0.05236974485876389,0.1183751190098381,-0.07342657342657344,-0.05954198473282446,0.0303724928366762,0.06315789473684208,0.1374927787406126,0.04878048780487809,0.0145299145299147,-0.028301886792452824,-0.032258064516129115,-0.025811437403400195
2010-04-02,0.014555748230964172,-0.1301665240273775,0.0078119389688502405,0.03507692976356047,0.019174430378353646,-0.012982254096215229,0.12474197838425094,0.12474197838425094,0.12048192771084354,0.11250000000000004,-0.20483423574015525,1.609009637573505,-0.8823309038893808,-11.684591954626615,-0.5317041442111132,0.06980703745743466,0.01132075471698113,0.024350649350649345,0.015572858731924377,0.03960396039603964,0.10665312341289979,0.04651162790697683,0.004549283909014212,0.011650485436893288,0.016666666666666607,-0.15965942143952616
2010-07-02,0.00997507827461952,0.11095473606811779,-0.0008123358448766105,0.046922359320401785,0.017280766390245672,0.07072620964873133,0.2406231160465373,0.24070305396142322,-0.3870967741935485,-0.3820224719101123,0.3657062194227161,-0.8548213574894299,10.790303907380608,-1.4659134598580965,0.5289991666335965,0.05941644562334214,0.03078358208955212,0.03961965134706813,0.012048192771084265,0.042857142857142705,0.010096374483708148,0.04444444444444429,0.007212344850721308,0.008637236084452882,0.016393442622950838,0.061170547514159734
2010-10-01,0.07066492547396752,0.08239795549235462,0.038019824841131644,0.02925431021948932,0.09238033473185037,-0.03646357010632384,0.7355077911060042,0.7353020134228188,0.736842105263158,0.7272727272727271,0.0768585838493614,-0.0624593088189368,-1.2381092658737465,-0.05734841807167912,0.32613614980826244,-0.0343014521782673,0.17828054298642537,0.19359756097560954,0.08982683982683981,-0.045662100456621,-0.0872330758746025,0.042553191489361764,0.020316402997502037,0.1855375832540438,0.016129032258064502,0.05165460799430677
2010-12-31,0.03345895063386606,0.04924163415053551,0.014228128075492563,0.07317172967568308,0.04092618752312216,0.13136352565503095,-0.26697038371994086,-0.26693069306930695,-0.2828282828282829,-0.27368421052631586,-0.010332023056725093,2.5089683440321133,-3.465178617454508,-1.0051255269146118,-0.0012605188493743924,0.12859735545760964,0.08448540706605212,0.09450830140485311,0.03277060575968216,0.03349282296650724,-0.07615729218516676,0.04081632653061229,0.007181328545780907,0.0898876404494382,0.0,-0.02233124682794796
2011-04-01,0.03680722937661174,0.07022918003676759,-0.01577051865599355,0.00577985532357328,0.06915384059963481,-0.07302477953978481,-0.0939061655861696,-0.0939061655861696,-0.08450704225352101,-0.08695652173913038,-0.23862427217320625,-0.09100928531549313,0.09702647317134372,18.127122755943716,-0.02414052835919611,0.1316333563059957,0.015580736543909346,0.03267211201866971,0.06153846153846132,0.0972222222222221,0.0070043103448276245,0.03921568627450989,0.03127532004537348,0.05154639175257736,-0.015873015873015928,0.06408259791198012
2011-07-01,0.36807201218013663,0.06896859892509521,0.7997246363698491,0.2880513740822028,0.12485808379855379,0.10938571337196201,0.5110094606365783,0.5110094606365783,0.4923076923076921,0.49206349206349187,0.5181553462563262,7.7040613854200775,60.31632419656132,25.43200324700033,-0.6538672242445996,0.08424685343077543,0.05648535564853563,0.011299435028248705,0.08922101449275366,0.021097046413502074,0.013376136971642527,0.037735849056603765,-0.1777184160905091,0.11064425770308106,-0.09677419354838701,-0.17009973980919346
2011-09-30,-0.02839911534708306,-0.036654360163544286,-0.06027494446564108,-0.03681151688647555,0.0004424028484557585,0.21726450113883922,-0.19319197736002613,-0.19319197736002613,-0.21649484536082475,-0.21276595744680848,0.056278663364767834,-0.9753146122048569,-1.2007705227934669,-0.9354927560711571,-0.12185836039181774,-0.10559820258378572,-0.10693069306930691,-0.13631284916201125,-0.00041580041580047133,-0.1776859504132231,-0.21436114044350585,0.05454545454545445,0.029619721001337584,-0.13808322824716268,0.01785714285714257,0.00019595035924235837
2011-12-31,-0.02184883846405683,-0.0066799819717610065,-0.0767339962734076,0.011720798943665844,0.0247315977998388,-0.0006670961993001656,0.09033907242256811,0.09033907242256811,0.09210526315789469,0.08108108108108114,0.18180220646853607,1.0060302501070946,-0.17196833861332783,-1.7830543777430634,0.10866324777854852,-0.04458865396692491,-0.005173688100517437,-0.023285899094437235,0.019966722129783676,-0.045226130653266416,0.022177419354838745,0.034482758620689724,0.04751299183370472,-0.012435991221653064,-0.01754385964912264,-0.01821981323058841
2012-03-30,0.015743596200624266,0.04318408534463192,-0.0345148003737803,-0.06219085777947797,0.05433503642134885,-0.0440424577664823,0.07393896067031824,0.07393896067031824,0.07228915662650603,0.07499999999999996,-0.21999823499473525,-1.6846838707557863,-0.41928227222493364,8.619098284346324,0.9427952648132871,0.14110429447852746,0.03417533432392261,0.018543046357615944,0.04934747145187601,0.11578947368421066,0.1012491781722551,0.03333333333333344,0.03809355067328135,0.022962962962962852,0.0,0.11241186643607826
2012-06-29,0.02464169522071935,0.01028117183229127,0.021796272665144167,0.029938153119972943,0.026853100477156167,0.054964529148189945,-0.02082354399979114,-0.02082354399979114,-0.03370786516853941,-0.023255813953488413,0.5637821367240534,-6.930490745294675,-1.2187370190403508,-0.8519461485891262,0.0718472360807183,0.015168970814132043,-0.046695402298850386,-0.01820546163849157,0.022930431403031415,-0.03301886792452846,-0.054925373134328326,0.048387096774193505,0.00221880867042179,-0.0666183924692253,0.05357142857142838,-0.019134178426213788
2012-09-28,0.013308605745359303,0.04500495046134967,-0.013294296219305446,-0.023577927990190872,0.031918516072306335,-0.030288183115297573,-0.08566872559980943,-0.08566872559980943,-0.08139534883720922,-0.08333333333333326,-0.04740175882161135,-0.8751050550837558,-7.228738830249231,4.644502848299692,0.37835795535842043,-0.006052581804425916,-0.022607385079125852,0.003973509933774988,0.03571428571428581,-0.024390243902438935,0.024636765634870494,0.030769230769230882,0.018222070844686522,0.01629169899146632,-0.016949152542372947,0.07028773469885397
2012-12-31,0.042917903260428325,0.09840764331210194,0.09692705903288412,0.06897902223021957,0.006905295252812138,0.12674205641299374,0.1488314031363045,0.1488314031363045,0.1518987341772151,0.1558441558441559,-0.16799875981122492,6.628567032682279,-1.6554623834823876,-0.6753305995107481,0.08912079463581901,0.02930542340627995,-0.0030840400925212785,0.0013192612137202797,0.010638297872340496,-0.010000000000000009,0.019728729963008673,0.02985074626865658,-0.034453922060545206,0.0,0.0,0.0275103947143589
2013-03-29,-0.01431954099754107,0.04246290097261385,-0.08205180016020663,-0.06647488171940752,0.03494859727079125,-0.10662492879651742,0.09755014244833471,0.09755014244833471,0.09890109890109877,0.101123595505618,-0.20404965529660246,-1.5888116238017043,-3.561892880065192,2.4360758848623387,0.28116995293977487,0.10057311887594755,0.007733952049497228,0.015810276679842028,0.03121597096188755,0.09090909090909105,0.07134220072551378,0.04347826086956519,0.04988740689416238,0.025954198473282286,-0.017241379310344862,0.11668514412416853
2013-06-28,0.019701687440135673,0.04058154235145395,0.001910362339918814,0.052464026486692905,0.03124825340047055,0.06587621211780315,-0.10854169677699088,-0.10854169677699088,-0.10999999999999999,-0.11224489795918369,0.4127258444619011,-1.7998918334234721,-0.6126671358198452,-0.6309322033898306,0.0809968847352025,0.028053082479422065,-0.019186492709132752,-0.0077821011673152585,0.027103132699753507,-0.004629629629629761,-0.0073363431151241,0.0277777777777779,0.011384260023098447,-0.0037202380952381375,0.0,-0.011268304790270522
2013-09-27,0.018490440665680064,-0.02518527517920055,-0.030915539374156475,0.035547489413188194,0.04968934918531143,-0.01443799472295515,-0.032101167315175094,-0.032101167315175094,-0.03370786516853941,-0.034482758620689724,0.08029359430604988,0.5393283750281721,1.308139534883721,-2.8903559127439724,-0.1416405006666953,0.09558823529411753,-0.011737089201877993,0.002614379084967311,0.0472926662097326,0.06976744186046502,0.08584422967595229,0.04054054054054057,0.030668841761827048,0.005974607916355401,0.0,-0.058640425745556835
2013-12-31,0.028201843350770472,0.1358475516283011,-0.010493587252234704,0.05795204935271303,0.050726134262084166,0.12799040500310555,0.32211055276381906,0.32211055276381906,0.30232558139534893,0.3214285714285716,0.10994441012970979,-1.028550512445095,-1.023772040302267,-4.399939265107804,0.561034275405893,0.07546607009694273,0.019794140934283444,0.049543676662320735,0.04875654450261768,0.026086956521739202,0.05445026178010459,0.025974025974025983,0.021842355175688333,0.04677060133630295,0.0,0.07359999999999989
2014-03-28,0.010682910227790554,0.03188606164345975,-0.016938334642576547,-0.04925564341564692,0.025749040665079326,-0.1146828184631743,-0.26555175471937165,-0.26555175471937165,-0.2589285714285715,-0.2702702702702703,-0.5258764607679466,-15.6,-0.026490066225165587,-0.7934083601286174,0.07424884437596302,0.04479267785327967,-0.07763975155279501,-0.05962732919254654,0.02402496099843998,-0.004237288135593098,-0.015392254220456869,0.12658227848101267,0.015024783147459697,-0.052482269503546064,0.0,0.0853452558370591
2014-06-27,0.017393115807617043,0.010952436651319175,-0.012535584078309903,0.02376637858935049,0.03304633367738452,0.06453342483968516,0.16681041918233563,0.16681041918233563,0.15662650602409633,0.17283950617283939,0.9399452269170578,0.9824376536705304,-32.17006802721089,-1.109814094249892,-0.007590019423278083,0.014600477833820014,-0.015151515151515138,0.003963011889035695,0.03138330286410729,-0.008510638297872353,0.062027231467473465,0.1123595505617978,0.015260186174271384,0.011227544910179743,-0.01754385964912264,-0.01249542292200656
2014-09-26,-0.00325927504971657,0.05071892124998678,-0.01158203520129475,0.014614110331994556,0.0008515840728484658,-0.018796841002498232,0.006209343583678306,0.006209343583678306,0.01041666666666674,0.0,0.024604214984370376,-0.7358256555634302,-0.879746835443038,-28.724409448818896,0.21203818012104425,0.0009157509157509125,0.004273504273504258,0.018421052631578894,-0.0017725258493354046,-0.030042918454935785,-0.02089268755935414,0.101010101010101,0.004208627686757893,0.020725388601036343,0.0,0.03555040556199285
2014-12-31,0.04096702208189473,-0.05587867260623658,0.154880690443296,0.20695130952114682,-0.0152733491430328,0.11229287723548853,-0.02776961504554809,-0.02776961504554809,-0.030927835051546393,-0.03157894736842093,0.21976183446511177,15.40576794097921,-6.088929219600726,-2.4480261289406418,-0.2533227337092887,0.030061429878447177,-0.05702127659574463,-0.06201550387596899,-0.019828351583308756,0.030973451327433787,0.00048496605237624557,0.09174311926605494,-0.05403382727136663,-0.053662073966642465,0.0,-0.21775132038313483
2015-04-03,-0.024854224055666507,-0.06965105552786999,-0.06352875150458948,-0.08222148098732485,-0.002442456829254702,-0.10040242191538062,-0.1388846909475593,-0.1388846909475593,-0.13829787234042545,-0.14130434782608692,-0.5775375181539455,-0.7176321491353583,-1.9300998573466477,-0.514955379033049,-0.16455948895395267,0.07435604618703207,-0.0072202166064981865,-0.011019283746556363,-0.004830917874396046,0.09871244635193133,0.13087736306349962,0.10924369747899165,0.022943037974683556,-0.014559386973180155,0.0,0.013675115866567555
2015-07-03,0.025351862786681112,0.10030315463165573,0.010503406510219637,0.020776546126355377,0.033454826122379044,-0.965711119775101,0.22077922077922074,0.22077922077922074,0.20987654320987637,0.22784810126582267,1.089381207028266,-0.6425365571159694,-0.8519938650306749,-2.680145572179539,0.3309438470728794,0.014763198299279523,0.0027272727272726893,-0.002785515320334331,0.06978155339805814,0.01953125,0.02014573510501516,0.10606060606060597,0.00788863109048732,0.32270606531881807,-0.2500000000000001,0.07795213366448395
2015-10-02,0.34393621508213745,-0.07485628463410843,1.069802103817461,0.7061476382625207,-0.04101455529185272,29.062238180730102,1.0173950546290973,1.0173950546290973,1.0816326530612246,1.072164948453608,-0.12925045703839122,54.70271364925071,-294.50518134715026,-2.8152827918170877,-0.451376421304608,0.019669459962756042,0.28649138712601996,0.16480446927374315,-0.043391945547362476,-0.04980842911877392,0.013865546218487346,0.08904109589041109,-0.2863720073664824,0.26455026455026465,-0.0714285714285714,-0.4577682358485625
2015-12-31,-0.02988860925526926,-0.12260686535748677,-0.07788765688562482,-0.2846410684474123,0.02499058958927347,1.0900784329338693,-0.5092282477018457,-0.5092282477018457,-0.5098039215686274,-0.5074626865671641,0.2928826369934916,-0.981065949247437,-1.1747415992161916,-0.3087835598276434,-0.5686937551131716,0.050907430658600594,0.004228329809724984,-0.05875299760191843,0.022235398754817615,0.10080645161290325,-0.1864898466639039,0.08805031446540879,0.05655913978494631,-0.2408182240818224,0.23076923076923062,0.22646064703042001
2016-04-01,0.0033884808241846365,-0.011420623476718572,-0.026563688251792894,-0.13760858291196676,0.03437693908477302,-0.4868991266084406,0.10120516915928568,0.10120516915928568,0.10000000000000009,0.101010101010101,-0.3725235466060409,-1.031874039938556,-0.5501338586654544,-0.8786803490936991,-0.15996459281740005,-0.038014554143586454,0.04350877192982461,-0.014012738853503182,0.03190255220417648,-0.05860805860805862,-0.05196128374936315,0.08092485549132955,0.030734785263586195,0.030006123698713916,-0.04166666666666663,0.14637795275590548
2016-07-01,0.06444272676168117,0.44968504750103255,0.10815045046937022,0.508259259955274,0.02205291229845696,0.07384169884169878,-0.13409810126582278,-0.13409810126582278,-0.13636363636363646,-0.13761467889908263,0.6586438923395446,-21.987951807228917,-3.6551762856501235,-28.140711462450593,5.1682974559686885,0.10217906740431304,-0.020847343644922578,-0.08397932816537457,0.019392917369308815,0.0661478599221792,0.03653949489521757,0.06951871657753994,-0.03969194312796198,-0.21878715814506544,0.17391304347826098,-0.03887629644893187
2016-09-30,-0.19816440372245103,-0.4218502359540557,-0.31649825268919096,-0.406496467685867,-0.07400649228791256,-0.28572169403630077,-0.4036850921273032,-0.4036850921273032,-0.4,-0.4042553191489361,-0.3616788890622562,-0.11825487944890933,-2.597834820484628,-1.91055252963621,-0.7629344006247559,-0.18664208154066786,-0.28914835164835173,-0.2566995768688294,-0.07554452715743043,-0.2007299270072993,-0.1814411612234318,12.22,0.1548426896977173,-0.26407914764079143,0.0,-0.02587007789609086
2016-12-31,0.09680489133724812,0.026473849565699537,0.2320954245249014,0.443086870722593,-0.008140878593973722,-0.618087655187435,0.9075587334014301,0.9075587334014301,0.8771929824561406,0.8928571428571428,-0.20679540454656564,31.054036458333336,-2.150486978615287,-0.9975369458128078,-0.00792670372658022,-0.01133501259445846,0.03091787439613536,0.039848197343453684,-0.01043841336116913,0.06849315068493156,0.38885370487650417,0.0034039334341906535,-0.09579772079772075,0.564632885211996,-0.33333333333333337,-0.28868021421759227
2017-03-31,-0.0011082827578137167,-0.05194220641850833,-0.034408263384116844,-0.1266947919697411,0.03403933434190631,1.6650402382612,-0.32248995983935747,-0.32248995983935747,-0.31775700934579443,-0.3207547169811321,-0.13682588597842837,-0.9667512948106022,-1.1358868184955142,19.753246753246753,-0.16581923835218426,0.058853503184713496,-0.09184629803186506,-0.08394160583941601,0.032851115129596264,0.07264957264957261,0.03830369357045149,0.005277044854881341,0.0352500984639621,-0.03106411103767337,-0.05555555555555547,0.08560231023102305
2017-06-30,0.008878309474396051,-0.009859310956020773,-0.018756409061247314,-0.29992837034198994,0.033810088372054015,0.07237796324036427,0.10116577751432532,0.10116577751432532,0.09589041095890427,0.09722222222222232,0.8038200642627633,0.27794746487477084,0.5659387167767056,-0.5150187734668336,-0.0964050255006842,0.012752646775745946,-0.039215686274509776,-0.011952191235059861,0.03297344616282438,-0.019920318725099584,0.12692138779095297,0.005249343832020914,0.02472893285143618,0.04092769440654842,-0.02941176470588236,0.41430742922287656
2017-09-29,0.004480051175547839,0.0005753923856408605,-0.027594102111003438,0.04399657354970743,0.03193981293208625,0.004013214784594599,0.026556612237573995,0.026556612237573995,0.02499999999999991,0.025316455696202445,0.061256803562592665,-0.2590822179732314,0.11232432432432438,0.003870967741935516,-0.10710352422907488,-0.004514136374435873,0.058002148227712214,0.05645161290322598,0.03050847457627115,-0.03658536585365846,0.04325798908807488,0.005221932114882533,0.027287915351772885,0.0530799475753605,0.0,-0.04157990192785643
2017-12-31,0.01738881994621755,0.09421424235647424,-0.009276673489426401,0.09226210826210823,0.03873042395390813,0.12311735347378638,0.49729068344694993,0.49729068344694993,0.5,0.4938271604938269,-0.22165236851920922,1.035483870967742,-0.4616580814462047,-0.7647814910025708,-0.028214616096207235,0.0677804295942721,0.011167512690355208,0.03816793893129766,0.03591008771929838,0.03375527426160341,-0.011206574523720647,0.0051948051948051965,0.020961329960245578,-0.15370255133789668,0.21212121212121215,0.0018222596019064063
2018-03-30,0.010645549920040409,0.03286131386861313,-0.016636424598635124,-0.07290862425140332,0.03155374797975585,-0.07674459759718422,-0.338547746906374,-0.338547746906374,-0.3414634146341463,-0.33884297520661155,-0.006948604288966043,-0.6110935023771791,-0.4192092435457664,-23.69945355191257,0.6590512454386801,0.09890478319177465,-0.010040160642570295,0.012867647058823595,0.029902090500132372,0.061224489795918435,0.05251227805062331,0.005906238464377989,0.020707964601770046,-0.002941176470588336,0.02499999999999991,0.114103819784525
2018-06-29,0.019314797688842145,-0.02289720286639063,0.04452600860435041,0.03657520988543528,0.0008238353212037808,0.06082548877624916,0.1891987292622661,0.1891987292622661,0.18518518518518512,0.18749999999999978,0.24984919773193393,17.277098614506926,-4.643456636617968,-1.3411169956668272,-0.13550731567371144,0.012610596969388821,0.020283975659229236,0.03266787658802173,-0.0007708119218911014,-0.015384615384615441,-0.01005025125628145,0.0058715596330274344,-0.018033639674007174,0.020648967551622377,0.0,-0.057394034536891625
2018-09-28,-0.006998114691670887,-0.01194832998220774,-0.0382643509317665,-0.030420810353063765,0.016944543460126527,-0.02567757478417987,-0.014989611160581728,-0.014989611160581728,-0.01041666666666663,-0.021052631578947323,-0.11245173745173742,-0.872157317399447,-1.625117310809658,-0.09809456598447419,-0.14137168141592915,0.03806367379732856,0.011928429423459397,0.024604569420035194,0.015170995114425212,0.0390625,-0.005801305293690939,0.005837285662167124,0.024015539466713642,0.016618497109826658,0.0,0.019052694690560257
2018-12-31,0.002368004694097703,0.03854769050581952,-0.02138831903285865,0.0842496584775938,0.019549459047316198,0.10516989140961441,0.12520717191502184,0.12520717191502184,0.11578947368421066,0.13978494623655924,0.34594888526373024,0.037321241716079534,0.24894226832264232,-1.0907668231611893,0.014944601906724975,-0.006191950464396245,-0.055992141453831024,-0.046312178387650116,0.01823708206686936,-0.022556390977443663,-0.036834427425237126,0.005803409503083001,0.017244352474564684,-0.05259417199715699,0.024390243902439046,-0.04216513041772896
2019-03-29,0.08241049495635822,0.4210155346922664,0.03059808832080302,-0.04310647526593003,0.11845724169218563,-0.09016500419502194,-0.5530262453133369,-0.5617300482056775,-0.5660377358490566,-0.5660377358490566,-0.4317226890756303,0.676193678547411,-4.144792918806688,268.1551724137931,3.963188626554963,0.1148753894080996,-0.11238293444328828,-0.10971223021582721,0.04079601990049753,0.09615384615384626,0.15940931465354025,0.005769924269743987,-0.019155789116799382,-0.09902475618904727,-0.023809523809523836,0.48505323505323505
2019-06-28,0.02989122037145764,0.151115035117654,0.04469530874951122,0.08098773959592465,0.02042678869079695,0.056701981597983675,1.1228280407429598,1.1649862511457378,1.152173913043478,1.108695652173913,0.6657187544433385,-0.5408224674022066,-0.7897699631663075,-0.5120107616424316,0.3896675191815857,0.17263360111770876,-0.015240328253223856,-0.0121212121212122,0.019598470363288545,0.12631578947368416,0.2900065316786413,0.0057368232341341585,-0.008123055651572786,0.00582847626977534,-0.024390243902438935,0.06484673008869879
