Quarter end,Assets,Current Assets,Liabilities,Current Liabilities,Shareholders equity,Revenue,Earnings,Earnings available for common stockholders,EPS basic,EPS diluted,Cash from operating activities,Cash from investing activities,Cash from financing activities,Cash change during period,Cash at end of period,Price,ROE,ROA,Book value of equity per share,P/B ratio,P/E ratio,Cumulative dividends per share,Equity to assets ratio,Net margin,Asset turnover,Current ratio
1995-12-31,1.4068473422361873,0.15135999999999994,1.563542688910697,-0.03933554817275753,1.227540707467715,0.18988999476165525,-1.0504032258064515,-1.0504032258064515,-1.043010752688172,-0.5,0.02579979360165119,11.835427135678392,-34.62450592885376,7.949999999999999,-0.7181544633901705,0.09284627092846254,0.30959752321981426,0.036511156186612714,0.7190265486725664,-0.4423480083857442,-0.028587602604019158,1.3333333333333335,-0.07461406518010294,0.19075144508670516,0.01754385964912286,0.1985872531706534
1996-03-31,1.4068473422361873,0.15135999999999994,1.563542688910697,-0.03933554817275753,1.227540707467715,0.18988999476165525,-1.0504032258064515,-1.0504032258064515,-1.043010752688172,-0.5,0.02579979360165119,11.835427135678392,-34.62450592885376,7.949999999999999,-0.7181544633901705,0.09284627092846254,0.30959752321981426,0.036511156186612714,0.7190265486725664,-0.4423480083857442,-0.028587602604019158,1.3333333333333335,-0.07461406518010294,0.19075144508670516,0.01754385964912286,0.1985872531706534
1996-06-30,-0.005140479234095774,0.15135999999999994,-0.0265097138482151,-0.03933554817275753,0.023000819207259493,0.11974466211754353,-17.24,-17.24,-15.749999999999998,-0.5,0.8460764587525151,-0.861798962513458,-1.040789937698366,-1.106145251396648,0.2704626334519573,-0.04131847725162496,0.30959752321981426,0.036511156186612714,0.023166023166023342,-0.4423480083857442,-0.028587602604019158,0.4285714285714286,0.028266913809082528,0.19075144508670516,0.01754385964912286,0.1985872531706534
1996-09-30,0.01990267373831256,0.15135999999999994,0.04305937868659071,-0.03933554817275753,-0.009116668719970411,0.04010222134853558,-0.16995073891625612,-0.16995073891625612,-0.18644067796610164,-0.5,-0.5493188010899183,-0.2641643059490085,-1.38328530259366,-2.0394736842105265,-0.22128851540616246,-0.0556900726392251,0.30959752321981426,0.036511156186612714,-0.0012578616352201255,-0.07894736842105265,-0.028587602604019158,0.40000000000000013,-0.028391167192428846,0.19075144508670516,0.01754385964912286,0.1985872531706534
1996-12-31,0.03675012062402838,0.15135999999999994,0.24000942507068812,-0.03933554817275753,-0.23138132537610345,0.18654318654318658,1.2225519287833828,1.2225519287833828,1.2708333333333335,-0.5,1.400241837968561,0.45332050048123196,-1.3458646616541352,-6.430379746835443,1.5431654676258995,0.18358974358974356,0.30959752321981426,0.036511156186612714,-0.23173803526448367,0.18775510204081636,-0.028587602604019158,0.2857142857142856,-0.25858070500927655,0.19075144508670516,0.01754385964912286,0.1985872531706534
1997-03-31,0.011893373322646505,0.15135999999999994,-0.0009120966822483423,-0.03933554817275753,0.039145907473309594,-0.12695125836253585,-0.5554072096128171,-0.5554072096128171,-0.5504587155963303,-0.5,-0.1576826196473552,-0.026490066225165587,-6.021739130434782,0.00932400932400923,0.6124469589816124,0.0506932409012133,0.30959752321981426,0.036511156186612714,0.03934426229508192,0.36769759450171824,-0.028587602604019158,0.2777777777777779,0.026900218955270505,0.19075144508670516,0.01754385964912286,0.1985872531706534
1997-06-30,-0.02138641183534762,0.15135999999999994,-0.19993153029784316,-0.03933554817275753,0.34394458281444584,-0.05236270753512129,0.4204204204204205,0.4204204204204205,0.40816326530612246,-0.5,0.15430622009569372,0.48299319727891166,-2.567099567099567,-2.4133949191685913,-0.5368421052631579,0.06969072164948464,0.01812450748620953,0.036511156186612714,0.3454258675078863,0.027638190954773822,-0.14423076923076916,0.17391304347826098,0.3731343283582089,0.032766990291261955,0.0,0.1985872531706534
1997-09-30,-0.013681462140992195,0.15135999999999994,-0.0635192316835449,-0.03933554817275753,0.04702611918688837,0.0627647285329227,-0.13107822410147996,-0.13107822410147996,-0.14492753623188404,-0.5,-0.23471502590673576,-0.6600917431192661,1.6160220994475138,-0.6552287581699346,-0.39962121212121215,0.0030840400925211675,0.00541795665634659,0.036511156186612714,0.04220398593200492,-0.25427872860635703,-0.033367381681988384,0.14814814814814814,0.06166814551907729,0.02820211515863691,0.0,0.1985872531706534
1997-12-31,0.05739093604404921,0.15135999999999994,0.1008783063410672,-0.03933554817275753,0.010011615686708275,0.1483695652173913,0.8369829683698298,0.8369829683698298,0.898305084745763,-0.5,0.26607989167230883,1.9730094466936574,-1.9535374868004225,-3.7014218009478674,1.7981072555205047,0.1322059953881629,-0.08622016936104693,-0.005870841487279899,0.007874015748031482,0.08524590163934431,0.08841141246917927,0.12903225806451601,-0.04492269118261605,0.0,0.0,0.1985872531706534
1998-03-31,-0.01569697576607254,0.15135999999999994,-0.0457941339236303,-0.03933554817275753,0.020043811610076734,-0.17305568701687968,-0.4913907284768212,-0.4913907284768212,-0.4910714285714287,-0.5,-0.0016042780748662944,-0.29550612800726284,-1.6699889258028793,-1.5087719298245614,-0.32694475760992103,0.18431771894093685,-0.05644481887110364,0.025590551181102317,0.016741071428571175,0.17522658610271913,0.18025889967637543,0.17142857142857149,0.036315904616057715,0.0365714285714287,-0.017241379310344862,0.1985872531706534
1998-06-30,0.018287254877025205,0.15135999999999994,0.006331255135082925,-0.03933554817275753,0.031568774830881496,0.0011446012972147201,0.08072916666666674,0.08072916666666674,-0.6491228070175439,-0.6363636363636364,-0.059453668987680786,0.2603092783505154,-1.7537190082644627,-1.8827586206896552,0.4288107202680067,0.1092003439380913,-0.0535714285714286,-0.040307101727447225,0.029637760702524885,0.09254498714652959,0.0863723608445297,0.12195121951219523,0.013088452607135315,-0.030871003307607503,0.0,0.1985872531706534
1998-09-30,0.03351983215106413,0.15135999999999994,0.02723081356257806,-0.03933554817275753,0.040335172270219655,0.17130335365853666,-0.2867469879518072,-0.2867469879518072,-0.2500000000000001,-0.29999999999999993,-1.215261958997722,-1.0235173824130879,-1.8640350877192984,-3.8359375,-0.8511137162954279,-0.16899224806201563,-0.08207547169811324,-0.07799999999999996,0.03944562899786774,-0.19294117647058817,-0.14260474507824328,3.1739130434782608,0.0066680558449676575,-0.08418657565415244,0.0,0.1985872531706534
1998-12-31,0.05217748562037805,0.15135999999999994,0.07218663799149105,-0.03933554817275753,0.03076692180699392,0.07190499430616559,1.1013513513513513,1.1013513513513513,1.0,1.1428571428571428,-3.9735449735449735,-32.84782608695652,-4.573604060913706,-2.4696969696969697,8.401574803149606,-0.1128731343283581,-0.09969167523124356,-0.09327548806941444,0.027692307692307683,-0.14577259475218662,-0.0562260818369148,0.0,-0.02028565514386249,-0.08198757763975162,0.0,0.1985872531706534
1999-03-31,-0.0014470450421480985,-0.04335742078932736,0.008110583002659988,-0.015078157421496763,-0.012085032032615017,-0.16375777811504022,-0.6366559485530547,-0.6366559485530547,-0.6333333333333333,-0.6333333333333333,0.20551601423487553,-0.23208191126279865,-1.4502840909090908,-1.3786316776007497,-0.338358458961474,0.18401682439537326,-0.11187214611872154,-0.1148325358851674,-0.013972055888223478,0.15017064846416384,0.27978789769182777,0.0,-0.010775406718782965,-0.10148849797022996,-0.01754385964912264,-0.028730243771765474
1999-06-30,-0.0052905184708101904,-0.05268254890567503,-0.02967256369220117,-0.06418539325842698,0.02240235814296243,0.0021778584392013745,0.6238938053097345,0.6238938053097345,0.6363636363636362,0.6363636363636362,0.4125461254612546,0.29866666666666664,-0.3817034700315457,-1.150990099009901,0.07721518987341769,-0.048845470692717496,-0.050128534704370176,-0.048648648648648596,0.021255060728744946,-0.035608308605341255,0.04411406288081898,0.0,0.02776591200341727,-0.04216867469879515,-0.017857142857142905,0.012273322760808059
1999-09-30,0.01005919896401819,0.04273154774074839,0.012080417242455344,0.15668617739756874,0.007880447840084681,0.04690329590727993,-0.7683923705722071,-0.7683923705722071,-0.7777777777777778,-0.8333333333333334,-0.37565308254963425,-0.1382614647501711,-0.04846938775510201,-8.163934426229508,-0.5135135135135135,-0.13632119514472463,-0.15020297699594043,-0.15056818181818188,0.005946481665014991,-0.15384615384615385,-0.11274509803921584,0.109375,-0.0020781379883624274,-0.12578616352201266,-0.018181818181818188,-0.09849465295279614
1999-12-31,0.061677236200462504,0.152156862745098,0.013345665961945086,0.09562735175814185,0.09630512514898681,0.19910050164331428,3.1882352941176473,3.1882352941176473,3.25,4.666666666666667,0.3255230125523012,-0.5893566322478156,0.3109919571045576,-2.322654462242563,1.396135265700483,-0.04828828828828824,-0.2261146496815286,-0.21739130434782605,0.09458128078817718,-0.054545454545454564,0.1207576953433307,0.0,0.03269471053727613,-0.21762589928057552,0.0,0.05160559123536079
2000-03-31,-0.017035775127768327,-0.06875425459496254,-0.05102794801582122,0.047607768829938335,0.01569906501413354,-0.0907386035776111,-0.547752808988764,-0.547752808988764,-0.5294117647058824,-0.5294117647058824,0.10290404040404044,1.0464216634429402,0.6789366053169734,-1.2283737024221453,-0.13306451612903225,0.35592578568723976,-0.09465020576131689,-0.07264957264957261,0.011701170117011772,0.2384615384615385,0.7154929577464788,0.0,0.033272837265577726,-0.09195402298850563,0.0185185185185186,-0.11107917804282219
2000-06-30,-0.01768203058157647,-0.064875730994152,-0.0556955068016306,-0.10863667194212068,0.02012330878575108,-0.039980961446930086,1.732919254658385,1.732919254658385,1.625,1.625,-0.11734401831711505,-0.08412098298676751,-0.09500609013398298,0.28787878787878785,-0.19767441860465118,0.150237363864842,0.03863636363636358,0.06451612903225801,0.01690391459074725,0.1366459627329193,0.2252326217843461,0.0,0.03844652615144439,0.053164556962025156,0.0181818181818183,0.04906239896540576
2000-09-30,0.005583223529937342,-0.022180965409419606,-0.0022311684532182463,0.06556753329105902,0.01150004197095611,0.010742026111386638,-0.4568181818181818,-0.4568181818181818,-0.4285714285714286,-0.47619047619047616,0.012321660181582317,0.26522187822497423,-0.7537012113055181,-1.8941176470588235,0.22028985507246368,-0.050012138868657297,0.10940919037199137,0.1385281385281385,0.013998250218722585,-0.06557377049180335,-0.10810810810810823,0.09859154929577474,0.005825972561548598,0.13221153846153855,0.0,-0.08236381847599972
2000-12-31,0.01721189508517118,-0.10952333366643352,0.06693889456030333,-0.027969531064032327,-0.02622406639004149,0.21533682145192934,-1.1506276150627615,-0.7364016736401673,-0.75,-0.7272727272727273,-0.700832799487508,-0.7365415986949428,-2.169398907103825,1.3552631578947367,0.42517814726840863,-0.13340148223869164,-0.24852071005917153,-0.3269961977186312,-0.026747195858498718,-0.14327485380116955,-0.25507137490608567,0.0,-0.04260089686098667,-0.2590233545647559,0.01785714285714257,-0.08387909319899256
2001-03-31,-0.029365529889524455,-0.0897766805072382,-0.04105157645343538,-0.2770907309905718,-0.020325549684677036,-0.18619669043454867,14.222222222222221,-9.698412698412698,-9.666666666666668,-9.666666666666668,0.7516059957173447,1.7306501547987616,-3.210280373831776,-2.5,-0.4475,-0.11088174579769972,-0.7847769028871391,-0.8813559322033898,-0.024822695035460973,-0.08873720136518781,0.17868549336022865,0.0,0.00936768149882905,-0.7822349570200573,0.0,0.2590963248098248
2001-06-30,0.03182850844636387,0.16681050425348287,0.04699006984368315,0.012025745257452591,0.021008220608063954,-0.012233427012729337,-1.7153284671532847,-1.7153284671532847,-1.7307692307692308,-1.7307692307692308,0.059902200488997526,-0.6984126984126984,-3.503171247357294,-4.324022346368715,2.6923076923076925,0.021558872305140975,-0.24390243902439035,-0.5238095238095237,0.01909090909090927,0.04868913857677892,3.880490587564176,0.0,-0.010634184068058716,-0.25,-0.01754385964912264,0.15293346920949213
2001-09-30,-0.04737094523892571,-0.25729078613694,-0.06312397894354693,0.040836820083681946,-0.0341654596574934,-0.027280334728033484,-0.6147959183673469,-0.6147959183673469,-0.8947368421052632,-0.8947368421052632,0.03344867358708181,1.045112781954887,-2.8429054054054053,-2.0252100840336134,-0.7475490196078431,-0.2577922077922078,-0.596774193548387,-1.9,-0.008028545941124121,-0.27142857142857135,-0.045730816433873,0.08974358974358965,0.013875317568887935,-0.5964912280701755,0.0,-0.286444851316371
2001-12-31,0.15476326689397935,0.3181106843078674,0.3194478081860015,0.10242804309374498,0.0038373323923781566,0.21266345492085348,1.9006622516556293,1.9006622516556293,9.5,9.5,-1.6462053571428572,3.6691176470588234,-2.5334555453712193,-1.1240437158469945,0.3673139158576051,-0.115485564304462,6.5200000000000005,-11.444444444444445,0.0026978417266187993,-0.10784313725490191,0.0,0.08235294117647052,-0.13068619892058597,6.565217391304348,-0.0357142857142857,0.1957175721111306
2002-03-31,0.0003567040545360278,0.029681597409606075,-0.010315712187958903,-0.036318553092182015,0.011775561316402339,-0.16231555051078317,-0.408675799086758,-0.408675799086758,-0.38095238095238093,-0.38095238095238093,-3.174438687392055,-0.9248031496062992,-1.0131500298864315,3.5110132158590313,1.211834319526627,0.11325420375865503,1.872340425531915,1.7659574468085104,0.011659192825111964,0.10989010989010994,-0.5691888415959825,0.0,0.011529933481152943,1.8793103448275863,-0.03703703703703709,0.068447535888708
2002-06-30,-0.00509112519809829,-0.06792452830188678,-0.017285507622686325,-0.02103829271984259,0.012246493247057844,-0.018462059620596216,0.4054054054054055,0.4054054054054055,0.3846153846153846,0.3846153846153846,-0.31294678316123903,-0.6125654450261779,9.545454545454545,-0.6806640625,0.174959871589085,-0.024877832074633566,-0.022222222222222254,-0.04230769230769227,0.012411347517730542,-0.034653465346534684,-0.7163266756699126,0.0,0.017316966242876042,-0.013972055888223589,-0.03846153846153855,-0.04785649975760087
2002-09-30,-0.003544192899667453,-0.11729644624381463,-0.012342883025704854,0.20887445887445888,0.005834656141404659,0.13580672993960308,-0.5192307692307692,-0.5192307692307692,-0.5,-0.5555555555555556,-0.1433526011560694,4.013513513513513,1.8599137931034484,-3.926605504587156,-0.43579234972677594,-0.23553530751708418,0.011363636363636465,-0.012048192771084265,0.005253940455341555,-0.24615384615384617,-0.22149837133550476,0.0,0.00948071536306827,-0.012145748987854144,0.0,-0.269857433808554
2002-12-31,0.01660505545009494,0.1127532169703147,0.036918138041733606,0.06548151937587932,-0.006824482832160417,0.13430568216347605,0.46285714285714286,0.46285714285714286,0.44444444444444464,0.625,-1.5587044534412957,-0.49595687331536387,-1.5591559909570458,-1.1473354231974922,0.11380145278450371,0.01728247914183556,-0.151685393258427,-0.15040650406504075,-0.006968641114982632,0.013605442176870763,-0.08432571612487938,0.07608695652173925,-0.02305229455709723,-0.16188524590163944,0.020000000000000018,0.04443116158597338
2003-03-31,-0.0023586759965406046,-0.007900160293107361,-0.013895031696889326,-0.0512543512183411,0.009662873094266722,-0.15188856147870344,-0.10546875,-0.10546875,-0.15384615384615385,-0.15384615384615385,-4.243961352657005,0.5133689839572193,-1.9272237196765498,1.6382978723404253,0.26956521739130435,-0.016403046280023537,-0.03311258278145701,-0.028708133971291905,0.009649122807017463,-0.01342281879194629,0.13497363796133577,0.0,0.012016604762945082,-0.044009779951100114,0.019607843137254832,0.04568866844715758
2003-06-30,-0.01477657813854516,-0.08043854587420662,-0.039955148570360643,-0.04946862348178138,0.01794980859208839,-0.02479469361970943,0.7467248908296944,0.7467248908296944,0.8181818181818183,0.7272727272727273,-0.5189873417721519,-0.1590106007067138,0.1482558139534884,-2.0268817204301075,-0.21803652968036524,0.1453245979749851,0.02739726027397249,0.034482758620689724,0.017376194613379692,0.1360544217687074,0.19108082997832154,0.0,0.033246977547495726,0.020460358056265893,0.019230769230769162,-0.03256407917540827
2003-09-30,-0.00035995680518341455,0.04342369477911645,0.003231332243245344,0.153866631172634,-0.005891693130536502,0.14785425101214567,-0.04500000000000004,-0.04500000000000004,-0.10000000000000009,0.0,1.0526315789473686,0.3697478991596639,-0.0037974683544304,-1.5575916230366493,0.15547445255474446,0.12324492979719204,0.19111111111111123,0.1952380952380952,-0.006831767719897575,0.10179640718562877,0.10114404576183045,0.0,-0.0056414542415379465,0.17293233082706783,0.018867924528301883,-0.09579483311333215
2003-12-31,0.030647355365287732,0.21193168150108255,0.04940044239202135,0.10220325297035404,0.010213946450338351,0.20612302483069977,0.8010471204188481,0.8010471204188481,0.8888888888888891,0.736842105263158,-1.0015082956259427,-0.5,-1.0559085133418042,-1.568075117370892,-0.0764371446620341,0.021296296296296147,0.330223880597015,0.33864541832669315,0.009458297506448776,0.032608695652173836,-0.1598583234946872,0.0,-0.01975204874973724,0.2905982905982907,0.03703703703703698,0.09958289885297189
2004-03-31,0.06940993788819871,0.0666931321953157,0.09470453368833676,0.3371009942438514,0.03020720645751851,-0.15908293367645343,-0.21947674418604646,-0.21947674418604646,-0.23529411764705888,-0.21212121212121215,-1254.0,0.6319018404907975,-19.818181818181817,-12.669421487603305,1.153214774281806,0.16319129646418862,0.16690042075736322,0.15773809523809512,0.028109028960817684,0.15263157894736845,-0.1205733558178752,0.07070707070707072,-0.03665594855305465,0.14569536423841045,0.0,-0.20218112849691794
2004-06-30,-0.009710323798460818,-0.05405656866393749,-0.04053643211836633,-0.048371947401377624,0.029523424878836746,0.039226596188621565,0.12476722532588447,0.12476722532588447,0.1153846153846152,0.1153846153846152,-0.6412609736632082,0.631578947368421,-0.2874396135265701,-1.088526912181303,-0.039707750952986065,-0.0639127045985971,0.08413461538461542,0.07712082262210807,0.028169014084507005,-0.091324200913242,-0.20869287312240326,0.0,0.039608366711170406,0.054913294797687806,0.01785714285714257,-0.0060620468322833965
2004-09-30,-0.012078224372720436,-0.07848922986131601,-0.04858641692778931,-0.09039315676920545,0.02314542387509322,0.009637264087806185,-0.14569536423841056,-0.14569536423841056,-0.13793103448275856,-0.1724137931034483,0.07563959955506117,0.4308755760368663,1.2491525423728813,6.848,-0.3245120740985775,-0.03455453788509566,0.03658536585365857,0.04057279236276856,0.028203062046736393,-0.06030150753768837,-0.12479806138933758,0.0,0.035744863013698724,0.045205479452054886,0.0,0.013154747668021827
2005-01-01,0.028700233757559923,0.10769559184544786,0.0437035118232616,0.0185369382403473,0.009777232468080266,0.14887975606522597,0.40116279069767447,0.40116279069767447,0.3999999999999999,0.45833333333333326,-0.8386763185108583,-0.6151368760064413,-1.1559909570459683,-1.126401630988787,0.06072477962781586,0.08969383354894345,-0.00855614973262031,-0.002293577981651418,0.00783699059561127,0.05882352941176472,0.04107060452238098,0.0,-0.018392229799545357,0.010484927916120546,-0.01754385964912264,0.08746458923512757
2005-04-02,-0.00724990531840064,-0.01888610522258627,-0.04258261239540495,-0.23686079545454541,0.02380771567436213,-0.09658435264251097,-0.03457814661134162,-0.03457814661134162,-0.02857142857142847,-0.05714285714285705,5.365384615384615,0.8828451882845187,-4.710144927536232,-2.814516129032258,-0.10387811634349031,0.1286110011871784,0.0453074433656957,0.06666666666666665,0.027216174183514852,0.12121212121212133,0.10904255319148937,0.07547169811320753,0.031157894736842273,0.045395590142671916,0.03571428571428559,0.28568327363508095
2005-07-02,-0.020982069867567676,-0.0661952465134551,-0.048809391549087144,-0.06514657980456029,0.003374995364017419,-0.01456124664708136,0.21919770773638958,0.21919770773638958,0.23529411764705865,0.2424242424242422,0.8147029204431018,-0.15555555555555556,0.73046875,-1.4133333333333333,0.04791344667697062,-0.0539971949509116,0.08152734778121773,0.10129310344827602,0.018925056775170424,-0.08108108108108114,-0.10871302957633888,0.0,0.024908125765618516,0.08933002481389574,0.0,-0.001097509497678395
2005-10-01,-0.013619832257106834,-0.06973075305006315,0.0005839984426707634,0.14086610253857645,-0.03119686552820289,0.0024627349319508163,-0.6933019976498238,-0.6933019976498238,-0.6666666666666666,-0.7073170731707317,-0.2685904550499445,0.6368421052631579,-0.24228743416102327,-4.344086021505376,-0.15290068829891834,-0.08450704225352113,-0.09255725190839692,-0.08806262230919759,0.012630014858840966,-0.0980392156862745,-0.16726457399103145,0.0,-0.017729083665338652,-0.09681093394077456,0.01724137931034475,-0.18458417849898578
2005-12-31,0.009575228563903915,0.1091011871113623,0.05167315175097276,0.11649214659685869,-0.03277375047691722,0.14481510214636661,1.8122605363984676,1.8122605363984676,1.714285714285714,2.0833333333333335,-0.5606980273141122,-0.8247588424437299,-0.628599801390268,-1.3086816720257235,0.05571677307022638,-0.006477732793522262,0.013669821240799074,0.012875536480686511,-0.034482758620689724,-0.021739130434782594,0.09208400646203563,0.0,-0.04197931454066117,-0.0012610340479191073,0.016949152542372836,-0.0066334991708125735
2006-04-01,-0.0008012372593959594,-0.014984709480122316,-0.019535296729317753,-0.07512700273544348,0.02362825924026657,-0.09340411113620961,-0.0013623978201634523,-0.0013623978201634523,0.0,0.0,1.766839378238342,1.5137614678899083,1.9839572192513368,1.2083333333333335,0.11654755360087954,0.07212713936430326,0.02385892116182564,0.019067796610169552,-0.10182370820668696,0.11111111111111116,0.05473372781065078,0.07894736842105265,0.024343776460626687,0.007575757575757347,0.0,0.0650041736227045
2006-07-01,0.10691108458899001,-0.05153678981682708,-0.03520754716981134,-0.012253089679940876,0.2537186897880539,0.0738756696150491,0.5347885402455661,0.5347885402455661,0.42105263157894735,0.43243243243243246,-0.08364544319600498,-3.697080291970803,1.0474910394265233,-1.3679245283018868,-0.03840472673559825,0.09806157354618028,0.050658561296859306,0.07900207900207912,0.31725888324873086,0.21999999999999997,0.06358111266947164,0.0,0.1326720396776193,0.07518796992481214,0.0,-0.039776623885568685
2006-09-30,0.010799063294977929,0.043316966721222094,0.049595181288379475,0.09186183295904171,-0.021946271592795275,0.019025522041763443,-0.3048888888888889,-0.3048888888888889,-0.3148148148148149,-0.3207547169811321,0.6410081743869209,-1.7889039242219216,-0.4013129102844639,-6.871794871794871,0.234511008704557,0.03149878850813437,0.1253616200578591,0.1464354527938343,-0.012202954399486154,-0.21721311475409832,-0.057582417582417555,0.0,-0.03229337712096336,0.14685314685314688,0.016666666666666607,-0.04448525660646874
2006-12-30,0.01658388612953776,0.16241372097887474,0.010881311719769027,0.03692458374143004,0.021621621621621623,0.10712659380692169,1.1751918158567776,1.1751918158567776,1.243243243243243,1.1944444444444446,-0.7858032378580324,-3.1200686106346485,0.26169590643274865,-0.9432314410480349,0.010783907092492662,0.08120805369127515,0.21165381319622956,0.24705882352941178,0.031859557867360166,0.09424083769633507,-0.07789179104477617,0.0,0.004901960784313708,0.25508130081300817,-0.016393442622950838,0.12108916177255735
2007-03-31,-0.0227567097863689,-0.14403958614484935,-0.014487411066465117,-0.02928119391706807,-0.02353266888150607,-0.1698714652956298,-0.4526748971193416,-0.4526748971193416,-0.4457831325301205,-0.44303797468354433,3.3488372093023253,-1.2313915857605178,0.28215527230590953,-10.807692307692308,-0.10463684858432498,0.05245189323401611,-0.0014144271570014633,0.020215633423180668,0.00945179584120992,0.02392344497607679,-0.16337885685381892,0.08401084010840121,-0.0007504690431519023,0.04372469635627518,-0.01666666666666672,-0.11820173349842855
2007-06-30,0.0010401811928528737,0.13706117300819853,0.006508565871175209,-0.07122701177386392,-0.005859559587940599,0.12040133779264206,0.26530612244897966,0.26530612244897966,0.28260869565217384,0.2954545454545454,-0.5124777183600713,0.916083916083916,-1.3325802078626299,-6.027450980392157,0.5875343721356554,0.02182247124741976,0.01912181303116145,0.009247027741083214,0.014981273408239737,0.009345794392523477,-0.012091898428053138,0.0,-0.006947052196770387,0.0,0.0,0.2242384964355153
2007-09-29,0.021133960145474084,0.04584951007579963,0.0732867548684406,0.19339968569931898,-0.02547770700636942,-0.04179104477611939,-0.25551782682512736,-0.25551782682512736,-0.38983050847457623,-0.05263157894736825,0.4323583180987203,0.8667883211678833,-1.4592391304347827,-0.8393135725429017,0.05946882217090077,-0.038672438672438525,0.02918693537178596,0.017015706806282838,-0.006150061500615145,-0.05092592592592604,-0.05630354957160344,0.0,-0.045755341274343,0.024049650892164598,0.0,-0.123698605964355
2007-12-29,0.03026523109243695,0.17270638147427975,0.07565789473684204,0.0870862961987533,-0.012128897993691656,0.20595361716857052,0.4253135689851768,0.4253135689851768,0.75,0.16666666666666652,-0.5775366943203574,-0.6832844574780059,0.7573964497041421,-2.2427184466019416,-0.0697547683923706,-0.003602521765235789,-0.08035111411208662,-0.10296010296010305,-0.0018564356435644136,0.0,-0.08041504539559019,0.08749999999999991,-0.04101446403804254,-0.11439393939393938,0.016949152542372836,0.07883608538058784
2008-03-29,-0.007662652137895853,-0.06572203798613208,-0.022790922259777857,-0.09101187111362352,0.01342988808426604,-0.16666666666666663,-0.09360000000000002,-0.09360000000000002,-0.07936507936507942,-0.07936507936507942,2.93202416918429,0.4907407407407407,1.8181818181818183,-2.7421875,0.1306385471587581,-0.10304308526664652,0.05580029368575645,0.0373027259684362,0.0018598884066955979,-0.09756097560975596,-0.03667136812411842,0.0,0.021280991735537214,0.029940119760478945,0.0,0.027811479234717718
2008-06-28,-0.01138206161403732,-0.09301387544369155,-0.0919063148532464,-0.1081201137171286,0.06466805248798235,0.06039035591274389,0.13327449249779355,0.13327449249779355,0.13793103448275867,0.13793103448275867,-0.6404149058778332,0.18840579710144922,-0.024492234169653515,-3.8497757847533634,-0.32927461139896375,0.0849848841115215,0.013908205841446364,0.015214384508990264,0.08106435643564347,0.08108108108108092,0.019033674963396807,0.0,0.07687639085575548,0.0182724252491695,0.0,0.016889131026968096
2008-09-27,0.014858237796758766,0.03762341012185355,0.045815649145717785,0.1545970714214564,-0.013911345678635723,0.022628843655261965,-0.4080996884735203,-0.4080996884735203,-0.28787878787878796,-0.3787878787878789,0.33012820512820507,0.36062717770034847,-0.968156766687079,-1.3241542092840284,0.15913480108149858,-0.018575851393188736,-0.03840877914952001,-0.0313351498637604,-0.0005724098454492621,-0.09499999999999997,-0.05531609195402298,0.0,-0.028367461957542695,-0.045676998368678556,0.016666666666666607,-0.1012590409858023
2008-12-27,0.03846584636062533,0.15480884621978408,0.07478321193201531,0.08739539297730992,0.010271323825139955,0.016304923239809366,0.11184210526315796,0.11184210526315796,-0.02127659574468077,0.09756097560975618,-0.7895582329317269,-0.2599231754161332,-22.346153846153847,0.9271844660194175,0.2645784738420527,-0.18675078864353312,-0.10699001426533516,-0.09985935302390991,0.0074455899198166975,-0.18232044198895025,-0.1399239543726235,0.08045977011494276,-0.02706883217324052,-0.07094017094017091,-0.032786885245901676,0.06199701937406865
2009-03-28,-0.028797707277237627,-0.1109709026128266,-0.07271025624475569,-0.1918438590923517,0.018894503138876084,-0.15751640795916244,-0.27455621301775146,-0.27455621301775146,-0.28260869565217395,-0.2666666666666666,5.8893129770992365,-0.17647058823529416,-2.581081081081081,-1.536523929471033,-0.11225296442687749,-0.2249806051202483,-0.14616613418530355,-0.1312500000000001,0.018760659465605567,-0.22972972972972983,-0.15915119363395236,0.0,0.04908585055643888,-0.11407543698252076,-0.016949152542372947,0.10000935541210598
2009-06-27,-0.007107500951897494,-0.03990982716874003,-0.0538405317927122,-0.1551148635381897,0.030776628997355227,0.06294052182515153,0.5562805872756933,0.5562805872756933,0.5454545454545454,0.5454545454545454,-0.30249307479224374,-0.16596638655462181,-0.37150997150997156,-0.4342723004694836,-0.07153457999406354,0.09659659659659647,-0.10477081384471476,-0.09892086330935246,0.029575892857142794,0.07017543859649122,0.24500525762355418,0.0,0.03807539306686847,-0.0778816199376946,-0.0344827586206895,0.13641775812212975
2009-10-03,0.008516553751757527,0.033915992695016994,0.01861252115059231,0.03811294445735536,-0.016386750641474213,0.1478594695207074,-0.06184486373165621,-0.06184486373165621,-0.05882352941176472,-0.07843137254901966,0.3804606830818109,0.6246851385390428,-0.27107887579329104,-2.199170124481328,0.09239130434782616,0.15791875855773618,0.03134796238244508,0.041916167664670656,-0.019512195121951237,0.13114754098360648,0.2601351351351351,0.0,-0.024635036496350238,0.03040540540540526,0.01785714285714257,-0.00404131118096096
2010-01-02,0.09818273999081062,0.08882159979813276,0.13231258125090273,0.3059100067159166,0.07250844844963544,-0.012972534711665151,-0.05698324022346368,-0.05698324022346368,-0.06249999999999989,-0.06382978723404253,-0.4735327963176065,2.937984496124031,-2.756218905472637,-1.7370242214532872,-0.0623353819139596,0.17776901852581783,-0.025329280648429653,-0.019157088122605415,0.03095632946379201,0.19565217391304346,0.13806970509383376,0.07446808510638281,-0.023386342376052305,-0.0043715846994535346,-0.01754385964912264,-0.16629095281033968
2010-04-03,-0.007992613324869446,-0.035380455774430275,-0.04991070289577748,-0.1384246164395303,0.03593145384190155,-0.11900605811684983,0.12914691943127954,0.12914691943127954,0.0888888888888888,0.09090909090909083,0.7202185792349727,-0.8275590551181102,-1.8958923512747874,-0.3943661971830986,-0.04026217228464424,0.07630522088353398,0.06964656964656979,0.080078125,0.026273458445040365,0.042424242424242475,0.08244994110718484,0.0,0.04425287356321839,0.08781558726673988,0.0,0.11960342496620102
2010-07-03,-0.006617219313554412,0.009129494674461336,-0.03648752979087644,-0.056008754476721045,0.012780149413020192,0.16573426573426575,0.3966421825813222,0.3966421825813222,0.40816326530612246,0.41666666666666674,0.19631512071156298,0.10730593607305927,0.20316205533596832,-0.03875968992248058,-0.04032520325203248,0.06809701492537323,0.07580174927113714,0.07956600361663657,0.03709508881922674,0.04069767441860472,-0.016322089227421177,0.0,0.019445973215923562,0.0625630676084763,0.01785714285714257,0.06907100305908886
2010-10-02,0.013190835224361264,-0.02983890167447023,0.04041248606465997,0.15923701127621448,-0.01159145393714267,-0.025994801039792015,-0.3726521412471826,-0.3726521412471826,-0.3623188405797101,-0.36764705882352944,0.17153478491768448,1.1855670103092781,-0.09658344283837061,0.846774193548387,-0.07760081328363266,-0.027947598253275086,-0.039747064137308,-0.0368509212730318,-0.002015113350126052,-0.06145251396648055,-0.10785398230088494,0.0,-0.024473636854417724,-0.01139601139601143,-0.0350877192982455,-0.16310240963855427
2011-01-01,0.025200127156604912,0.1447034764826176,0.04510447361371561,0.15881818181818175,0.0074095791465658145,0.0999794703346335,0.5592814371257484,0.5592814371257484,0.5681818181818181,0.5813953488372094,-0.49274705349048054,-0.1688679245283019,-1.072,-2.3842794759825328,0.1164584864070537,0.0643905360886492,0.10348071495766686,0.1095652173913042,0.004543160020191728,0.06547619047619047,0.08555486670799772,0.07920792079207928,-0.017339974174506723,0.08741594620557147,0.0181818181818183,-0.012236818427208807
2011-04-02,-0.005102184637068352,-0.05530941832213809,-0.02995738681874982,0.0043931905546403804,0.022567928671587634,-0.1529488615154908,-0.2764976958525346,-0.2764976958525346,-0.2753623188405796,-0.27941176470588247,0.7417336907953529,-0.2338251986379115,-14.191919191919192,-0.8264984227129337,0.018098058571898612,0.15306696679797405,-0.010230179028133057,-0.00940438871473337,0.027638190954773822,0.15083798882681565,0.03083952027412895,0.0,0.027782992303360343,-0.015017667844522964,0.01785714285714257,-0.05939151029331402
2011-07-02,0.007324191080636977,0.03199697428139192,-0.003071739992072886,-0.002889947668515247,0.007658473479948302,0.1760493555139364,0.5668789808917198,0.5668789808917198,0.56,0.5714285714285714,-0.06516162134427916,-0.0948148148148148,-0.3683001531393568,6.7272727272727275,0.13736263736263732,-0.007808687164470474,0.02670111972437561,0.02215189873417711,0.025916870415648052,-0.03398058252427183,-0.012188365650969701,0.0,0.00036529680365293693,0.016143497757847403,0.0,0.034960294402479164
2011-10-01,0.014330919063356928,0.008355933445723052,0.08243050723917444,-0.05310982296725675,-0.04008113798592927,-0.023419203747072626,-0.263550135501355,-0.263550135501355,-0.2435897435897436,-0.24675324675324684,0.15477497255762906,0.8314238952536825,0.4557575757575758,-1.7858823529411765,-0.09491332764990057,-0.13895720609936058,0.05620805369127524,0.04489164086687314,-0.008102955195424255,-0.16080402010050254,-0.17162086371284346,0.0,-0.05367902136205949,0.03795233892321259,0.0,0.06493871058295109
2011-12-31,0.024305362985968637,0.09471541760558266,0.05457439319273982,0.11879549966909342,-0.003423833088136985,0.03395683453237419,0.34682612695492177,0.34682612695492177,0.3728813559322035,0.3793103448275863,-0.17585551330798477,-0.12600536193029488,-0.8917568692756037,-2.7395209580838324,0.18241758241758244,-0.057697800628391804,0.037331215250198335,0.02370370370370356,-0.0009610764055741905,-0.0479041916167664,-0.11374407582938384,0.11009174311926606,-0.027011383368705455,0.03146258503401378,0.0,-0.021527106581143984
2012-03-31,0.018354833033285,-0.03472775564409025,0.02516398676496201,-0.059154096421177194,0.021257750221434835,-0.10668893218294828,-0.21926229508196726,-0.21926229508196726,-0.2098765432098766,-0.21250000000000002,0.04498269896193774,0.843558282208589,-0.2615384615384615,-1.0602409638554218,-0.009293680297397744,0.24946953622309787,0.04441041347626329,0.02315484804630974,0.0240500240500241,0.24528301886792447,0.1925133689839571,0.0,0.0027761253222289284,0.027205276174773196,0.0,0.025951867816092156
2012-06-30,0.0007709382850611401,0.014927426566691882,-0.059539650632768004,-0.12629676202452056,0.051433677626218754,0.15152144563298364,0.6019247594050743,0.6019247594050743,0.59375,0.6031746031746033,0.5921633554083885,-0.617859123682751,14.145833333333334,-19.37142857142857,0.1723398552666846,0.08976225133430371,0.06085043988269789,0.05374823196605383,0.04744011272898074,0.06565656565656552,0.0352338244714927,0.0,0.050820644650978686,0.057784911717496,0.0,0.16166301969365415
2012-09-29,-0.005219747380164952,-0.07082824996611092,-0.008368956589800747,0.15255914365386336,-0.006174073888916665,-0.02759740259740262,-0.320589841616603,-0.320589841616603,-0.31372549019607854,-0.3168316831683169,-0.46793760831889086,0.8708272859216255,-0.10247592847317744,-2.5349922239502334,-0.22565157750342935,0.11598397150489759,0.013130615065653162,0.018791946308724716,0.00627802690582957,0.06635071090047395,0.027227722772277252,0.0,-0.0011290929619870438,0.019726858877086473,0.0,-0.19386678722121753
2012-12-29,0.07669096638094475,0.04471515063097242,0.13151183970856106,0.1315070631389994,0.03161548328680297,0.0518456687071045,0.11093247588424426,0.11093247588424426,0.11428571428571432,0.11594202898550732,-0.25472312703583067,0.9123351435221101,-1.8704980842911878,-0.817629179331307,-0.0531443755535872,-0.005784959106323595,-0.03819918144611201,-0.035573122529644174,0.012477718360071277,-0.013333333333333197,-0.04096385542168679,0.12396694214876036,-0.0418236623963828,-0.02752976190476175,-0.01754385964912264,-0.07664267688569026
2013-03-30,0.008878748046923457,0.04754922496857983,-0.0015561279244472592,-0.07207890743550838,0.026160522722839863,-0.06939423331275907,0.09479015918958034,0.09479015918958034,0.07692307692307687,0.07792207792207795,0.8881118881118881,-0.7870182555780934,-1.727112676056338,-5.138888888888889,0.23230433426878694,0.06962279293739959,0.039716312056737646,0.04508196721311464,0.028609154929577496,0.058558558558558405,0.08040201005025116,0.0,0.017105780574124818,0.04361132364192799,0.0,0.1288591962749266
2013-06-29,-0.009747043929300148,-0.053189362127574524,-0.06868382866663081,-0.15699100572363045,0.03437952909311215,0.09702482471101015,0.22075346992729683,0.22075346992729683,0.2142857142857144,0.2168674698795181,0.5800925925925926,0.28,2.324455205811138,-1.0268456375838926,-0.005060728744939236,0.16338398049146496,-0.018417462482946845,-0.014379084967320321,0.042789901583226264,0.12765957446808507,0.09244186046511627,0.0,0.044654939106901326,-0.00806451612903214,0.0,0.12311692969870869
2013-09-28,0.008390740395953555,-0.006758183738120427,-0.04521322638351899,0.03200775945683798,0.04348125689084892,-0.0008637070305752559,-0.24526258798050893,-0.24526258798050893,-0.23529411764705876,-0.2376237623762376,-0.19865221213009088,0.5089285714285714,-0.35251274581209036,-0.95,-0.00025432349949139343,0.032408900354724324,-0.009034051424600342,0.0053050397877985045,0.06073040623717696,-0.007547169811320753,0.03246407663650874,0.0,0.03478904515173942,0.006651884700665134,0.0,-0.03752495009980039
2013-12-28,0.023694932361738585,0.11723013679211847,0.08398053851500409,0.34107997265892,-0.024323669902485245,0.06405601659751037,0.3199426111908177,0.3199426111908177,0.33333333333333326,0.3376623376623378,-0.5568555758683729,-0.480276134122288,-0.8667041619797525,-467.0,0.11854489951666247,0.07668280493518664,0.05469845722300137,0.06596306068601576,-0.021276595744680882,0.015209125475285079,0.05154639175257736,0.1264705882352941,-0.04685264663805455,0.052129221732746034,0.0,-0.1669017005391954
2014-03-29,-0.007046148666522423,-0.0454862653048278,-0.025926958461109595,-0.03402140672782872,0.012747044490569515,-0.0536193029490617,0.041847826086956585,0.041847826086956585,0.05769230769230771,0.04854368932038833,1.084983498349835,-0.0815939278937381,8.286919831223628,-1.684549356223176,-0.07254946554468955,0.1132869161589789,0.04454787234042534,0.05816831683168333,0.02450592885375502,0.1348314606741572,0.03382352941176481,0.0,0.01988742964352741,0.036985345429169536,0.03571428571428559,-0.011948620930001042
2014-06-28,0.013841123758779439,0.01056759271567187,0.004894104178591929,-0.11944334520511801,0.01405689589877257,0.0701347755172117,0.17110067814293162,0.17110067814293162,0.18181818181818166,0.18518518518518512,0.1618519984170954,1.646694214876033,-0.24943207632894138,-1.0376175548589341,0.002942618930848351,0.05654723127035832,0.045194143857415714,0.04678362573099393,0.02314814814814814,0.03300330033003296,-0.011379800853485,0.0,0.00018395879323018782,0.037012113055181484,0.0,0.14773757936108045
2014-09-27,0.005530141060401617,-0.0019072673462676715,0.025547549201105024,-0.004419144633360794,-0.012346221441124738,-0.006176800898443746,-0.3322939866369711,-0.3322939866369711,-0.3307692307692308,-0.3203125,0.05756130790190728,-0.17798594847775173,0.5859564164648909,-56.75,-0.1635696821515893,0.08558391910223206,0.01705237515225333,0.004469273743016755,-0.00037707390648555883,0.060702875399361034,0.014868105515587482,0.0,-0.017840720985837666,-0.002595717066839587,0.01724137931034475,0.0024585125998770607
2014-12-27,0.0338417314042716,0.13600421718502909,0.0898133748055987,0.2642190791453505,-0.01763868499488408,0.0808781984018081,0.4556370913942629,0.4556370913942629,0.47126436781609193,0.45977011494252884,-0.4025764895330113,-0.058879392212725534,-1.3423664122137404,-3.475336322869955,0.48406898567670265,-0.0124957400886061,0.04610778443113772,0.033370411568409475,-0.019615239532252082,-0.012048192771084376,-0.03544423440453681,0.1501305483028721,-0.04981273408239717,0.022771633051398954,0.0,-0.10142769554173592
2015-03-28,-0.015166312403056215,-0.09245939675174009,-0.08317618877733046,-0.20197572006665077,0.04240914751500058,-0.06944963034874174,-0.033913840513290605,-0.033913840513290605,-0.03125,-0.03149606299212604,0.5730458221024259,-0.15640766902119074,-4.614269788182831,-1.8043478260869565,-0.2623596612172543,0.14459910272633136,0.018317115054379052,0.01506996770721214,0.04386302424009236,0.16768292682926833,0.08329250367466923,0.0,0.05853370122191581,0.007633587786259666,0.016949152542372836,0.1372453455502487
2015-06-27,0.01927317272356066,0.05534961012399342,0.024514981377508516,0.10559284116331091,0.010447890872757215,0.0513602439611589,0.17789373814041753,0.17789373814041753,0.17741935483870974,0.17886178861788626,-0.037697052775873874,0.4688995215311005,-0.7236273904996915,-1.548048048048048,0.19492656875834435,0.10321608040200991,0.02360876897133224,0.019088016967126364,0.015849612974566885,0.057441253263707415,0.0678426051560379,0.0,-0.008564513126047335,0.017045454545454364,0.0,-0.045427273506471355
2015-10-03,0.009328464981056994,0.014898255813953432,0.07235485621269677,0.10171320652907045,-0.042864206023345286,0.031371651019006075,-0.35199355618203787,-0.35199355618203787,-0.3356164383561644,-0.3448275862068966,0.18518518518518512,-0.030944625407166138,1.5368303571428572,-1.2821917808219179,-0.046033519553072666,-0.03398014029334051,0.01592531576057099,0.002081165452653355,-0.022859216255442627,-0.0493827160493826,-0.0681914443032613,0.07491486946651538,-0.051830985915492844,-0.008069522036002419,0.0,-0.07874652060698561
2016-01-02,0.02198861445646494,0.06026972192385727,0.06061679358413241,0.15072854169217575,-0.01273441886580573,0.1281823564239195,0.7899316345556247,0.7899316345556247,0.7938144329896908,0.8210526315789475,-0.29026442307692313,0.5109243697478991,-0.7941047074351077,-1.1553398058252426,0.007495900679316048,0.05271595624292713,0.08432432432432435,0.0737279335410177,0.00037133308577796953,0.07792207792207795,0.035454545454545405,0.07497360084477278,-0.033868092691622165,0.04630788485607007,0.03333333333333344,-0.07865497076023387
2016-04-02,0.0015867555841591052,-0.04328005402971635,0.007895427331059413,-0.09166844009363695,0.003776331953228018,-0.14923904487011286,-0.2559027777777778,-0.2559027777777778,-0.24712643678160917,-0.24855491329479762,0.4394580863674853,-0.31034482758620685,2.232905982905983,21.3125,0.16600790513833985,-0.15040759652423175,0.01445663010967091,-0.009671179883945835,0.009651076466221209,-0.15180722891566267,-0.22344161545215102,0.06974459724950899,0.0020500205002049743,-0.005382775119617156,0.0,0.05331640748968591
2016-07-02,0.007201098998493416,0.03635507971057117,0.012164528802006913,0.05851344227727995,0.0015637748164263332,0.10085588711542903,0.211852543163789,0.211852543163789,0.22137404580152675,0.22307692307692317,0.0658823529411765,-0.041935483870967794,0.39458030403172506,-0.7030812324929971,0.04227318045862405,0.05841417123576531,0.026044226044226182,0.0029296875,0.011029411764705843,0.048295454545454586,0.045223289994346993,0.06519742883379243,-0.005523731587561476,-0.009019843656043358,0.0,-0.02099025810987243
2016-10-01,0.012308335349891175,-0.03695294317988307,0.04540778151889269,-0.06806108897742369,-0.02099880071504534,-0.07949849408138965,-0.31805929919137466,-0.31805929919137466,-0.3125,-0.30817610062893075,0.05601545253863138,0.2895622895622896,0.3744075829383886,-3.910377358490566,-0.11804094126650089,-0.04363419007770464,0.02490421455938696,0.006815968841285436,-0.011272727272727212,-0.054200542005420016,-0.0676041103299081,0.06120689655172429,-0.03291503805801266,0.024271844660194164,-0.016129032258064502,0.033442757488715724
2016-12-31,-0.004965610161572487,-0.01774136508310742,-0.006955938268843664,0.14695404346277163,-0.0012712354096845457,0.1249429310607213,0.3997741389045737,0.3997741389045737,0.4181818181818182,0.40909090909090895,-0.6707603867258949,-0.3244125326370757,-0.6596551724137931,0.4165316045380876,-0.189587852494577,0.023854166666666732,-0.038785046728971984,-0.046421663442940186,0.005148951820522107,0.034383954154727725,-0.0034802784222737193,0.06336311941510964,0.0036162518613060968,-0.03495260663507116,-0.016393442622950838,-0.14363708556680566
2017-04-01,0.002522494976849865,-0.023702370237023707,0.003175747201513479,-0.1010508878190195,0.013283962045822717,-0.09794372294372289,-0.03670835014118601,-0.03670835014118601,-0.03205128205128205,-0.032258064516129115,1.7285714285714286,0.3091787439613527,1.089159067882472,-1.0732265446224256,0.017130620985010614,0.11364330043748083,0.029168692270296503,0.022312373225152227,0.023783388218075352,0.11080332409972304,0.15017462165308504,0.059587471352177124,0.01080966511233572,0.020871700429711648,0.016666666666666607,0.0860090413817085
2017-07-01,0.010293332752404405,0.05414874001229264,0.048518185900314315,-0.015606104232651852,-0.02861775991229676,0.0676364727054588,-0.009212730318257978,-0.009212730318257978,0.0,0.006666666666666599,0.20215241419429897,-0.33579335793357934,0.3302618816682832,7.375,0.14105263157894732,0.001553078750228476,-0.01558809636277747,-0.029761904761904767,-0.015010721944245908,-0.02244389027431415,-0.0334008097165992,0.0562364816149965,-0.038582512057035,-0.024654239326518335,-0.016393442622950838,0.07087202476251475
2017-09-30,0.03274322925651196,-0.07358171535187452,0.06286803280443665,0.14630864630864626,-0.02859091015964821,-0.10247225733951393,-0.2616229923922232,-0.2616229923922232,-0.2450331125827815,-0.2582781456953642,-0.1502540527461892,-0.08777777777777773,0.15457528253736785,-1.787313432835821,-0.0627306273062731,-0.055732919821216864,0.009117082533589116,-0.012269938650306678,-0.007256894049346818,-0.04081632653061229,-0.04240837696335087,0.05324232081911262,-0.059323882224645574,0.004315659679408057,-0.01666666666666672,-0.1917671683444634
2017-12-30,0.020305045464510618,0.08716722260683496,-0.002578721518222249,0.014289359530492485,0.04777925692847629,0.20126770482823386,1.5317687464224385,1.5317687464224385,1.5701754385964914,1.5982142857142856,-0.36304100227790437,0.2704019488428746,-0.8155983580675719,-2.495260663507109,0.15526574803149606,0.011688562596599672,0.21588207322872077,0.19668737060041397,0.05226608187134496,0.018617021276595924,0.008201202843083788,0.0544394037589111,0.026895432413633236,0.20380601596071224,0.0,0.07177210506844256
2018-03-31,0.0021384574457199435,-0.026976959592451055,-0.027611141408632744,-0.007396226415094298,0.04301323661900258,-0.0523092958113478,-0.3359710603662672,-0.3359710603662672,-0.33447098976109224,-0.3298969072164949,1.0232454179704962,1.648130393096836,2.934931506849315,-1.792393026941363,-0.10649627263045791,0.008975460708488425,0.04184591317950748,0.03287197231833927,0.05210142410559215,-0.04177545691906004,-0.18600867678958788,0.0516287645974185,0.040867012869722386,0.02804691483936761,0.0,-0.019675526406627508
2018-06-30,0.008668307076564963,0.05479533555449789,-0.011590710813842331,0.02463503649635035,0.02075258576775707,0.04674182018146822,-0.007150153217568955,-0.007150153217568955,0.00512820512820511,0.0,-0.18714096332302255,-0.5155684286748733,-0.08659704090513487,-1.272,0.03241954707985695,-0.019683921642850377,0.02665165165165173,0.031825795644891075,0.02310993727302746,-0.0681198910081744,-0.07861425716189208,0.04909409701928702,0.01193058568329719,0.029761904761904878,0.0,0.029460093896713557
2018-09-29,-0.001963721758846848,-0.05098990354785948,-0.06180648957632817,-0.11645394281191257,0.05825811491060584,-0.06048069345941687,-0.20370370370370372,-0.20370370370370372,-0.2091836734693877,-0.21025641025641018,0.04729546072302249,-0.8557548579970105,0.8399237732253455,-2.2941176470588234,-0.04063726622027242,0.06863596872284972,0.005118829981718198,0.04058441558441572,0.05711519845111335,0.04385964912280693,0.009399855386840184,0.04679665738161565,0.060450160771704065,0.021194605009633882,0.016949152542372836,0.07399384334739478
2018-12-29,0.01362096594251394,0.04231797919762248,-0.004905584302130284,-0.013493840985442374,0.03163635618067384,0.069616271755085,0.2006890611541774,0.2006890611541774,0.2064516129032259,0.20779220779220786,-0.4552296911497534,5.922279792746114,-0.8935784567581564,-2.75,0.07412755716004815,-0.003794037940379469,-0.16187704619861765,-0.13494539781591275,0.030219780219780334,-0.056022408963585346,-0.053724928366762126,0.04683342203299645,0.017788558722457992,-0.12924528301886795,0.0,0.05658174097664537
