Quarter end,Assets,Current Assets,Liabilities,Current Liabilities,Shareholders equity,Revenue,Earnings,Earnings available for common stockholders,EPS basic,EPS diluted,Cash from operating activities,Cash from investing activities,Cash from financing activities,Cash change during period,Cash at end of period,Price,ROE,ROA,Book value of equity per share,P/B ratio,P/E ratio,Equity to assets ratio,Net margin,Asset turnover,Current ratio
1996-03-31,0.05213458546983918,0.08557061652820286,-0.16362839349416536,0.05137204329159806,0.7440738765815114,0.20846131215063246,3.0205850487540626,3.0205850487540626,3.333333333333334,3.333333333333334,-0.5476702925949625,-0.9262529580051566,-0.9194953346352955,-0.273255188729971,-0.5152485513876182,0.5665236051502145,-0.0174573055028463,0.05629629629629629,0.6875,-0.47873739587900044,0.077243018419489,0.6575515355490111,0.016925246826516194,0.03409090909090917,0.03254536931627938
1996-06-30,0.05213458546983918,0.08557061652820286,-0.16362839349416536,0.05137204329159806,0.7440738765815114,0.20846131215063246,3.0205850487540626,3.0205850487540626,3.333333333333334,3.333333333333334,-0.5476702925949625,-0.9262529580051566,-0.9194953346352955,-0.273255188729971,-0.5152485513876182,0.5665236051502145,-0.0174573055028463,0.05629629629629629,0.6875,-0.47873739587900044,0.077243018419489,0.6575515355490111,0.016925246826516194,0.03409090909090917,0.03254536931627938
1996-09-30,0.14467278870216127,0.24744230072098916,0.1803419421300898,0.3352948483060585,0.08981752991369851,0.07692157874748018,0.6108865534896255,0.6108865534896255,0.6153846153846152,0.6153846153846152,0.6451903292181069,-0.07112068965517238,1.7791682710820176,-0.6689849067771529,-0.3518402013211702,-0.1205479452054794,-0.0174573055028463,0.05629629629629629,0.11111111111111094,-0.47873739587900044,0.077243018419489,-0.04796954314720803,0.016925246826516194,0.03409090909090917,-0.06576301965107989
1996-12-31,-0.18149723257382588,-0.3061647871747887,-0.46784924092207103,-0.27367123638097235,0.2954603417495536,-0.9821228343039028,0.7315155570424892,0.7315155570424892,0.9523809523809523,0.9047619047619049,-7.016337059329321,0.03274039700953857,-6.133010045029442,-0.49307107733571753,-0.2751759281727736,0.12772585669781944,-0.0174573055028463,0.05629629629629629,0.30000000000000004,0.015138772077375906,0.077243018419489,0.5827779258864303,0.016925246826516194,0.03409090909090917,-0.04477611940298509
1997-03-31,0.12405098802447712,0.1738159226554048,0.23703405314419723,-0.17800368206195472,0.046746727040062996,58.55791603439555,-0.6557820500434741,-0.6557820500434741,-0.7073170731707317,-0.7,-1.2690373796562162,1.3037943085371944,-1.4224711518995883,-2.2054673721340388,0.45764981586876474,0.06077348066298338,-0.0174573055028463,0.05629629629629629,0.025641025641025772,-0.18392709196354606,0.077243018419489,-0.06872157655381517,0.016925246826516194,0.03409090909090917,0.4280523255813955
1997-06-30,0.14192196501736642,0.14225962157929684,0.2270279699947666,-0.06738596969578936,0.07310582194679283,0.09839824707421063,0.6915520628683693,0.6915520628683693,0.16666666666666674,0.16666666666666674,-0.8652629545564302,0.7163289630512515,-0.3757467335399163,-0.33357717629846384,0.20923288929719797,0.203125,-0.0174573055028463,0.05629629629629629,0.07499999999999996,0.17258883248730972,0.077243018419489,-0.06022788931090617,0.016925246826516194,0.03409090909090917,0.22478371501272254
1997-09-30,0.20389856979587373,0.26341044374642064,0.3294978484635944,0.5798980913001712,0.08777264641188998,0.10093403024773462,0.4383607101377136,0.4383607101377136,0.4285714285714286,0.4285714285714286,0.07741935483870965,0.10675505050505052,0.01888337341998869,-1.6882546652030737,-0.11908831908831907,0.27056277056277045,-0.009269988412514585,0.05629629629629629,0.09302325581395343,0.18181818181818188,0.16252987681559095,-0.0964203233256351,0.01386962552011095,0.016483516483516425,-0.2003157850999293
1997-12-31,0.030926743293280268,-0.017726283112298513,-0.16126042632066728,0.0945608353710925,0.2481047942060275,-0.2725900018260222,0.7967470296458645,0.7967470296458645,2.4499999999999997,1.0,-32.989354624085166,-0.15287205521647362,-3.122149673530889,-63.291866028708135,8.421086675291074,0.0017035775127767216,0.056140350877192935,0.05629629629629629,0.25531914893617014,-0.08351648351648355,-0.08587695714059784,0.2106496272630458,-0.061559507523939905,0.12432432432432439,-0.10261872596903254
1998-03-31,0.020999647804649024,0.00409027981709098,-0.04304292392690179,-0.18545085679092854,0.06963324425854922,0.4563061801820938,-0.5532871083718541,-0.5532871083718541,-0.7391304347826086,-0.6000000000000001,-1.437011231281198,-0.36394855565281803,-1.2837262141437091,-2.0108559285147347,-0.9035587595834764,0.11564625850340127,-0.016242155777039358,0.00911640953716697,0.05084745762711873,-0.11111111111111116,-0.06574394463667821,0.04767769176636172,0.032069970845481244,-0.024038461538461675,0.23270221759018006
1998-06-30,0.11919511318720799,0.19600019497656795,0.1690263443056863,0.09101286841012879,0.08533980231000404,0.15268440802471583,0.5334866340902558,0.5334866340902558,0.0,0.0,-0.7000690098279514,-0.016197332204107573,0.9304304304304305,-1.0315341556698159,0.2954437588989085,0.27591463414634143,0.006003752345215663,0.03335649756775538,0.09677419354838723,0.21402877697841727,0.16240740740740756,-0.030394626364399713,0.03672316384180796,0.0,0.09624236730859548
1998-09-30,0.1508514408999846,0.1855211523457969,0.2631442985655239,0.4946121128942398,0.06867716395338497,0.012693829659964129,0.07919400187441417,0.07919400187441417,0.05555555555555558,0.125,-0.17470644239923838,0.9430754331217046,0.22396508512660973,-1.1076305220883533,-0.02454662026012089,0.027479091995221028,-0.036926519955240655,-0.01479488903833226,0.0588235294117645,-0.06296296296296289,-0.07519515692209666,-0.0713543470730863,0.008174386920980714,-0.024630541871921152,-0.20682120056557696
1998-12-31,0.11483353698341237,0.11023583376715229,-0.06528120300751883,0.05785980543685798,0.27062349121784735,1.3742581117844508,2.4517585757707336,2.4517585757707336,2.2105263157894735,2.055555555555556,-13.857623533935781,-0.0836794594893947,-2.8615357458075907,-482.1268656716418,12.35568075117371,-0.06395348837209291,0.36483346243222314,0.3952218430034131,0.23611111111111116,-0.11620553359683794,-0.12523686477174845,0.13968668407310703,0.013513513513513598,0.3787878787878789,0.049535436473638894
1999-03-31,-0.04340362493462557,-0.09124407247505129,-0.22174816759654303,-0.29162727538374267,0.07007501310272546,-0.47085671637506643,-0.7303444285103278,-0.7303444285103278,-0.7049180327868853,-0.7090909090909091,-1.362039702418782,-0.4085579596277046,-1.0926832043695949,-1.8270385134401512,-0.7497293269027967,0.10310559006211184,-0.06044267877412024,-0.020547945205479534,0.0674157303370786,-0.10733452593917703,-0.21051595116187471,0.1186385207003764,-0.021333333333333204,0.0,0.2828761130269186
1999-06-30,0.10671608994548443,0.16347103978348598,0.16412541963650806,0.31496445123874683,0.08014907897052859,0.14472744369399915,0.35323754431796983,0.35323754431796983,0.2777777777777779,0.3125,-1.5880712913818384,0.43879010831800525,-0.8397790055248618,-1.2846586646661664,1.0507893701893365,-0.09009009009009017,-0.05708245243128973,-0.022477522477522327,0.06315789473684208,-0.1472945891783568,-0.13619356447992015,-0.023990637799882975,-0.02452316076294292,0.0,-0.11522567703109343
1999-09-30,0.14013487097910282,0.18792988034474112,0.2866386811282291,0.11843295012086874,0.06706720891017559,0.048006445090357674,0.1101765030336459,0.1101765030336459,0.13043478260869557,0.1428571428571428,-1.9620719929762949,-0.11953124999999998,27.68837803320562,-2.1417182764527603,-0.47474111007616016,0.08663366336633649,-0.046124279308135674,-0.017884517118037846,0.06930693069306937,0.021151586368977737,0.0372509384926365,-0.0639988009592326,-0.022346368715083664,0.00366300366300365,0.06216841246088989
1999-12-31,0.18403343574689335,0.30131824088976855,0.16017820273597505,0.2370275041660479,0.19837923616275366,0.7265197534027705,2.5519811203577194,2.5519811203577194,2.5,2.791666666666667,-7.134915130498266,-0.04686617730095988,-0.9514312424876463,-10.079635293438745,8.206383977468315,0.09794988610478383,0.0973807924781731,0.10301768990634752,0.19444444444444442,0.027617951668584606,0.04120267260579058,0.012009607686148893,0.17428571428571416,-0.058394160583941646,0.05195525956284164
2000-03-31,-0.015220756117717893,-0.045470168743826034,-0.14288365364941447,-0.19110370123374454,0.05910447099628513,-0.36355719492764693,-0.740899395041438,-0.740899395041438,-0.7362637362637363,-0.7582417582417582,-1.4787999952399653,0.3725457007447528,0.22823098075160408,-1.605995894267864,-0.5401724509104093,-0.011410788381742809,-0.05324357405140745,-0.05047169811320751,-0.03875968992248069,-0.17245240761478164,-0.24572192513368973,0.07547468354430364,-0.015815085158150777,-0.03488372093023251,0.18006574408506126
2000-06-30,0.07173095557708886,0.023949939607705195,0.05651505310083338,0.12830807789338294,0.07890014804894507,0.3186019156444295,0.4270868479654497,0.4043457723193198,0.0,0.0,-1.2661985833229776,0.7370822542853619,-18.963432835820896,-0.6767420396862021,-0.3172387452874357,0.2980062959076599,-0.03361344537815136,-0.021361152508693526,0.032258064516129004,0.3504736129905279,0.24884792626728092,0.0067676916286598665,-0.03831891223733008,0.012048192771084265,-0.09250980122429331
2000-09-30,0.1051911231147733,0.1288970236002005,0.125979328355464,0.18392190388507723,0.09559967997672558,-0.01868646018366571,0.03319462833364861,0.04992552015760898,0.0,0.0,-2.4347602819662946,-0.040572199346869287,-2.0926010552116656,0.020796833430666517,-0.5677499684212426,0.15844785772029102,-0.04581939799331103,-0.027918781725888353,0.09375,0.1222444889779557,0.10218563724098795,-0.008768084173608082,-0.024421593830334154,0.0,-0.046460512354100314
2000-12-31,0.1210968108005872,0.17221375993092813,0.06494651957215658,0.07577085442022358,0.14772229377165846,0.6820957388727811,1.920137299771167,1.920137299771167,0.0,0.0,-7.423992971952886,-0.13618705834474087,-1.6269201520912548,-6.009026475542701,6.579235200801536,-0.2707606420097698,-0.03680336487907465,-0.014621409921671047,0.10000000000000009,-0.33392857142857135,-0.297707957764615,0.023883237505528454,-0.054018445322793096,0.039682539682539764,0.08965900961767748
2001-03-31,-0.007763178859731212,-0.04431252497902283,-0.08067449310038077,-0.1116376466538539,0.02431660169128791,-0.3897460945193285,-0.8310007052738814,-0.8310007052738814,-0.5833333333333333,-0.5454545454545454,-1.4511712715577278,0.12694877505567925,-1.0125545851528384,-1.7308548912112387,-0.6365579197259202,-0.23732057416267938,-0.1084425036390102,-0.09591944886062531,0.025974025974025983,-0.30563002680965146,-0.21158782544921162,0.03225341972642193,-0.08495821727019515,-0.011450381679389388,0.07575315486176959
2001-06-30,0.04211933970347914,0.016804459586095666,0.039134185927899745,0.08975369076372663,0.04329813465846,0.13694654793593908,1.008531948437355,1.008531948437355,0.8999999999999999,0.8999999999999999,-1.7520235302042053,0.3867056856187292,-29.082125603864736,-1.214339046031498,0.3741513094083415,-0.042659974905897124,-0.06244897959183682,-0.05392731535756168,0.03797468354430378,-0.06756756756756754,-0.00046511627906986597,0.0011159157483611182,-0.022831050228310557,-0.030888030888030937,-0.06692659772842857
2001-09-30,0.09405470079272393,0.11057948014530616,0.27060885041811744,0.32043806001991193,0.024614224398446183,0.009955468354372998,-0.32810047095761385,-0.32810047095761385,-0.3157894736842105,-0.3157894736842105,-1.1389204036543858,-0.03480691753227172,-0.7755031825219336,-2.8562864549578744,-0.5054261514028586,0.12057667103538683,-0.11188506747932081,-0.11586121437422547,0.030487804878048808,0.07867494824016563,0.12470916705444401,-0.06339696251915838,-0.0950155763239875,-0.019920318725099584,-0.15893317830020703
2001-12-31,0.06762613769513903,0.08730358777086655,-0.09632699625262642,-0.10229965532098229,0.1475922495580333,0.6073165521815873,4.22869708631116,4.22869708631116,0.0,0.0,-23.579088759939825,-0.33407161314138056,-4.938697318007662,-5.185410665968403,4.277250022299527,-0.024561403508772006,0.04705882352941182,0.05816398037841619,0.1420118343195267,-0.053742802303263004,0.046752172114191026,0.07482891996429641,0.06540447504302915,-0.008130081300813052,0.2112152762777033
2002-03-31,0.0428414009010607,0.040447306336364175,0.0008269679440058297,-0.01298357180710119,0.05897786833932761,-0.3150622651592091,-0.7036063505414782,-0.7036063505414782,0.5384615384615385,0.5384615384615385,-1.173671360787356,0.3542128603104213,1.4587548638132297,-1.2899394710362913,-0.23499807735376266,0.34412470023980823,0.024812734082396926,0.03245033112582796,0.04663212435233155,0.17849898580121693,0.21422924901185758,0.015501730103806288,0.042003231017770704,-0.008196721311475419,0.05414467113710941
2002-06-30,0.02742765174185413,0.012461844064984628,-0.12219033286896408,-0.13057110295048757,0.0817359100748507,0.01828542251723264,0.11905817665838958,0.11905817665838958,0.09999999999999987,0.09999999999999987,-1.402362161569659,0.6686923391794453,0.29355910745371094,-0.6050383903044252,-0.12132677861246133,0.0,-0.04796710826861583,-0.028223220012828842,0.07920792079207928,-0.04475043029259895,-0.08365885416666663,0.05288264958429867,0.0,-0.028925619834710647,0.16451241794680938
2002-09-30,0.0756031594608968,0.09032860925089548,0.23886352474671235,0.28172936316976127,0.027514579700128383,0.029937141229657183,-0.21234695090541666,-0.21234695090541666,-0.22727272727272718,-0.22727272727272718,-4.503439351631139,-0.6294814702996452,-1.4015781747002691,2.5348053721830186,-0.48808423699512804,-0.25512934879571825,-0.03358925143953939,-0.013861386138613763,0.02752293577981657,-0.30990990990990985,-0.27353463587921845,-0.04478964401294494,0.006201550387596955,-0.021276595744680993,-0.14934913993491405
2002-12-31,0.25460192927034786,0.1945219005980512,0.6826704253476046,0.21388150269312067,0.10257870915935796,0.6114402224714901,3.3756917194888825,3.3756917194888825,3.5294117647058822,3.4705882352941178,-6.445597869403783,2.5356997351802812,-1.008987052551409,-3.7144973081579558,2.5881276632323504,0.03353293413173675,0.006951340615690249,-0.026104417670682833,0.1026785714285714,0.005221932114882533,0.0009779951100243878,-0.12115462799837384,0.023112480739599484,-0.047826086956521685,-0.01595163273671263
2003-05-03,-0.01970191046272962,-0.08859058309136425,-0.13129662754679117,-0.23154347337676928,0.04078059253811994,-0.25609409762882773,-0.6229593009887331,-0.6229593009887331,-0.6233766233766234,-0.618421052631579,-1.1938370810382435,0.2526394630331139,-105.45762711864407,-1.6995146114756665,-0.6924179991238637,-0.23174971031286218,0.0039447731755424265,-0.012371134020618513,0.04048582995951411,-0.3038961038961039,-0.280410356619443,0.061680801850424016,0.012048192771084265,-0.022831050228310446,0.18605296955812411
2003-08-02,0.04102716920744931,-0.07428317993445732,0.03233048155467566,0.028783183253420663,0.044961331891420375,0.01699243625399638,-0.12184784265894189,-0.12184784265894189,-0.13793103448275856,-0.13793103448275856,-2.0571649569973665,-0.44534133636896756,-1.2123965601168263,-1.0710511500451065,0.11655335862828653,0.3559577677224737,-0.0304518664047152,-0.053583855254001334,0.035019455252918386,0.3059701492537312,0.27155465037338766,0.003776325344952758,-0.029761904761904767,-0.02336448598130858,-0.10017852439345598
2003-11-01,0.12195886094494512,0.16630028052802737,0.27412394856800915,0.5363778886094415,0.053955246920290634,0.06258985221108326,0.2556338761762562,0.2556338761762562,0.24,0.24,-0.9546365172551957,0.7094968592574165,34.63559969442322,-4.170405727923628,-0.33094829991629127,0.3392658509454949,0.03546099290780136,0.0051470588235291714,0.05263157894736836,0.29428571428571426,0.31179925253603846,-0.060627984372739196,0.036809815950920255,-0.03349282296650713,-0.24087686203083336
2004-01-31,-0.008718129007416309,-0.045589392986775557,-0.11075983199694539,-0.18273490413931937,0.04641138701941672,0.34252891187908796,1.2075716932606952,1.2075716932606952,1.258064516129032,1.225806451612903,86.77918586789555,-0.39731509440826573,-2.6578129354513687,-4.057723577235772,1.512511543388245,-0.08471760797342187,-0.08170254403131116,-0.06949524506217986,0.06428571428571428,-0.13024282560706413,-0.16442816442816444,0.05560690080098585,-0.062130177514792884,-0.004950495049505066,0.16778063410454158
2004-05-01,0.09479526530325488,0.16044696077468035,0.2577568143173661,0.03187452376820987,0.019976895523212024,-0.2046155654963524,-0.5596783083629804,-0.5596783083629804,-0.5571428571428572,-0.5507246376811594,-0.8023335681192771,2.024165962412974,-2.074820255521647,-1.2165992102179286,-0.13039096540889827,-0.08076225045372043,-0.02663825253063401,-0.044811320754717054,0.020134228187919545,-0.13705583756345174,-0.03896736483195329,-0.06829125930249536,-0.018927444794952675,-0.02985074626865658,0.12459641913707076
2004-07-31,0.017670883951446115,0.028778668651155748,0.0083554809052937,-0.002672252441948908,0.022944774248663258,-0.008581926710120702,-0.15812233285917499,-0.15812233285917499,-0.16129032258064513,-0.16129032258064513,-1.9313000752512064,-1.1004091952493429,-2.0583989027647442,4.226596953853148,-0.31591792214874903,-0.11648568608094778,-0.029556650246305383,-0.0469135802469135,0.026315789473684292,-0.1352941176470588,-0.1277242777496198,0.005168363351605532,-0.022508038585209,-0.02564102564102566,0.03154769672452051
2004-10-30,0.03840123206024493,0.06466009918459048,0.0770239937163344,0.12768811785016543,0.016846916295397696,0.028020515908064647,0.07643957826439585,0.07643957826439585,0.0769230769230771,0.0769230769230771,-1.2025048719045581,-2.109137896759658,-1.7312553994452782,-1.48811315338512,-0.12460636983298123,-0.040223463687150796,-0.04850535815002832,-0.05699481865284972,0.019230769230769162,-0.06462585034013602,-0.046484601975595674,-0.020722966656279374,-0.042763157894736836,-0.010526315789473717,-0.05588412030741019
2005-01-29,0.04675219723882451,0.05604783038549144,-0.012226537511846991,-0.04323646138394377,0.08161450808972792,0.3639820599557715,1.6261693978778173,1.6261693978778173,1.6428571428571428,1.6071428571428568,30.083675624926652,8.766101087346158,-0.9722679931602674,0.8388430488478607,0.2127407677246027,0.10011641443538988,-0.013633669235328938,-0.025641025641025772,0.11949685534591192,0.08000000000000007,0.12187690432663012,0.03325377883850433,-0.00859106529209619,-0.015957446808510523,0.1037786412970656
2005-04-30,-0.05471664643615792,-0.11952010904363086,-0.004092543678197447,-0.012678568395305012,-0.08204433556774882,-0.24140790984710547,-0.6531905228680039,-0.6531905228680039,-0.6486486486486487,-0.6438356164383561,-0.8821659417663404,-1.4271984828556572,-80.6182735426009,-1.3973232024655224,-0.3848327263169752,-0.06560846560846556,-0.041466346153846145,-0.044172932330827086,-0.07865168539325851,-0.164983164983165,-0.08908202064095605,-0.028795811518324554,-0.04679376083188913,0.0,-0.10822458270106217
2005-07-30,-0.008716598714846091,-0.028998812599096424,-0.06913537246280488,-0.1473317665842001,0.026668039056980675,0.02661084805224445,-0.058665379842823606,-0.058665379842823606,-0.03846153846153855,-0.03846153846153855,0.21204742069849414,-2.4681950968037576,-1.096431261836538,0.2440422469936825,-0.7782406347753109,-0.07927519818799544,-0.021943573667711602,-0.017699115044247704,0.03658536585365857,0.0,-0.04949314251639836,0.03567464721737745,-0.03272727272727283,0.01621621621621605,0.13878301116253744
2005-10-29,0.05319583381949888,0.1050926071090037,0.1815412183303955,0.42867173785839663,-0.014956320435291826,0.036097562244238546,0.13866715488831938,0.13866715488831938,0.15999999999999992,0.15999999999999992,0.45442529343343563,-1.740370829147444,-4.669562677958677,-2.581585035880946,5.550402532168169,-0.052890528905289114,-0.00576923076923086,-0.012012012012012074,-0.002941176470588225,-0.08870967741935487,-0.046424090338770374,-0.06475811390079611,-0.02631578947368418,0.010638297872340496,-0.22649572649572658
2006-01-28,0.01652129726295537,0.029826102614190164,-0.09044489574163328,-0.16545397026257513,0.08465143391146257,0.3542100962992618,1.781586648229733,1.781586648229733,1.8275862068965516,1.7931034482758625,3.38202042967756,-4.671879116825631,-1.164577613306275,-1.3640161658236636,-0.3084445938422429,-0.0012987012987012436,0.014829142488717029,0.015197568389057725,0.08849557522123885,0.004424778761062065,-0.007894736842105177,0.06695040104763472,-0.01158301158301156,0.03157894736842115,0.23401460418035014
2006-04-29,0.02190836298932375,0.0026746468067428975,0.07071271710920346,0.16599425972056747,-0.004158580537843126,-0.20622195943159372,-0.6196487820668447,-0.6196487820668447,-0.6219512195121951,-0.617283950617284,-0.6785432825915634,-0.8471611803749215,-5.41247582205029,-0.9455096550080033,-0.024820001822766335,0.14954486345903772,0.0,0.001996007984031989,0.008130081300813163,0.05726872246696035,0.09217506631299721,-0.02546793494937105,-0.007812500000000111,0.010204081632652962,-0.14007514088916717
2006-07-29,-0.034008053106975744,-0.07535404777002752,-0.013275656324582386,-0.010449927431059547,-0.04591399691622411,0.031640396964389916,-0.1185410334346505,-0.1185410334346505,-0.09677419354838701,-0.09677419354838701,-0.64,-1.9694835680751175,1.3123287671232875,8.5,-0.23676012461059193,-0.0237556561085972,0.005717916137229828,-0.003984063745019917,-0.021505376344086002,-0.033333333333333326,-0.052823315118396996,-0.012279596977330054,-0.023622047244094446,0.015151515151515138,-0.06560838855312023
2006-10-28,0.04264068044837499,0.07132243684992567,0.04671201814058956,0.09357582868876513,0.040222661159992734,0.030330466274332224,0.1206896551724137,0.1206896551724137,0.1428571428571428,0.1428571428571428,-1.5268817204301075,-0.6174334140435835,-1.09478672985782,-1.598684210526316,0.18571428571428572,0.11355735805330225,-0.008843967150979015,-0.004000000000000115,0.03296703296703285,0.13793103448275867,0.09358974358974348,-0.002390819254064258,-0.022177419354838634,0.01990049751243772,-0.020339775561097118
2007-02-03,0.012047541869259826,0.023151605675877596,0.01906412478336228,0.02816523605150212,0.007854306922147503,0.4487038664323375,2.003076923076923,2.003076923076923,2.0,1.96875,-22.91156462585034,-13.987341772151899,-12.25,1.9560439560439562,0.46299483648881234,0.0780437044745057,0.06246016571064361,0.051204819277108404,0.05319148936170226,0.045454545454545414,0.05920281359906232,-0.004154018213772259,-0.0020618556701031965,0.05365853658536612,-0.004852438151300764
2007-05-05,-0.05893343297923448,-0.12596454640250265,-0.05753968253968256,-0.15079572136707542,-0.05977562730153296,-0.26074759269087877,-0.6096311475409837,-0.6096311475409837,-0.6041666666666666,-0.6,-0.9053089102763117,-1.2592592592592593,0.20999999999999996,-1.936802973977695,-0.29647058823529415,0.15154440154440163,0.04259148170365945,0.0372492836676217,-0.06060606060606055,0.0905797101449275,0.06474820143884874,-0.0008021819348627002,-0.004132231404958664,0.04166666666666652,0.029216626698641113
2007-08-04,0.042033013784105844,0.06513958482462412,0.10330827067669168,0.19324116743471587,0.004918480735950359,-0.0038974358974358525,-0.14435695538057747,-0.14435695538057747,-0.13157894736842102,-0.13157894736842102,1.1180327868852458,-2.298872180451128,-0.891643709825528,-0.35317460317460314,-0.27257525083612044,0.17183570829840744,0.020713463751438344,0.010128913443830712,0.037634408602150504,0.2491694352159468,0.12941787941787952,-0.035645472061657024,-0.0020746887966806016,0.013333333333333197,-0.10733563745097263
2007-11-03,0.016820903647250862,0.0014560931899640916,0.203625459997274,0.11791967044284246,-0.10740505755460894,0.027388797364085615,0.10122699386503076,0.10122699386503076,0.15151515151515138,0.15151515151515138,-1.21671826625387,-2.1345875542691752,5.601694915254237,-0.17177914110429449,-0.31034482758620685,-0.07224606580829751,0.05749718151071015,0.01458523245214205,-0.07512953367875652,-0.10638297872340419,-0.09572020248504376,-0.12221112221112229,-0.004158004158004158,0.01754385964912286,-0.10418932440074824
2008-02-02,-0.042935917340328755,-0.1177720612906834,-0.09489299060129086,-0.0651773376324275,0.0036555645816409577,0.30146321908198037,1.637883008356546,1.637883008356546,1.710526315789474,1.6842105263157894,-21.442857142857143,-2.086734693877551,1.4441591784338894,-1.7851851851851852,0.3533333333333333,-0.269082498072475,0.028251599147121498,-0.0026954177897573484,0.02801120448179284,-0.20833333333333326,-0.2905852417302799,0.04874810318664635,-0.01043841336116913,0.008620689655172376,-0.056283993783993846
2008-05-03,-0.009285674330144933,0.010522312373225207,-0.08207181283623166,-0.0840108401084011,0.049575070821529676,-0.19043585399661178,-0.5395987328405492,-0.5395987328405492,-0.5339805825242718,-0.5294117647058824,-0.8794549266247379,-1.0868544600938967,-1.0089285714285714,3.1132075471698117,1.0738916256157633,0.14135021097046407,0.042509072058061204,0.02612612612612608,0.04632152588555849,0.10902255639097747,0.10329985652797724,0.059323566648580295,0.010548523206751037,0.017094017094017033,0.10322647043688571
2008-08-02,0.05284851222404163,0.1238238614979299,0.06092408341283906,0.10785368477676172,0.04713707345286289,0.03976029677542092,-0.13761467889908252,-0.13761467889908252,-0.125,-0.125,0.6405797101449275,-5.45945945945946,3.0,-0.3027522935779816,0.36104513064133026,0.08040665434380778,0.028344107409249197,0.02019315188762061,0.04166666666666674,0.03050847457627115,0.031859557867360166,-0.00529281201980536,-0.0041753653444676075,0.025210084033613578,0.014412985680302137
2008-11-01,0.030567919772617635,0.07244920741236882,0.004110996916752319,0.0,0.04952591365184578,0.0191199341322843,0.14627659574468077,0.14627659574468077,0.1428571428571428,0.11904761904761907,-1.0812720848056536,0.18787878787878798,0.1470588235294117,-2.1842105263157894,-0.31413612565445026,0.032506415739948835,-0.003868471953578423,0.026678141135972444,0.0475000000000001,-0.006578947368421018,-0.008191556395715116,0.01836594576038464,0.008385744234800763,0.016393442622950838,0.07246643369505246
2009-01-31,0.05932247489202269,0.11710211304257312,0.0011514841351074612,-0.004855547462976451,0.09920182440136838,0.24461400359066432,1.4408352668213458,1.4408352668213458,1.4166666666666665,1.4680851063829787,-69.82608695652173,-0.05102040816326525,-0.17948717948717952,-8.93888888888889,3.6361323155216283,0.06379453189726592,-0.013592233009708687,0.013411567476948827,0.10262529832935563,0.013245033112582849,0.02414231257941557,0.03758638125737401,0.027027027027026973,-0.012096774193548265,0.12253472817698507
2009-05-02,0.018666797661738066,0.03354453969437188,0.012396166134185371,0.010978287387167551,0.022582189594637647,-0.1337179949513163,-0.42585551330798477,-0.42585551330798477,-0.4224137931034482,-0.43103448275862066,-0.8275426405559065,-0.08064516129032262,-5.625,-1.0321903428971309,-0.02524698133918768,0.015576323987538832,0.018208661417322913,0.032258064516129004,0.02813852813852802,-0.07843137254901966,-0.04094292803970223,0.0038986354775827348,0.04048582995951411,-0.008163265306122436,0.022305400656939867
2009-08-01,0.02960891160727197,0.05210962856112511,0.041024993688462574,0.06636100386100385,0.022551697229808765,0.018066772125551633,-0.05794701986754969,-0.05794701986754969,-0.059701492537313494,-0.045454545454545525,0.45421245421245415,0.10818713450292394,0.30067567567567566,-1.3260869565217392,0.008445945945946054,0.12269938650306766,0.029966167230546237,0.04246794871794868,0.02947368421052632,0.09219858156028371,0.0485122897800776,-0.006957928802588942,0.048638132295719894,-0.008230452674897082,-0.01333781663304201
2009-10-31,0.021263641047257753,0.04601542416452453,0.03746817024372495,0.060420909708078785,0.011065323565323526,0.021180896303565566,0.19859402460456943,0.19859402460456943,0.20634920634920628,0.20634920634920628,0.11586901763224189,0.20844327176780997,0.5298701298701298,-6.366666666666666,-0.04494695700725848,0.08948087431693974,0.055373064289065965,0.06072252113758658,0.02249488752556239,0.058441558441558294,0.011104256631708775,-0.009939709956004572,0.06679035250463827,-0.004149377593361092,-0.013593850581241185
2010-01-30,0.05008025682182993,0.06955025804866066,0.005726975222066333,0.015578318395219837,0.07872292248471591,0.2481781052294385,0.9794721407624634,0.9794721407624634,1.026315789473684,1.0,3.0451467268623027,1.0655021834061134,-0.4176570458404074,-15.254658385093167,0.6708564747149957,0.02319749216300937,0.06625166740773691,0.07028985507246377,0.09000000000000008,0.0,-0.06955460646735823,0.027320605661619313,0.06608695652173902,0.004166666666666874,0.05312859884836851
2010-05-01,-0.06420055029043104,-0.12316176470588236,-0.012550842533410766,-0.01617986972052954,-0.09529806884970615,-0.13216989606056717,-0.528888888888889,-0.528888888888889,-0.5194805194805194,-0.5197368421052632,-0.9001116071428571,-0.273784355179704,4.833819241982507,-2.0152505446623095,-0.40762771168649403,0.11948529411764697,0.007923269391159282,0.0020311442112390665,-0.0678899082568808,0.027607361963190247,0.006557377049180246,-0.03332265299583459,-0.019575856443719397,0.020746887966804906,-0.10873368812422535
2010-07-31,0.05348392215429132,0.10211390635918938,0.030716723549488067,0.05061939342161459,0.06844547563805103,0.018704716841638325,0.2264150943396226,0.2264150943396226,-0.17567567567567566,-0.1643835616438356,2.2960893854748603,-0.5764192139737991,-1.0089955022488755,-1.3892703862660944,0.26786769049025394,0.1428571428571428,0.051303268514687694,0.05067567567567566,0.07086614173228356,0.22686567164179117,0.12117263843648218,0.014252568776930596,0.03660565723793674,0.016260162601626105,0.04903684920862128
2010-10-30,0.046427147477074326,0.0829832765316636,0.08460835807261935,0.15165684082130504,0.022222222222222143,0.03534363887074532,0.19487179487179485,0.19487179487179485,0.19672131147540983,0.19672131147540983,-0.8220338983050848,2.0309278350515463,-30.22222222222222,-2.320837927232635,-0.2790589331469835,0.11590038314176243,0.05548996458087374,0.0508038585209003,0.03676470588235281,0.041362530413625365,0.03486345148169656,-0.02303921568627454,0.038523274478330594,0.01200000000000001,-0.05964912280701751
2011-01-29,0.00778967867575453,-0.024224238875878212,-0.029897883987788143,-0.05948808473080314,0.033139781900580756,0.20937894294125892,0.7435622317596566,0.7435622317596566,0.8219178082191783,0.8219178082191783,15.376190476190477,1.1326530612244898,1.9163498098859315,-1.020033388981636,0.005492730210016061,0.15965665236051496,0.06860551826994787,0.06364749082007348,0.06028368794326244,0.11915887850467288,0.06850084222347008,0.025087807325639755,0.043276661514683346,0.015810276679841806,0.03747927031509124
2011-04-30,0.00033606385213191814,-0.005850146253656319,-0.02919153553988063,-0.052740240240240266,0.018985606579849268,-0.10398191618848895,-0.3784615384615385,-0.3784615384615385,-0.3834586466165414,-0.3834586466165414,-0.5455074149462054,-0.8825093035619351,-0.5110821382007822,24.041666666666668,0.19312339331619532,-0.00999259807549957,0.057222609909281186,0.06616800920598376,0.01672240802675584,-0.06680584551148228,-0.10930110352075684,0.018600097895252077,0.05925925925925912,0.0077821011673151474,0.049512468030690426
2011-07-30,0.04098601604165797,0.06246699358732544,-0.0038005812653699733,-0.017634238161283955,0.06793569650904696,-0.0022640533022834086,-0.06039603960396045,-0.06039603960396045,-0.04878048780487798,-0.060975609756097504,-0.34165067178502884,1.180995475113122,-0.9413333333333334,-0.16306156405990013,0.13546997037436026,0.19813084112149526,0.0026402640264027166,0.015110631408526753,0.07072368421052633,0.17897091722595082,0.08377581120943955,0.025949062950504587,0.012587412587412805,0.0038610038610038533,0.08155960857480093
2011-10-29,-0.01924240590584536,-0.053823759142228256,0.10446588868940765,0.1841468334005647,-0.08868174088303837,0.03514004149377592,0.10115911485774509,0.10115911485774509,0.11538461538461542,0.1298701298701299,-0.4217687074829932,-2.0020746887966805,55.40909090909091,-3.8111332007952288,-0.33538899430740043,0.11138845553822163,0.01909150757077005,0.01754385964912286,-0.0660522273425499,0.037950664136622514,0.06260206859009254,-0.07088212334113975,-0.002762430939226568,0.019230769230769162,-0.20098574194684038
2012-01-28,-0.04220138203356372,-0.09238273921200746,-0.0003047851264857959,-0.010390052801907634,-0.07070288202363673,0.2185895026932232,0.798086124401914,0.798086124401914,0.8390804597701151,0.7931034482758621,5.181512605042017,-2.3271221532091095,0.19097502014504442,-1.0572842998585572,0.028907922912205564,0.11398090960134755,0.07558139534883734,0.060606060606060774,-0.044407894736842146,0.19378427787934194,0.07274590163934436,-0.02974290035288174,0.01939058171745156,0.04150943396226414,-0.08283397955586891
2012-04-28,0.05260671648200632,0.07855134777575667,-0.013719512195121908,0.40447504302925985,0.10114532202885607,-0.11410361842105265,-0.3821181479510378,-0.3821181479510378,-0.375,-0.35897435897435903,-0.6343121261555194,0.020280811232449292,-1.084573748308525,10.604938271604938,0.32604925424904607,0.17515120967741948,0.0318318318318318,0.02364532019704435,0.09810671256454384,0.22970903522205188,0.10792741165233988,0.04624177346726688,0.0040760869565217295,0.018115942028985588,-0.2320810914681014
2012-07-28,0.019827832401778878,0.013186139221097903,0.00638845955692946,-0.28823529411764703,0.028637039038227785,-0.011023439313065708,0.02670111972437561,0.02670111972437561,-0.48,-0.49,0.08029739776951672,0.14678899082568808,-3.852,-1.0265957446808511,-0.006539366989275486,0.10636929015655161,0.05995343422584409,0.04619826756496637,0.036050156739811934,0.007471980074719831,0.05905172413793114,0.008607846383049234,0.02435723951285529,0.021352313167259718,0.4235220519236784
2012-10-27,0.05584670160419258,0.06575363196125905,0.12665096754376992,0.20695592286501374,0.010439921208141856,0.009327701513551556,0.30369127516778516,0.30369127516778516,0.3076923076923077,0.3333333333333335,-0.7687543014452856,-0.5426666666666666,1.2033660589060307,61.96,-0.41442864665613477,-0.11416941267687541,0.07935200439319057,0.07313707451701923,0.024205748865355314,-0.14585908529048208,-0.16402116402116407,-0.04300016412276386,0.0779392338177014,-0.0034843205574913716,-0.11698527796088776
2013-02-02,0.04270071609896564,0.04614838480653183,-0.01426753907669942,-0.03537803138373752,0.0834362206771071,0.3053182214472536,0.471042471042471,0.471042471042471,0.48529411764705865,0.47058823529411753,9.842261904761905,1.5247813411078717,-0.3634627625716105,-2.127700127064803,0.798111510791367,-0.12713347921225382,0.014754515390485778,0.026575225032147376,0.09601181683899562,-0.1476121562952244,-0.21372930866601758,0.03910135482764532,0.026960784313725394,0.0,0.08450704225352101
2013-05-04,0.021729651162790686,0.01106209704784522,-0.011616115054853826,-0.01952085181898844,0.043423499070353255,-0.16920473773265654,-0.41601049868766404,-0.41601049868766404,-0.40594059405940597,-0.41000000000000003,-0.6450727422454021,0.018475750577367167,-0.42600000000000005,-1.0935211267605633,-0.04151037759439857,0.09476059162697426,-0.013035848583604848,-0.006263048016701522,0.047169811320754595,0.0,0.004953560371517174,0.02112559828354521,0.00835322195704058,-0.013986013986013957,0.031205543573034733
2013-08-03,0.034319652891386276,0.029131427037186297,0.009607312750676167,0.013273001508295579,0.049548772776915495,-0.005841998070532761,-0.06591760299625471,-0.06591760299625471,-0.06666666666666654,-0.05084745762711851,0.3225058004640371,0.09637188208616787,-0.24912891986062713,-2.831325301204819,0.07931124445603976,0.17609342798259675,-0.03657607315214617,-0.02857142857142858,0.054054054054053946,0.12224108658743638,0.13801601971657407,0.014708259253273015,-0.01183431952662728,-0.01773049645390068,0.015620132615370874
2013-11-02,-0.008768008802393146,-0.0296112705452648,0.7773466371027347,0.1414111342661506,-0.4747795607645545,0.016065556094668088,0.005613472333600544,0.005613472333600544,0.03571428571428559,0.03571428571428559,-0.6116959064327485,-0.12616339193381587,4.765661252900232,-9.769736842105264,-0.6444283297075175,0.0759345794392523,0.04271025573424736,-0.06704152249134943,-0.437118437118437,0.021180030257186067,0.05739036275040621,-0.47005415737496026,-0.06586826347305397,0.0,-0.1498115853124179
2014-02-01,-0.03846954349937559,-0.07346417529237803,-0.16768894895519282,-0.10498174230568602,0.2207507820646506,0.18581206558072894,0.6993620414673045,0.6993620414673045,0.7586206896551726,0.7413793103448276,5.426204819277109,-0.35029585798816565,0.0012072434607646176,-1.4523630907726932,0.8198504418762746,-0.006876583423814586,0.05967130214917815,-0.02735280482151148,0.2321041214750541,0.7629629629629631,0.029185867895545226,0.269311692215209,-0.024358974358974383,-0.0036101083032491488,0.03520074215327518
2014-05-03,0.06713806414372803,0.11498005077983309,0.024356732450661944,0.05566078974209532,0.1256513197232425,-0.1049711396483064,-0.351008916001877,-0.351008916001877,-0.3431372549019608,-0.3366336633663366,-0.535505038668854,0.3041894353369763,-0.969855305466238,-0.00995024875621886,0.4460216660440792,-0.034438775510204134,0.08876163206871879,-0.004766444232602307,0.12147887323943674,-0.21596638655462186,-0.037810945273631935,0.054937248401610184,-0.009198423127463995,0.0036231884057971175,0.05620830429154644
2014-08-02,0.06379310344827593,0.08210800260247231,0.03560541397390571,0.08074534161490687,0.09887691607224158,0.015397690346448112,-0.12147505422993488,-0.12147505422993488,-0.11940298507462699,-0.11940298507462699,-0.156912209889001,0.23324022346368722,-1.2133333333333334,-0.32495812395309887,0.20821493154223725,0.033591243630873846,0.07122507122507127,-0.025383141762452266,0.10518053375196224,-0.07824222936763137,0.004136504653567741,0.03299663299663291,-0.026525198938991856,0.0,0.0012255479613478837
2014-11-01,0.07023230686115611,0.07990620490620493,0.04945249028611798,0.10664112388250313,0.09460672605483045,0.0315592536064202,0.09465020576131677,0.09465020576131677,0.10169491525423746,0.0847457627118644,-0.8611609814482346,-0.04983012457531144,-0.3125,-1.7456575682382134,-0.12850117596750055,0.04235895563264558,-0.10208674304418985,-0.02751842751842748,0.09517045454545459,-0.05697674418604659,0.031410916580844495,0.022816166883963485,-0.012261580381471515,-0.014440433212996373,-0.02415140530106863
2015-01-31,0.05917985568785822,0.11051723177996764,-0.00033658700774152894,-0.005654933641084825,0.1261119172291969,0.18155784650630014,0.5518796992481203,0.5518796992481203,0.5384615384615383,0.5625,22.20258620689655,-0.15137067938021453,-9.909090909090908,-8.595673876871881,1.1199705593719331,0.16307584515676998,-0.11004784688995217,-0.0712481051035877,0.125810635538262,0.06165228113440202,0.1392910634048925,0.06309751434034405,-0.0386206896551724,-0.03296703296703296,0.11684677730605952
2015-05-02,2.0471544715447156,3.6804371803870453,4.049607182940516,0.17827298050139273,0.048067226890756265,-0.12073840685086445,-0.6632751937984496,-0.6632751937984496,-0.6599999999999999,-0.6599999999999999,-0.7588705182983466,101.68258426966293,-734.3877551020408,-0.9861993428258489,0.007290822821432785,0.16340361445783125,-0.18791602662570406,-0.4488574537540805,0.04493087557603692,0.03368176538908263,0.16739702015775637,-0.6560751398880895,-0.133428981348637,-0.36363636363636365,2.9722678185745144
2015-08-01,0.5240404077577006,-0.5153284202407986,0.3911473150782361,1.04225768321513,1.1632456703014755,0.38337850875178026,-2.4100719424460433,-2.4100719424460433,-2.352941176470588,-2.352941176470588,-2.352080123266564,-1.0829024757215155,-0.9996382457702583,67.58730158730158,0.49643841911764697,0.017346278317152075,-0.5778688524590164,-0.6426456071076012,0.90077177508269,-0.026966292134831482,0.14789789789789776,0.41952353282974997,-0.4718543046357616,-0.3214285714285715,-0.7626742643380674
2015-10-31,0.008083259382678065,0.022830242889031238,0.0030915234740096498,0.042396180002894024,0.0235235977267112,0.6422688629117959,-1.8357142857142859,-1.8357142857142859,-1.7608695652173911,-1.7608695652173911,-0.9726495726495726,-1.2832865863718859,-8.461538461538462,-1.452672992362879,-0.15017274472168907,-0.09988548161343691,-0.34503360716952947,-0.3977900552486189,0.023201856148491906,-0.5265588914549655,0.5219097449313277,0.015554645927138733,-0.35423197492163006,-0.07017543859649111,-0.018786656891495612
2016-01-30,-0.04777531588717887,-0.14954624027657737,-0.08461550713557597,-0.030446048491578726,0.06390323982424806,0.08495106365768823,1.796092796092796,1.796092796092796,1.7714285714285714,1.7428571428571429,-174.20833333333334,-0.40710541642399534,55.70103092783505,0.8957055214723926,-0.334989610624266,0.012864009047215408,-0.10946408209806158,-0.13761467889908252,0.06235827664399074,-0.009756097560975618,0.25161151697464557,0.11688835147118115,-0.11650485436893199,-0.028301886792452824,-0.1228168487905108
2016-04-30,0.010043267174804527,0.06001168728880302,-0.00896096326005058,-0.02209601985301135,0.05961106446708575,-0.05209401151846127,0.01615720524017461,0.01615720524017461,0.020618556701030855,0.02083333333333326,-0.625932162617272,-0.08840864440078589,-0.9774545454545455,-1.522114347357066,0.26300774351310974,0.09030006978367067,0.32138284250960303,0.4521276595744681,0.05709711846318033,0.027093596059113434,0.1270386266094421,0.04907975460122693,0.3296703296703296,0.09708737864077666,0.08395442930153307
2016-07-30,0.016717618564339398,0.06646532921070913,0.007128246995514065,0.06388170416280325,0.04011050197019017,-0.017598018010932415,-0.26858616244091105,-0.26858616244091105,-0.2727272727272727,-0.26530612244897955,0.18745980707395504,0.9353448275862069,0.092741935483871,-0.15547520661157022,0.17586318167150683,0.0910138248847927,0.5310077519379846,0.6080586080586081,0.039878849066128375,0.031175059952038398,-0.2906321401370907,0.02304781561747493,0.4462809917355375,0.1150442477876108,0.0024065615637738347
2016-10-29,-0.008230553480225833,-0.024048186272306427,-0.02834604488995429,-0.021009174311926615,0.03928431715703429,0.0010607849808859093,0.008225616921269108,0.008225616921269108,0.01388888888888884,0.0,-1.0676956404007583,-0.4660356347438753,7.785977859778598,-3.1981651376146787,-0.32875960482985733,0.022527279127067867,0.07151898734177209,0.13439635535307515,0.03786407766990285,-0.016279069767441756,-0.37835516426884264,0.048083389374579566,0.12285714285714278,0.007936507936507908,-0.0030867221950023893
2017-01-28,-0.030466193269527597,-0.09312822402358145,-0.07492397262117279,-0.013260238028301008,0.06771400836024322,0.12673944337811904,0.8747086247086246,0.8747086247086246,0.8630136986301371,0.8888888888888891,-41.72,0.20229405630865482,2.236035279294414,-1.3689482470784642,0.18070318887980386,-0.059323006310958104,0.06083874778499698,0.12048192771084354,0.06688493919550975,-0.09456264775413714,-0.1623488773747841,0.101058710298364,0.10178117048346036,0.015748031496062964,-0.0809455939450533
2017-04-29,0.018666887450960346,0.08636363636363642,0.0071372465356231984,0.0639631511467782,0.04072734019853419,-0.06182237600922724,-0.3767485234690706,-0.3767485234690706,-0.3750000000000001,-0.3750000000000001,-0.5769155206286837,-0.06244579358196012,-0.9563919532770928,1.1757164404223226,0.33298707294552177,-0.047938521590631944,-0.0796213808463252,-0.03584229390681004,0.03901797457255585,-0.10704960835509136,-0.1484536082474227,0.021853146853146876,-0.04618937644341792,0.007751937984496138,0.021069518716577473
2017-07-29,-0.02890957629714841,-0.10820223931184403,-0.06870986067381113,-0.06957957689904493,0.044785166696380774,-0.0011159236632558578,0.1660847880299252,0.1660847880299252,0.16470588235294126,0.15294117647058814,-0.4323194799164152,0.49398704902867707,15.235119047619047,-2.6,-0.399688284699974,-0.044714926329276095,0.024803387779794184,0.08736059479553915,0.04388185654008425,-0.07894736842105265,-0.010653753026634294,0.07584830339321358,0.05811138014527839,0.030769230769230882,-0.04153137111134386
2017-10-28,0.012741190937594515,0.04125602851750898,-0.006037985546055169,-0.02148990262387873,0.043735708678884766,0.006703022040445372,0.026090675791274665,0.026090675791274665,0.02020202020202011,0.030612244897959107,-1.3378323108384458,0.08916408668730647,-0.9367552703941339,-0.3648180242634316,-0.42290494735323814,0.1056866952789699,0.023612750885478206,0.08205128205128198,0.04284559417946654,0.05714285714285716,0.03181595692608896,0.030479724357275195,0.059496567505720854,0.02238805970149249,0.06409485820446958
2018-02-03,0.03830847668815407,0.15196596687308062,-0.048181241353485116,0.40158831315260546,0.17424997956347577,0.19636609863446575,3.335556481867445,3.335556481867445,3.336633663366337,3.316831683168317,-12.108958837772397,0.03695281409891993,0.09855072463768111,-3.379604365620737,1.743814046488378,0.25509461426491997,0.5968858131487889,0.7030015797788312,0.1728682170542637,0.20420420420420404,0.1688804554079697,0.13091563786008242,0.6652267818574513,0.021897810218977964,-0.1780835986443463
2018-05-05,-0.030962235501567403,-0.11675370932849682,-0.07421452379651383,-0.32943933405617154,0.024142684098408695,-0.12685910134264067,-0.8456879146235938,-0.8456879146235938,-0.8447488584474886,-0.8463302752293578,-0.5775937227550131,-0.007127192982456121,20.868073878627968,-1.8923606134441737,-0.5671342685370742,-0.046680197158596726,-0.0877573131094257,-0.020408163265306145,0.022471910112359605,-0.18703241895261846,-0.44399350649350655,0.05708437571071179,-0.035019455252918386,0.014285714285714235,0.3171935524178431
2018-08-04,0.017470035571898856,0.05710044532409708,-0.001806076917628685,-0.005111621114124776,0.039669915847573956,-0.005059689936438794,0.7065420560747664,0.7065420560747664,0.6911764705882351,0.716417910447761,-0.016511867905056765,0.17945886250690224,-1.0061534749034748,-1.276421458400257,0.36216329966329974,-0.09945255474452552,-0.0407759303246239,0.015151515151515138,0.039107950872656616,-0.11963190184049066,-0.07664233576642332,0.021729776247848553,0.012096774193548487,0.0,0.06251482236873307
2018-11-03,0.033886832757892726,0.1115661861074706,0.029576282210475258,0.11969172695816299,0.03865315462569474,0.002388880845519026,0.028842643300474702,0.028842643300474702,0.026086956521739202,0.026086956521739202,-0.25996852046169994,0.05196629213483139,-0.3921568627450981,-0.6455549099360837,0.09423760234821565,-0.01564786671169649,-0.03755674783326457,0.009328358208955168,0.03825816485225508,-0.05226480836236935,-0.03873517786561265,0.004632554221941643,0.014608233731739473,0.0,-0.00723182000803535
2019-02-02,-0.18908302451154102,-0.09605221602273928,-0.09739036548666469,-0.018729222269045276,-0.28958467097229046,0.120314869646855,-9.18665720369056,-9.18665720369056,-9.203389830508474,-9.203389830508474,1.5349166962070186,-0.12194036493101912,-252.38709677419354,-5.288524590163934,-0.36933502753070735,0.03350869167429105,-1.9545454545454546,-1.9473197781885396,-0.29029358897543445,-0.003676470588235392,0.009868421052631415,-0.12387340180255724,0.0,0.035211267605633756,-0.07882548675749812
2019-05-04,0.4335244274583001,-0.010993874176041696,0.7304506063652443,0.8987927661401918,0.02002516436584023,-0.06389802101463293,-1.1161248374512354,-1.1161248374512354,-1.1167355371900827,-1.115702479338843,-0.14123898755418818,-0.024835276229092762,-0.8492236622610034,-2.16131498470948,0.680098500111932,0.14175058094500392,-0.012578616352201255,-0.11804878048780487,0.022794428028704017,0.6088560885608858,0.0,-0.2885167464114833,0.0,-0.04081632653061229,-0.4791564971199844
