Quarter end,Assets,Current Assets,Liabilities,Current Liabilities,Shareholders equity,Revenue,Earnings,Earnings available for common stockholders,EPS basic,EPS diluted,Cash from operating activities,Cash from investing activities,Cash from financing activities,Cash change during period,Cash at end of period,Price,ROE,ROA,Book value of equity per share,P/B ratio,P/E ratio,Cumulative dividends per share,Equity to assets ratio,Net margin,Asset turnover,Current ratio
1993-12-31,0.07883827636548757,0.06169146303695716,0.12156707096094399,0.18353988480368,0.03445507774934309,0.11825298541118534,0.2317666126418152,0.2317666126418152,0.2432432432432432,0.125,1.336169360892848,-0.3168094183008697,-0.7885657827979385,-5.356627296587926,-0.09571851475554238,0.16098226466575705,0.04403409090909083,-0.34328358208955223,0.03421052631578947,0.0988023952095809,0.0652173913043479,inf,-0.04118246687054028,0.027439024390243816,0.026315789473684292,-0.10292081492714444
1994-03-31,0.07883827636548757,0.06169146303695716,0.12156707096094399,0.18353988480368,0.03445507774934309,0.11825298541118534,0.2317666126418152,0.2317666126418152,0.2432432432432432,0.125,1.336169360892848,-0.3168094183008697,-0.7885657827979385,-5.356627296587926,-0.09571851475554238,0.16098226466575705,0.04403409090909083,-0.34328358208955223,0.03421052631578947,0.0988023952095809,0.0652173913043479,inf,-0.04118246687054028,0.027439024390243816,0.026315789473684292,-0.10292081492714444
1994-06-30,0.05723732756944777,0.08545769329790787,0.06217280715428797,0.07819940834947658,0.051679041043225515,0.11825298541118534,0.2317666126418152,0.2317666126418152,0.2432432432432432,0.125,1.336169360892848,-0.3168094183008697,-0.7885657827979385,-5.356627296587926,0.4611644584903367,0.16098226466575705,0.04403409090909083,-0.34328358208955223,0.05343511450381677,0.0988023952095809,0.0652173913043479,1.0,-0.005103125664469466,0.027439024390243816,0.026315789473684292,0.006688225782742752
1994-09-30,0.03598726476719061,0.054135209828553466,0.026862388661673675,0.03333473631045081,0.04564030394468821,0.056795297054090366,1.8009725400457666,1.8009725400457666,1.793478260869565,0.125,-0.1680948606439726,-0.33497507139745386,-1.8124526395554432,-0.6293395587017094,0.11698575112600573,0.16098226466575705,0.04403409090909083,-0.34328358208955223,0.04347826086956541,0.0988023952095809,0.0652173913043479,0.5,0.009189997862791177,0.027439024390243816,0.026315789473684292,0.020150397897349848
1994-12-31,-0.012031378154861105,0.0,-0.027772551289937386,0.0,0.006237331840603932,0.04276911564169206,-1.2690781097880626,-1.2690781097880626,-1.2684824902723735,0.125,0.0,0.0,0.0,0.0,0.0,0.16098226466575705,0.04403409090909083,-0.34328358208955223,0.016203703703703498,0.0988023952095809,0.0652173913043479,0.33333333333333326,0.01842439644218552,0.027439024390243816,0.026315789473684292,0.0
1995-03-31,0.038455315924519784,0.08091467175101053,0.022108751760828715,0.01481736996456351,0.056097298914806304,0.018196014853403053,-2.513017736507856,-2.513017736507856,-2.536231884057971,0.125,-0.056254426060645124,-0.07857337821854249,1.188248095756257,-1.5582080455099554,-0.09769020438127052,0.16098226466575705,0.04403409090909083,-0.34328358208955223,0.056947608200455635,0.0988023952095809,0.0652173913043479,0.29166666666666674,0.01705136202952784,0.027439024390243816,0.026315789473684292,0.065125599370214
1995-06-30,0.08080914715588405,0.08177836509005343,0.0969696142152312,0.12476905652141745,0.06392931985958294,0.11009461100138274,0.3192862756902288,0.3192862756902288,0.31132075471698095,0.125,-0.5056619733682601,1.142682228410056,-3.4188747602472116,-0.2420382165605095,-0.04912214505535972,0.16098226466575705,0.07392290249433109,-0.34328358208955223,0.0625,0.0988023952095809,0.0652173913043479,0.22580645161290325,-0.015538744632999424,0.05934718100890213,0.025641025641025772,-0.03823153934018675
1995-09-30,0.10053463280300345,0.02386318575204749,0.14728002223946435,0.1909064753977705,0.050192142703939346,-0.014365658261650927,-0.09815950920245398,-0.09815950920245398,-0.5467625899280575,0.125,1.7907432451080507,1.1468400630420557,1.1201597627053936,-4.018487394957983,0.15590937837134033,0.14101057579318454,-0.33741554054054057,-0.34328358208955223,0.04868154158215021,0.07356948228882842,0.017006802721088565,0.1578947368421053,-0.04569055036344749,-0.33333333333333337,-0.018750000000000044,-0.14028224116249832
1995-12-31,0.04260948441354828,0.053353268809349874,0.04079282657298444,0.01227031779786003,0.044746805228048414,0.07971596812559723,-0.03761173891044023,-0.03761173891044023,-0.04761904761904767,0.125,-0.08100517222623294,-1.155845103679217,-1.6895868684420128,1.3592904867960547,0.305548403707518,-0.022657054582904235,0.5513065646908859,0.53475935828877,0.042553191489361764,-0.06852791878172593,0.4013377926421404,0.20454545454545459,0.001958650707290399,0.5609243697478992,-0.019108280254777066,0.04063058670567199
1996-03-31,0.021391625675800885,0.008187905015967667,-0.00010702285354891039,0.0073373313093694215,0.04658933001875032,-0.009482270789789471,0.13542762004907116,0.13542762004907116,0.13333333333333353,0.125,0.16852118890299805,-3.6746370623398805,-0.7346684611212663,-1.5031522875155927,-0.12263143190520798,0.13487881981032657,0.012736236647493904,0.005226480836237002,0.048237476808905555,0.0899182561307903,-0.301909307875895,0.13207547169811318,0.024761077324066072,0.024226110363391617,-0.012987012987012991,0.0008589723567078433
1996-06-30,-0.0017575389314883338,0.0014129171580590238,-0.052345337161547434,-0.0717213095936653,0.05488892555397129,0.023962628305116862,0.13007910476557982,0.13007910476557982,0.1470588235294117,0.125,-0.4748862652643987,-0.888919787418119,0.6788553259141494,-1.126172607879925,0.017635379399479234,0.1262766945218199,-0.017849898580121648,-0.0077989601386481144,0.05309734513274322,0.07250000000000001,0.06153846153846154,0.1166666666666667,0.05659177617634592,0.01182654402102501,-0.019736842105263164,0.07872357025825072
1996-09-30,0.005134414257488729,0.009492968992591999,-0.033363232383091135,-0.06573011922332705,0.04386058751791855,-0.013713782082286574,0.642684786815088,0.642684786815088,0.6282051282051282,0.125,1.6131182041388987,-0.48548910523875755,1.8253291847041848,8.634625597450876,0.16696577302888915,-0.07749381698268765,0.1833952912019825,0.21921397379912655,0.05714285714285716,-0.12354312354312358,-0.10681696188942558,0.13432835820895517,0.03851554663991985,0.21558441558441555,0.0,0.08057283379140734
1996-12-31,0.09532513096131967,0.0,0.1408883395663234,0.0,0.05288218585167237,0.03429008468497741,-0.4436299134580074,-0.4436299134580074,-0.4330708661417323,0.125,0.0,0.0,0.0,0.0,0.0,0.14387846291331563,-0.017452006980802848,0.0014326647564470996,0.050874403815580393,0.08244680851063846,-0.07572115384615385,0.10526315789473673,-0.03863241259416661,0.022435897435897356,-0.020134228187919434,0.0
1997-03-31,-0.01127521773888307,0.014963137893055256,-0.030153437309633158,0.1690372298240952,0.007780074283263216,-0.033734674329501946,-0.0223794164165535,-0.0223794164165535,-0.02777777777777779,0.125,-0.4538120805369128,18.26761578662822,-0.5127644462887742,-5.772847536104068,-0.10593932128802275,0.007421874999999911,-0.035523978685612634,-0.0193133047210301,0.01210287443267788,-0.04176904176904184,-0.027958387516255012,0.1071428571428572,0.019288728149487566,0.0,-0.020547945205479423,-0.13179384203480593
1997-06-30,0.056167869745792354,0.10020418338517056,0.08034299389372124,0.10180739533093308,0.03268449263401618,0.1439658359941356,0.5912738853503186,0.5912738853503186,0.6000000000000003,0.125,-0.37607824826128633,-0.07580717572673878,-2.1401687003521417,-1.2492002448347943,0.19033925515586692,0.12214036448235754,0.05893186003683226,0.05762217359591526,0.041853512705530616,0.11025641025641031,0.1157190635451506,0.08602150537634401,-0.02227478809382999,0.060606060606060774,0.0,-0.0014648061059285844
1997-09-30,0.037979259494335116,0.02050531150212964,0.027581050357282866,0.02952129015074667,0.048546081495805415,0.008434061720382191,-0.1853980706880679,-0.1853980706880679,-0.1875,0.125,2.28810855522294,0.14637034338282184,-1.4741355781247756,-0.04175549170451387,0.1532265235949728,0.1644782308223911,-0.13043478260869557,-0.13724137931034486,0.04878048780487809,0.11778290993071594,0.06055155875299767,0.0990099009900991,0.010080645161290258,-0.13103448275862073,-0.006993006993006978,-0.008801729462631136
1997-12-31,0.010152925708149851,0.0,-0.0278055734683339,0.0,0.04795567984271898,0.049302939478098384,-0.014701835763984428,-0.014701835763984428,-0.4945054945054945,0.125,0.0,0.0,0.0,0.0,0.0,0.021958456973293572,0.016799999999999926,0.027977617905675434,0.045143638850889234,-0.02685950413223137,0.128886376483889,0.08108108108108092,0.0375249500998005,0.01133786848072571,0.014084507042253502,0.0
1998-03-31,0.03681742681365563,0.0017004073763100536,0.031644789509129856,-0.00325377877498223,0.04159642260082275,-0.059401205450733796,-0.10238380211450226,-0.10238380211450226,-0.13043478260869568,0.125,-0.49792461532011234,0.36122146300121827,-2.5714415560807127,-1.8946655704405861,-0.31704589997493915,0.04790940766550533,-0.014162077104642012,-0.0062208398133747345,0.041884816753926746,0.002123142250530785,-0.009514271407110586,0.07500000000000018,0.00461716044632543,-0.0033632286995515237,0.0,0.004985200186945038
1998-06-30,0.12837495446110503,0.03267510418581088,0.21971341594472538,0.003337298678618872,0.0447936737473702,0.07533014564019691,0.11177287627090404,0.11177287627090404,0.125,0.125,-0.06917983895019386,1.7569053965536252,5.566198160680202,-0.6488999405373264,-0.06112041549839109,0.013854253255749516,-0.1005586592178771,-0.10798122065727689,0.04396984924623126,-0.025423728813559365,-0.013650151668351818,0.07751937984496116,-0.07410953657602448,-0.07536557930258725,-0.03472222222222221,0.029220275926213013
1998-09-30,0.0035760138972162903,0.008609856843092567,-0.0250304720106882,-0.04317510604951291,0.03413557462494565,-0.003152763282857296,-0.0607871749255402,-0.0607871749255402,-0.06666666666666676,-0.06666666666666676,1.2265655038064236,-0.8123573831423934,-1.2978074927547723,0.1484218629715166,-0.07474996492493935,-0.16889860617655106,-0.05944986690328302,-0.06052631578947376,0.03730445246690728,-0.20434782608695645,-0.11686314710404921,0.07194244604316546,0.030403309203722806,-0.03284671532846706,-0.028776978417266008,0.05414564349725115
1998-12-31,-0.05739720577347707,0.0,-0.11110742837788778,0.0,-0.0033027055897718594,-0.7053621103740783,0.009066530455880573,0.009066530455880573,0.04761904761904767,0.023809523809523725,0.0,0.0,0.0,0.0,0.0,0.04932587964485369,-0.04150943396226414,-0.03828197945845013,0.026682134570765736,0.010928961748633892,0.07080673244341251,0.0738255033557047,0.057406663990365425,0.19748427672955993,-0.19999999999999996,0.0
1999-03-31,0.10140474559972823,0.0844855233587476,0.03612111918489491,-0.12280572928183708,0.16004372845238124,1.6732540894581018,5.255357293512191,5.255357293512191,5.204545454545454,5.325581395348838,-0.7888102227594543,-10.1512818905535,2.3865160119892725,-57.73253787370961,4.631527072254054,0.04982764023816988,1.1983267716535435,1.237864077669903,0.17401129943502847,0.024324324324324298,0.06829268292682933,0.06874999999999987,0.053340926347759776,1.4390756302521006,-0.08333333333333337,0.23631947421060162
1999-06-30,-0.03474156710509557,-0.12728163200691267,-0.0047531756251441015,-0.008039123544329785,-0.05880023043168947,0.11146629818871778,-0.8426894689104758,-0.8426894689104758,-0.8388278388278388,-0.8382352941176471,1.483047151812483,-1.487607404322476,-0.9289349412182581,-1.6835015880217785,-0.5562851241099969,0.08776119402985061,-0.03604208641146189,-0.009110629067245246,-0.03657362848893175,-0.07387862796833777,-0.5403348554033485,0.0584795321637428,-0.02504955847900503,0.03531438415159349,-0.04040404040404044,-0.12018952964289842
1999-09-30,0.019187288965623273,0.019307186059826176,0.09169817908773026,0.1463439660984116,-0.04232622655852325,0.06743146077840145,0.30248633586968166,0.30248633586968166,0.3181818181818181,0.3181818181818181,0.4576797690526109,-0.2986654679290872,-3.488795116555369,-0.8061168042705611,-0.2430712681941518,0.08424807903402853,0.021365536460752566,0.02626970227670755,-0.01998001998001986,0.1253561253561255,0.08719646799116987,0.0662983425414363,-0.06025878003696872,0.05449251247920128,-0.03157894736842093,-0.11086299750426909
1999-12-31,0.05130530914346121,0.0,0.08329568267246712,0.0,0.020368778083519112,0.08496337777947738,-0.004492533015180822,-0.004492533015180822,0.051724137931034475,0.034482758620689724,0.0,0.0,0.0,0.0,0.0,0.07795494811440151,0.013187812642109886,-0.0038395904436859807,0.024464831804281273,0.09873417721518973,0.03654822335025387,0.05699481865284972,-0.029504327301337452,-0.17593688362919135,0.21739130434782616,0.0
2000-03-31,0.06568972443936749,0.08778245537283902,0.08073824374732474,0.23066067251804445,0.05023945974898414,0.0024024981494594755,-0.030333336088404717,-0.030333336088404717,-0.049180327868852514,-0.050000000000000044,-0.8784102289926882,-0.2881550799996795,6.437373454707074,-0.6939441492207283,-0.30781432530865616,-0.004226344212256539,-0.5078545780969479,-0.5241970021413276,0.04975124378109452,-0.027649769585253448,-0.04309500489715978,0.05882352941176472,-0.014389947304418338,-0.5414073719483006,0.03571428571428559,-0.11604372876348046
2000-06-30,0.03604515273088804,0.04973994783051272,0.028713402623305573,0.028539538323600455,0.043791233066595936,0.10227662327387166,0.1654804422131113,0.1654804422131113,0.15517241379310365,0.17543859649122817,6.3760450857744475,-0.36272264273052135,-0.978754484709382,-1.8644176426032746,0.1227383660806618,0.11553878802169315,0.07660738714090298,0.05040504050405037,0.04360189573459716,0.06161137440758302,1.2108495394063463,0.05092592592592582,0.007402837754472591,0.030271398747390377,0.01724137931034475,0.0205565304587616
2000-09-30,0.050248723939005036,0.08892308841171892,0.06401809260211788,0.10284898176064794,0.0359113661308299,0.008139147078868314,-0.04290112847666616,-0.04290112847666616,-0.02985074626865669,-0.04477611940298509,0.7066943182676888,0.2862567444653439,0.666944473382644,4.0653141008358045,0.5537428800907811,-0.024941872754174588,-0.018212621770436255,-0.03084832904884316,0.03542234332425065,-0.0647321428571429,-0.11759259259259269,0.05726872246696035,-0.013676260461318646,-0.027355623100303927,0.0,-0.012609514451813686
2000-12-31,0.02103614344675009,-0.05149959722845465,-0.010329475412722666,-0.05944425767488071,0.05458172854522303,-0.007765630146581826,0.02923578900715995,0.02923578900715995,0.01538461538461533,0.03125,0.0,0.0,0.0,0.0,0.0,-0.11532625189681334,-0.018119068162208873,-0.014146772767462457,0.05350877192982462,-0.14558472553699287,-0.1364113326337879,0.054166666666666696,0.0329056291390728,0.002083333333333215,-0.016949152542372947,0.008458412803715065
2001-03-31,0.005521537101736751,0.01624268995124356,0.004381481476947391,-0.20764217499921955,0.006665779261337379,-0.09576367990444212,-0.4128425382165368,-0.4128425382165368,-0.40909090909090906,-0.40909090909090906,-0.5272176278724252,-0.005341315556409931,1.3214799075057808,-1.1547725185963884,-0.19487811818268042,-0.06493506493506507,-0.10456942003514935,-0.09865470852017932,0.006661115736885881,-0.11173184357541899,-0.08748481166464162,0.04743083003952564,0.0012021638950110436,-0.07276507276507271,-0.025862068965517238,0.2825425540662776
2001-06-30,0.01727399652946615,0.04236171401821753,-0.003986953119476944,-0.019581433983019036,0.03856459914152621,-0.08736305311791615,0.8119262574918442,0.8119262574918442,0.7948717948717947,0.7948717948717947,0.8241451790805603,-2.135430255592598,-5.025790125450923,-17.358180723927436,1.1207176853117193,0.008123689727463468,-0.01962708537782143,-0.00995024875621886,0.03970223325062028,0.0,0.08521970705725712,0.049056603773584895,0.020812487492495535,0.060538116591928315,-0.07079646017699104,0.06315317048150271
2001-09-30,-0.03517095278452609,-0.09269755727939444,-0.06700564764334793,-0.14999979496011973,-0.00459799203646738,-0.0439313069956867,-0.9818071431562199,-0.9818071431562199,-0.9857142857142858,-0.9857142857142858,-0.17321909368867794,-1.3657264437689969,0.4913870350804457,-1.7266243390692835,-0.38399300058328467,-0.15128671692227713,-0.2792792792792793,-0.264321608040201,-0.0015910898965790787,-0.1823899371069182,-0.16196319018404914,0.04676258992805771,0.031758478729660755,-0.2167019027484144,-0.05714285714285716,0.0674225063321674
2001-12-31,-0.04678857240381418,-0.09784869801092877,-0.08942800442286936,-0.20958737302003894,-0.00840647345683554,-0.09512619493382968,8.031837360951284,8.031837360951284,11.0,11.0,0.0,0.0,0.0,-0.7277086995204305,-0.20703306414886757,0.03705972434915772,-0.3145833333333333,-0.2978142076502732,-0.009561752988047845,0.03846153846153855,0.4084919472913615,0.04810996563573866,0.04028120843625316,-0.2483130904183536,-0.07070707070707061,0.1413559322033897
2002-03-31,-0.06518162392698101,0.008382237777111667,-0.008532345367445404,0.02195268143037299,-0.11200818879961771,0.025307511441577946,-11.529729041026076,-11.529729041026076,-11.166666666666666,-11.166666666666666,-1.31412052049842,0.11635251487650011,-1.4800089676045287,-0.7285888853469344,-0.0580956984050266,0.1458948611931481,-1.3232016210739614,-1.3268482490272373,-0.11263073209975871,0.15555555555555545,0.652806652806653,0.04590163934426239,-0.05022831050228305,0.0,-0.021739130434782594,-0.013266013266013288
2002-06-30,0.003192535579861877,-0.013018935762224348,-0.03950325755378126,-0.12404408268968437,0.042597649877309074,0.08636225013169208,-1.2226448274332178,-1.2226448274332178,-1.221311475409836,-1.221311475409836,-3.871419785626428,-0.5839462791459455,-2.4571524651110654,3.7926984437701865,-0.29720250169033136,-0.046907216494845416,1.169278996865204,1.1964285714285716,0.04351767905711701,0.07371794871794868,0.0,0.04075235109717856,0.03942307692307678,0.0,0.03333333333333344,0.1267683355071738
2002-09-30,0.011557804779379177,0.05039360708747753,0.013938223879821798,0.03548840190369695,0.009533853346108678,-0.019192418188181737,0.022481476784840915,0.022481476784840915,0.03703703703703698,0.03703703703703698,-0.05738545092939651,-0.10235121497333854,-0.7673500262830621,-2.1827148896195396,0.4974703007292749,-0.19686316928069225,-0.3092485549132947,-0.3062330623306233,0.011294526498696777,-0.22985074626865676,0.0,0.04216867469879526,-0.0020351526364477124,0.0,0.021505376344086002,0.014380481723876848
2002-12-31,0.0163872206981428,-0.04166001955983434,0.01581080147013858,-0.08217200862861407,0.01687945936810209,-0.07026331318331558,-0.7337266574536693,-0.7337266574536693,-0.75,-0.75,0.5133330087317818,1.5469042777977116,0.5173316433373747,0.6744137859584902,0.6890168702066759,-0.06161616161616157,0.08786610878661083,0.08593749999999978,0.015463917525773141,-0.0736434108527132,0.0,0.040462427745664886,0.0003707823507601571,0.0,0.010526315789473717,0.04415379213483139
2003-03-31,0.00973884393623714,0.029585627511684143,0.0014216046705393115,-0.015131905564053083,0.01683396509596702,0.027293762525175236,2.9570829729190233,2.9570829729190233,3.1428571428571423,3.1428571428571423,-0.7427138911976834,-0.4504101183394903,-0.5362558338024588,-1.002629625046405,-0.0008660272781612077,-0.026193039110154248,-2.503846153846154,-2.5215827338129495,0.016920473773265554,-0.03765690376569053,0.0,0.03611111111111098,0.007042253521126751,-0.20466786355475763,-0.01041666666666663,0.045397225725094525
2003-06-30,0.0270691425255547,0.04964986462056853,0.006751346505245781,0.03770877282952023,0.044138773371269924,0.0938195666049162,0.22380656118107978,0.22380656118107978,0.24137931034482762,0.24137931034482762,1.2471029595664862,0.0687553403588721,1.2097348944668522,-48.568627450980394,0.04123143650596717,0.07700810611643338,0.07161125319693085,0.07801418439716312,0.04409317803660584,0.0565217391304349,0.010062893081761004,0.03753351206434319,0.01674641148325362,0.08803611738148986,0.0,0.011499798954563767
2003-09-30,0.07081965959174119,0.1618146800244893,0.1303039558101402,0.39031975009652164,0.022634438440077842,0.02626089756533201,0.15902502026627818,0.15902502026627818,0.16666666666666674,0.13888888888888884,-0.30834013504489133,-0.22231105425860787,-1.4200425305688464,5.026298433635614,0.32010655419279654,0.16250427642832688,0.10859188544152731,0.10087719298245612,0.023107569721115384,0.11522633744855959,0.057907845579078465,0.03875968992248047,-0.04506787330316753,0.11618257261410792,-0.021052631578947323,-0.16433455239306738
2003-12-31,0.041796018093303466,-0.111497538128978,0.02716945144307914,-0.08026840622443931,0.05489171927975667,-0.04004274785870676,-0.09525220793076883,-0.09525220793076883,-0.09523809523809523,-0.04878048780487798,3.8717749289277474,10.883489822493317,-2.6882673079357042,-1.456586273410033,-0.08407953924412492,0.1135962330782816,0.22174381054897752,0.21912350597609542,0.051401869158878455,0.08856088560885622,-0.014420247204237624,0.03731343283582089,0.012509476876421566,0.23420074349442377,-0.010752688172043001,-0.033964418228522364
2004-03-31,0.024164392826143466,0.07788650764473082,0.036354268215924135,0.06667757281777242,0.013537168694312873,0.12174425733357541,0.08899371069182394,0.08899371069182394,0.07894736842105265,0.0512820512820511,-0.6246497365798875,-0.9396425440620098,0.6311317689981757,-2.5626198465963563,0.1408125190683056,0.06421775898520088,0.04581497797356815,0.03921568627450989,0.01333333333333342,0.010169491525423568,-0.17079725291131687,0.03597122302158273,-0.010295769374766173,0.030120481927710774,0.010869565217391353,0.010488477447311295
2004-06-30,0.022423611673766608,0.045334759156584026,0.016067347670930765,0.067034402401982,0.028089800737391535,0.11106102802685158,0.3507556068919049,0.3507556068919049,0.3414634146341464,0.3170731707317074,-0.30608518377284333,3.1877597821413213,-0.35267262114503695,-1.99392184683821,-0.12268154203340331,-0.027563943382170497,0.09267059814658807,0.08176100628930816,0.0277777777777779,-0.04026845637583898,-0.10190853438962899,0.0347222222222221,0.005485152260261028,0.06578947368421062,0.010752688172043001,-0.02032064714195192
2004-09-30,0.02685378010884154,0.011664105991787244,0.018181189933204278,0.026667451239898998,0.03449441422199584,0.04624590686487573,0.07126060001425216,0.07126060001425216,0.07272727272727253,0.09259259259259256,0.5480158520475562,1.2132817669473157,-0.22542778027595678,0.23566178598298504,-0.17279118199279198,0.009193054136874546,0.06630686198920577,0.07122093023255816,0.03413940256045511,-0.01748251748251739,-0.09462710505212524,0.033557046979865834,0.007524454477050524,0.03840877914951979,0.03191489361702127,-0.014623955431754876
2004-12-31,0.04929581419632356,0.019707882061947624,0.042868638972007655,0.2740519138364863,0.05486892449899616,-0.015939664699251344,-0.19248486662675446,-0.19248486662675446,-0.18644067796610164,-0.18644067796610164,0.5017442535209344,0.14567815961608832,-2.200928868247372,-1.795637987291774,0.16619652168808674,-0.015182186234817818,0.019522776572667988,0.020352781546811416,0.05295735900962861,-0.0462633451957295,-0.10673162090345423,0.03463203463203457,0.00522778192681117,-0.006605019815059454,0.030927835051546504,-0.19964664310954072
2005-03-31,0.036945854055960625,0.07301807905032076,0.07243920602865828,0.12904948170174113,0.006519100055728755,0.019602076027177562,0.010492714822633031,0.010492714822633031,0.0,0.0,-0.7897780222477805,-0.4271162801160776,2.765723590474252,0.06398759884622174,0.15163056548268217,0.014388489208633004,0.004964539007092261,0.0026595744680850686,0.00653167864141091,-0.03731343283582089,-0.031234506693108677,0.03347280334728042,-0.029346210995542465,-0.0013297872340426453,0.0,-0.04963733837906026
2005-06-30,-0.01226287741151777,-0.006555893281639857,-0.03565754719909542,-0.06831904603896632,0.009105728456683782,0.09347675761921392,0.7649438522836123,0.7649438522836123,0.7708333333333333,0.7708333333333333,3.014618112620016,-1.3293673232180443,-2.4647856872601484,-1.2118065801121274,-0.02952431828667168,-0.07598784194528874,0.11432604093154564,0.11538461538461542,0.014925373134328401,-0.08139534883720934,-0.1069600818833163,0.0323886639676112,0.021622655951014425,0.10252996005326231,0.010000000000000009,0.0662994425272101
2005-09-30,0.1470322154671797,-0.03166670157360474,0.27910501796249965,0.09838471083940359,0.03174868259714936,-0.013713604104803823,-0.29169000178982796,-0.29169000178982796,-0.2823529411764706,-0.2941176470588235,-0.2378805507077758,-23.409427978731014,-4.305950184501845,5.549586417065738,-0.1912297864993957,0.06578947368421062,-0.019632678910703083,-0.04756242568370972,0.031329923273657245,0.05063291139240511,-0.07163323782234954,0.033333333333333215,-0.10039333208466006,-0.01449275362318836,-0.02970297029702973,-0.11837928673678966
2005-12-31,-0.03405877767074539,-0.10963647817219813,-0.08288196227371125,-0.2293025544726729,0.01877507333630546,-0.051608184515049005,-0.05341538963156178,-0.05341538963156178,-0.06557377049180335,-0.050000000000000044,0.0,0.0,0.0,0.401478290925527,-0.4086473911187284,0.01671810699588483,0.02131782945736438,0.006242197253433224,0.015499070055796649,-0.016064257028112428,0.012345679012345734,0.032258064516129226,0.054549240058296755,0.02818627450980382,-0.020408163265306145,0.1552417931521355
2006-03-31,0.027546191772685802,0.10788162506167986,-0.012092150815675273,-0.03136931096339901,0.06616052809967066,0.12567058339321435,0.7552162718403128,0.7552162718403128,0.7543859649122808,0.736842105263158,-0.21543017478390547,-1.111898015490052,-1.164204093591729,-1.9427349130162583,0.5189484697881246,0.13635213761699982,0.17014547754585707,0.17245657568238215,0.06288156288156288,0.1183673469387756,0.09573170731707314,0.03125,0.03770977295162892,0.16567342073897495,0.01041666666666674,0.1437912490833535
2006-06-30,0.015708842666388723,-0.07618002175332139,0.007508688357600768,-0.09465473414747383,0.023110840423392176,-0.007771095241919879,-0.6471976372235414,-0.6471976372235414,-0.65,-0.6464646464646464,0.8987730614009801,-2.344686920553416,-0.22589005013170194,-1.1361372440509132,-0.06389940312798137,0.0701246660730186,-0.19243243243243235,-0.19259259259259254,0.024698449167145364,0.007299270072992581,-0.11129660545353359,0.030303030303030276,0.007229832572298367,-0.17382413087934567,-0.030927835051546393,0.020409253619704026
2006-09-30,0.06771646220448901,0.09898305218842074,0.09293297996374617,0.10702531280958683,0.04530149276745021,-0.0020961739087360653,1.3296157750552768,1.3296157750552768,1.342857142857143,1.342857142857143,0.3110082123930753,1.3779399493685207,-2.3627572581087755,-5.979970436067997,0.2479046630904287,-0.00832119825254829,0.04685408299866145,0.06553079947575347,0.04204035874439471,-0.032608695652173836,0.1891045710707575,0.03287197231833905,-0.020967132602946692,0.07178217821782185,0.0,-0.007277867951201666
2006-12-31,0.04121879531303563,0.022049024027874786,0.08141667762546301,0.2233267957519085,0.0038586830113900294,-0.07021496712627129,-0.29253544247127294,-0.29253544247127294,-0.2804878048780488,-0.30487804878048785,0.073310100494693,0.43487156307059127,0.7150554955941815,-0.4872289585775984,0.10154994648748583,0.03125655548563033,-0.028772378516624064,-0.03198031980319793,0.0016137708445400634,-0.011235955056179692,-0.051606108478146284,0.03015075376884435,-0.035886552189851484,-0.0034642032332562467,-0.031914893617021156,-0.16450421940928261
2007-03-31,0.028935085328331223,0.07913912620085539,0.04504150815224506,0.0298393283030447,0.012809162476627112,0.15902344952950553,0.08786007188781442,0.08786007188781442,0.06779661016949157,0.10526315789473695,-0.7940699481777936,-0.7285258336614785,-0.3553827296166364,1.0474095513748192,0.18933343325767638,-0.013425549227013778,-0.15075707702435814,-0.165184243964422,0.01396348012889348,-0.015151515151515138,-0.013325930038867395,0.03089430894308931,-0.01560936561937154,-0.1483198146002318,-0.02197802197802201,0.04785051448772171
2007-06-30,-0.005035976540318954,-0.007652356675373673,-0.04445895646844211,-0.07735874737348902,0.0356908761455792,0.04425265435597492,0.33555157409777325,0.33555157409777325,0.33333333333333326,0.33333333333333326,0.0,0.0,0.0,-1.4875880007916538,-0.07762054578106647,0.04288659793814431,0.17751937984496124,0.16742770167427712,0.03495762711864403,0.030769230769230882,0.20090039392234105,0.028391167192429068,0.040861963813783264,0.17006802721088432,0.0,0.07554671968190863
2007-09-30,0.018090331779036406,0.025800889861636866,0.06054640443145254,0.18493564902886406,-0.02237568100252174,-0.00814216512952104,0.013920345656643018,0.013920345656643018,0.03571428571428581,0.023809523809523725,2.7606627699461335,-0.30791135133484493,-1.8568181321443402,-2.01275695108869,0.08822460187916459,0.005931198102016699,0.004608294930875667,-0.007822685788787531,0.0066530194472878,-0.02985074626865669,-0.16635426429240863,0.030674846625766916,-0.03984375000000007,-0.015116279069767424,0.011235955056179803,-0.13431916204559458
2007-12-31,0.015185060176274856,0.019622694742140512,0.02046171248923212,0.04130298518186337,0.009729155738648743,-0.05462599839789917,0.06170421155729677,0.06170421155729677,0.09195402298850563,0.09302325581395343,0.4337541904305804,-0.14086216025414755,-0.059546281652296695,3.4770833929747216,0.35062990025178076,-0.05738993710691831,0.10288335517693303,0.09724047306176087,0.045246568378240815,-0.06153846153846154,-0.07026419336706013,0.029761904761904878,-0.005288852725793269,0.08028335301062572,0.011111111111111072,-0.020769977353607305
2008-03-31,0.016564908293544844,0.042852516156114406,0.022614722049705716,-0.21264555148965736,0.010243088683643542,0.06422665721228982,-0.20601627068902273,-0.20601627068902273,-0.19999999999999996,-0.1914893617021276,-0.5358542932536537,-0.19002131320134552,-0.2102655443342405,-0.7872100978969109,0.05524126345424718,-0.18265221017514588,0.019607843137254832,0.015568862275449069,0.02383268482490286,-0.21721311475409832,-0.27509068923821034,0.028901734104046284,-0.006134969325153339,0.016393442622950838,0.0,0.32443504691423275
2008-06-30,0.022346221617869144,0.06890906110019168,0.05058348042176486,0.16826169794529555,-0.007521959848432069,0.08404894283856823,-0.08085557427841494,-0.08085557427841494,-0.052631578947368474,-0.06578947368421062,0.5805550467118521,0.7557461243382051,-0.6781457863464114,2.1020494020073324,0.16819990876055946,0.23443877551020398,-0.0518648018648018,-0.07075471698113212,0.00047505938242276,0.20418848167539272,0.18682235195996655,0.028089887640449396,-0.029218106995884785,-0.07311827956989247,0.0,-0.08501297146278186
2008-09-30,-0.008379754711026144,-0.0032601118649243643,-0.00626885656796583,-0.0060740251199382644,-0.010743295960402466,-0.022477620341943116,0.38716402022531704,0.38716402022531704,0.4027777777777779,0.40845070422535223,0.45671403322143633,1.3540442205429613,6.7044427844769325,-2.6146565920759466,-0.2244520362557617,-0.04174416201694575,0.019668100799016486,0.008883248730964466,-0.0004748338081670411,-0.04347826086956508,-0.0035137034434293835,0.03415300546448097,-0.0025434506146672087,0.0034802784222738303,0.01098901098901095,0.0028353326063248474
2008-12-31,-0.05401057803047005,-0.07523136151756038,-0.07449239979629207,-0.194822735825242,-0.03097365933420204,-0.1163428590032638,-0.3566266986410871,-0.3566266986410871,-0.36633663366336633,-0.35,-0.27129619894921986,-0.9224939691111103,0.056575636556707165,-0.8288767166023722,-0.04952494391699025,-0.3109769247358205,-0.08981314044605182,-0.0930817610062894,-0.03135391923990505,-0.3090909090909092,-0.33921015514809594,0.03302509907529716,0.02443688907777286,-0.09710982658959533,0.0,0.14848847324923864
2009-03-31,-0.0343791214881235,-0.07584428799032972,-0.061607760383149746,-0.18312836341893046,-0.00512910290002333,-0.20608644892094286,-0.5574799758135991,-0.5574799758135991,-0.546875,-0.5538461538461539,-0.5784942211407983,-0.06942451383047155,-0.4635021345953009,0.6512638922974441,-0.08603987146722103,-0.09327073552425669,-0.1470198675496689,-0.1428571428571428,-0.004904364884747547,-0.06578947368421062,-0.008537886872998945,0.03196930946291565,0.0302841734080066,-0.10243277848911658,-0.0434782608695653,0.13137338446243452
2009-06-30,0.009691012030934365,0.026658233695404654,-0.01487542177542045,-0.01034082995695118,0.03458302459418694,0.008154682271215963,0.8171268132896583,0.8171268132896583,0.7931034482758623,0.7931034482758623,0.6702005624629959,-4.5374880357332765,-0.40457088868436275,-5.103059512940827,0.38626051847854326,0.0766309975837074,-0.07375776397515521,-0.055016181229773475,0.0335140463282404,0.08450704225352124,0.2669537136706137,0.030978934324659146,0.02476343869538966,0.011412268188302654,-0.06818181818181823,0.03736714369403282
2009-09-30,0.013279135759108884,0.0440467714220516,-0.00919914425577173,-0.05700906555787666,0.03496650023514891,0.07859998806039714,0.10098887515451183,0.10098887515451183,0.09615384615384603,0.09615384615384603,0.38257026065956956,-4.078285181733458,1.2836194514739074,-1.4970556274256146,-0.13849702981717515,0.12375761462007029,-0.1827326068734283,-0.16267123287671237,0.03481163567000478,0.08441558441558428,0.21070518266779947,0.03125,0.021218074656188746,-0.1114245416078985,-0.04878048780487798,0.10717599128716082
2009-12-31,0.014164641636187802,-0.02581936446542432,0.017926003852732242,0.02726473920799455,0.010690488647945529,0.004701886022441926,-0.07330376857153553,-0.07330376857153553,-0.07017543859649111,-0.07017543859649111,0.032975177475441875,-0.5034475012940338,-0.8375083860456201,-2.216592404430749,0.19558195426306768,0.13580599144079897,-0.07487179487179485,-0.05725971370143146,0.005069124423963123,0.09580838323353302,0.376140350877193,0.030303030303030276,-0.0032704886494806518,-0.020634920634920673,-0.03846153846153855,-0.05169775575633928
2010-03-31,0.01833171940079703,0.09235912057959972,0.045149843568815795,0.2241883827086102,-0.006615963138479453,0.050846175187268194,0.09164151076739802,0.09164151076739802,0.09433962264150941,0.09433962264150941,-0.6663046892876673,0.4575412786295201,-3.5639031223504256,-1.205971196549747,-0.03369425993714703,0.1060035167043456,0.1330376940133038,0.1388286334056399,-0.004126547455295726,0.10382513661202175,0.17542070372259055,0.02941176470588225,-0.024512642347037317,0.11507293354943271,0.01333333333333342,-0.10768757923854166
2010-06-30,0.0070271204291669775,0.03279164437954463,0.006982830056091238,0.06186080539152794,0.0070704687753830875,0.12848471833610176,0.5710374932948596,0.5710374932948596,0.5689655172413794,0.5517241379310347,1.682325867900187,-1.143826789822755,-3.5165993299880665,-3.01587037806398,0.0702916868874901,0.10061321826027703,0.1643835616438356,0.16000000000000014,0.007826887661141813,0.10396039603960405,-0.044251626898047736,0.02857142857142847,0.0,0.1031976744186045,0.05263157894736836,-0.027340049944028166
2010-09-30,0.03343532541817362,0.09022102790307751,-0.004933174655343153,-0.04831055150260066,0.07098448500259336,0.056218293431003374,0.3172367104256195,0.3172367104256195,0.31868131868131866,0.3222222222222222,-0.128918064040903,-2.7837875873715814,-0.49183006535947715,1.622995754503112,0.17226593324192585,-0.03528683450268266,0.21680672268907575,0.22003284072249585,0.06989492919141171,-0.04035874439461873,-0.17748524738992288,0.02991452991453003,0.03640680648990924,0.16996047430830052,0.04999999999999982,0.14554468593687742
2010-12-31,0.025057415537659056,0.051253029078834444,0.014584329882706415,-0.003835744400472074,0.03458031332509304,-0.006146864489722792,-0.1135596780464696,-0.1135596780464696,-0.11666666666666659,-0.134453781512605,1.1338509826549341,-0.6271926364234057,0.24076405909203347,1.5242667337141422,0.37094412820838474,0.18288770053475933,0.1346685082872927,0.1413189771197847,0.03629376601195555,0.10280373831775691,-0.04635761589403975,0.028008298755186622,0.009163802978235713,0.10585585585585577,0.023809523809523725,0.05529579968314069
2011-03-31,0.09310508806952411,0.10099908917305433,0.14363709427272098,0.06653125538979854,0.04804573537267354,0.04450982409875337,-0.017363334324851598,-0.017363334324851598,-0.018867924528301883,0.0,-0.703603639305054,23.283860045146728,-4.179347776841457,-0.40623959212004823,0.16065712112828368,0.12640144665461128,0.08034083992696273,0.08018867924528306,0.047795632468067506,0.08898305084745761,-0.02546296296296302,0.02825428859737622,-0.04124101399924318,0.06720977596741351,0.011627906976744207,0.032332478945441334
2011-06-30,0.01302277112646677,0.045136087958818516,-0.010185656763427309,-0.007759155316560018,0.03560527684819115,0.10099432318489687,0.28149098278648577,0.28149098278648577,0.28846153846153855,0.2815533980582525,0.6438115911253726,-0.7363209081824731,-1.2795489004662617,-0.8988246888728126,0.014004596119783663,0.04206132605554669,0.05239436619718307,0.058951965065502154,0.0385371608336611,-0.0077821011673151474,-0.07125890736342033,0.026496565260059057,0.022296764009471115,0.04961832061068705,0.011494252873563315,0.05331110559358687
2011-09-30,0.0032691284299852796,-0.12273276469561722,0.014171121063513592,0.017949849916849114,-0.006869793486895981,0.02156689018490221,-0.31024266422174085,-0.31024266422174085,-0.30597014925373134,-0.31060606060606066,0.873948011808104,6.818113714732679,0.3665317524238687,-25.953264248704663,-0.34377305589805207,-0.1096903404714219,-0.08404710920770875,-0.08969072164948455,-0.0034078000757289395,-0.14117647058823524,-0.19117647058823528,0.030592734225621365,-0.01003667245705464,-0.09545454545454546,0.011363636363636465,-0.13820043103448265
2011-12-31,-0.0012179077215728196,0.031700573502740026,-0.013581637651791323,-0.06503146922171776,0.01052404838000287,-0.2598398466361803,0.6153296958439749,0.6153296958439749,0.6236559139784945,0.6263736263736264,-0.1060172797647011,-1.1675257659323224,0.26269966203866035,-1.6005340553739842,0.3159470199253236,-0.10970756186191377,0.07539450613676202,0.07134767836919598,0.02013677811550152,-0.1095890410958904,-0.05217391304347829,0.0287569573283859,0.011698186781049058,0.13165829145728636,-0.0561797752808989,0.10343075961237891
2012-03-31,0.020747254366438872,-0.04661611419050782,0.008315001766612484,0.002205354864291298,0.03227263462226859,0.2651999558515139,-0.2954698173481525,-0.2954698173481525,-0.2913907284768211,-0.29054054054054046,-0.6100963021350971,-4.078293491243713,-0.48451707818565326,-2.060726239212215,-0.2542181304407274,0.20524781341107867,-0.016304347826086918,-0.007399577167019111,0.03240223463687131,0.18461538461538463,0.09090909090909083,0.027953110910730494,0.011370206205434608,-0.011545293072824259,0.0,-0.04869152590389181
2012-06-30,0.010911495385045544,-0.010329541872236003,0.01849442665519896,0.046510798467860104,0.00404485392687981,0.04514181695522468,0.09200104048188584,0.09200104048188584,0.09345794392523343,0.09523809523809512,0.8620022853124725,-0.5942082051338102,1.3860005043211152,-0.6283611329328278,-0.1266822670826777,-0.070795033059184,-0.04917127071823202,-0.04792332268370614,0.008297258297258248,-0.09956709956709953,-0.07415902140672792,0.02807017543859658,-0.006859756097561065,-0.039532794249775405,0.0,-0.05431060154854073
2012-09-30,0.010784948194204613,0.02239811762591737,0.000711099219218081,0.011310056439321592,0.020038495075792584,0.02420162596197195,0.12585181760010467,0.12585181760010467,0.13675213675213693,0.13913043478260878,0.17119052114803623,-0.6052146041237392,0.15209757456681827,-1.0713439931234705,0.010349061344970822,-0.02898299201666077,0.06217315514235899,0.06823266219239388,0.041860465116279055,-0.03846153846153855,0.006606110652353392,0.029863481228668887,0.009209516500383819,0.07857811038353613,-0.011904761904761862,0.010942727809486241
2012-12-31,0.05386379311301703,-0.07606190460061268,0.17610169199266235,0.5569441189862843,-0.056292883526395165,-0.24128729174957741,-0.33680708246558744,-0.33680708246558744,-0.3308270676691729,-0.3129770992366412,0.9639366397291469,12.302892815719451,-1.8018312895330462,-0.2651831817064175,0.007526769332287353,0.07864164432529042,-0.12691466083150982,-0.14764397905759163,-0.03296703296703296,0.03499999999999992,-0.008203445447087732,0.028997514498757315,-0.1045627376425855,-0.13183000867302697,-0.02409638554216853,-0.4065724409142234
2013-03-31,-0.02001437579657417,-0.03566266954308084,-0.009336231583432442,-0.017703364696359913,-0.03200683846862207,0.21709747411336178,0.3136682096834731,0.3136682096834731,0.3595505617977528,0.33333333333333326,-0.8685427943528043,-0.9402388956844402,-2.313919627256843,-39.26618705035971,-0.2858690924362186,0.16006628003314005,0.03383458646616555,0.0036855036855036882,-0.011718750000000111,0.20289855072463792,0.31348221670802334,0.028180354267310692,-0.012314225053078665,0.01998001998001997,-0.012345679012345734,-0.018305885440587866
2013-06-30,0.011171759723628272,0.04418768962790387,-0.019138763848786433,0.01211453180135047,0.04601030580784804,0.09275961193838111,0.5716394527697224,0.5716394527697224,0.5950413223140496,0.5916666666666666,2.9767774669875755,1.3620116286554098,-0.3719763171225937,-1.151239304467967,0.060541620942349716,0.05842022568204519,0.14787878787878794,0.12484700122399017,0.048508803449514915,0.06827309236947787,0.023299748110831242,0.027407987470634332,0.034608770421324264,0.13026444662095993,0.0,0.03174709263467457
2013-09-30,0.030521421056740605,0.07028307069633644,0.002295104076012411,0.021992821625650194,0.06094374639621325,0.01058255184602408,-0.18462410126981144,-0.18462410126981144,-0.18134715025906734,-0.18324607329842924,0.1417878465690685,0.0024252663705479627,-0.2911761740314084,2.8701974502038103,0.22093242016668047,0.13913630229419716,0.025871172122492014,0.01196953210010876,0.06305688827964362,0.08646616541353391,-0.023384615384615448,0.02820121951219523,0.029503428215250427,0.024263431542461023,-0.012499999999999956,0.04722420159357377
2013-12-31,0.016225024917652098,-0.007050812553437313,0.014881135464590578,-0.19962824560560444,0.01759339947108729,-0.019189299704441942,-0.2792534019040258,-0.2792534019040258,-0.2784810126582279,-0.28846153846153844,0.21186707772709568,0.8286848257489263,0.3754300802816526,-0.5215052960246201,0.08658545816302254,0.07866366544248304,0.011837364899639713,0.02473118279569886,0.01966473243068978,0.01730103806228378,0.030245746691871522,0.028169014084507005,0.0014127144298687888,-0.027918781725888353,0.05063291139240489,0.24062847952492872
2014-03-31,-0.20056721742375005,-0.16618088848643986,-0.09970451086072751,-0.23779138142338974,-0.30299386543226503,-0.14688193712632314,-0.17438892984744514,-0.17438892984744514,-0.17543859649122806,-0.16216216216216217,-1.0382162894451261,-0.2754769337495664,-0.018958418171123426,-5.961800243529302,-0.39538514359072596,-0.18528281164195481,0.0,-0.012591815320041944,-0.28833386025924745,-0.20068027210884354,-0.2152905198776759,1.072819033886085,-0.128174123337364,-0.03220191470844225,0.024096385542168752,0.0939369764658955
2014-06-30,0.015082885234852128,0.07470086526713282,-0.003633618045396636,0.00023631466068541052,0.039633113291665856,0.08653662993653444,0.33609137119234656,0.33609137119234656,0.37234042553191493,0.36559139784946226,-18.123546151942588,-0.29440690485309406,-0.24755887042576463,-1.19301667804545,0.1262223813315393,0.14451334591534093,-0.0696846388606307,-0.08714133900106269,0.039537983118613784,0.6042553191489362,0.20109119251753693,0.012869565217391354,0.024040684234858833,-0.10341726618705038,0.0117647058823529,0.07443026435733824
2014-09-30,0.01865953600845205,0.07329081266279758,0.028335301303596516,0.13173987172201018,0.006496132808229582,0.021843126415586278,0.08359078141139187,0.08359078141139187,0.0852713178294573,0.0866141732283463,0.048622577090521535,-0.2633349164962343,-0.6625773854869923,1.5892190581753574,0.2901890432380687,0.0021201413427560656,0.032258064516129004,0.0,0.013675213675213627,-0.03448275862068961,0.13367942894224516,0.013736263736263687,-0.011738148984198449,-0.026078234704112302,0.023255813953488413,-0.051626861239553734
2014-12-31,0.014644075923861744,-0.07043828142774311,0.06996142932836125,0.4629890011506754,-0.05640424290127921,-0.17423978490461256,-0.2697934818239851,-0.2697934818239851,-0.27142857142857135,-0.2681159420289855,0.46449699045282755,5.275233220615518,-2.2721233196657495,-1.1552006345768857,-0.034907693484029334,-0.11542078044193693,0.0757415254237288,0.016298020954598424,-0.04300168634064083,-0.12912087912087922,-0.08128219805380643,0.013550135501354976,-0.07012334399269071,0.029866117404737436,-0.011363636363636354,-0.3646001073537305
2015-03-31,-0.048807613758933166,-0.077764874748949,-0.059756088510221406,-0.12616740399165616,-0.032862479649257925,-0.0071619722711583345,0.23755124221768043,0.23755124221768043,0.27450980392156854,0.26732673267326734,-0.6846351103373641,-1.330000167741611,-9.498633210934312,4.804364580375614,-0.20994569977742927,-0.04929577464788748,0.07582471688823245,0.06414662084765177,-0.016740088105726803,-0.006309148264984188,-0.0286604361370717,0.013368983957219305,0.016703512650454444,0.08699999999999997,-0.02298850574712641,0.055332629355860696
2015-06-30,-0.020804225424598144,0.02454529222912094,-0.03813643355477303,-0.0944690789392465,0.003736124343761471,0.025139594788927466,0.5865400219559926,0.5865400219559926,0.6153846153846154,0.6171874999999998,0.5378033405694933,1.891577977570925,0.460212720503693,-1.396114469408435,0.10526178953584675,0.028511530398322993,0.16704805491990848,0.1550053821313242,0.028673835125448077,0.04761904761904767,-0.04425914047466317,0.01319261213720302,0.02512684223242334,0.18951241950321984,-0.02352941176470591,0.13147888733239932
2015-09-30,0.0014176519936595078,0.028388911723067123,0.007833068510884056,0.03407933916050321,-0.00728688410964895,0.016463970777219616,-0.4401316502003634,-0.4401316502003634,-0.4285714285714286,-0.4251207729468599,-0.02699123415526261,-1.0735105726107526,-0.8585732391518406,0.1909424508662363,0.11342175654605091,-0.1437695339040631,-0.02509803921568632,-0.035414725069897623,0.00217770034843201,-0.16969696969696957,-0.2630872483221477,0.013671875,-0.00872024510959235,-0.006960556844547661,-0.02409638554216853,-0.005541799316118312
2015-12-31,0.01662294989161217,-0.13999074188876126,0.012757617481551131,-0.18068986677645282,0.0219473718449128,-0.05201551593157683,-0.23790153574998119,-0.23790153574998119,-0.24166666666666659,-0.23529411764705876,0.467496273251669,17.400908710468105,-1.2217727875026152,-5.451344344863344,-0.4534483825355794,-0.023329630217425734,-0.026950925181013607,-0.017391304347826098,0.021729682746632006,-0.025547445255474588,0.010018214936247771,0.01348747591522148,0.005230622919638606,-0.026479750778816147,0.0,0.04967986720417361
2016-03-31,0.04189581546499599,-0.03099126355607018,0.061821583425591076,0.20599086295752866,0.014695266251894878,-0.04268086864156728,-0.29944650096950465,-0.29944650096950465,-0.29670329670329676,-0.29670329670329676,-0.5467477050817745,-0.30820651608878724,8.355712788259957,-0.6057579670402811,-0.32708422491268274,-0.045336366590835175,-0.13393964448119067,-0.1347099311701082,0.014036580178647284,-0.06367041198501866,-0.027953110910730383,0.013307984790874583,-0.026017029328287644,-0.11439999999999995,-0.024691358024691357,-0.19648706653111936
2016-06-30,-0.0002007595011410679,0.014494261125197916,-0.0032946780490963334,-0.005120059388322162,0.004218885583617382,0.03949520210223567,0.19056725311002864,0.19056725311002864,0.1875,0.1875,0.5580790477689581,-0.8369992744043189,-1.715254863954915,-1.0963997805258938,0.04685704907270649,0.13770212765957446,-0.2878281622911695,-0.2931818181818182,0.003775167785234901,0.11999999999999988,0.28942486085343244,0.013133208255159401,0.004371053909664857,-0.27461607949412836,-0.025316455696202556,0.019680888451535816
2016-09-30,0.03554824919936217,0.15094446657556482,0.04634557542821893,0.15283409139540116,0.020239731698680652,0.012700841168325594,0.09970411700059167,0.09970411700059167,0.10526315789473673,0.09210526315789469,0.11448130544383939,-0.04761218756752861,-1.7714014943843104,21.73336252189142,1.0175393901387473,0.05625374027528407,-0.11595174262734587,-0.12218649517684876,0.019222732971165835,0.0535714285714286,0.4510791366906475,0.013580246913580396,-0.014748549323017501,-0.09215442092154413,-0.025974025974025983,-0.0015854415109948228
2016-12-31,0.0879418275395576,-0.054683389759715983,0.14645233413614545,0.026041856704481114,0.0028625722505213336,0.04110523532832122,0.23890716767627063,0.23890716767627063,0.23809523809523814,0.2650602409638556,0.24761616990050284,13.255952200877326,3.9170787178523927,-1.6379022783737458,-0.3217239269166885,0.010339943342776214,0.028809704321455687,-0.001831501831501936,0.0020500205002049743,-0.01016949152542379,0.12642538423401084,0.013398294762484664,-0.07828220858895707,0.027434842249656866,-0.026666666666666727,-0.07870753935376962
2017-03-31,0.012091450061590514,0.06671118507672857,-0.004963708659179611,0.19526953829217675,0.04044191374897155,0.0199166348418216,0.06878172273861094,0.06878172273861094,0.06730769230769229,0.03809523809523818,-0.7298852364295625,-1.0867728213687358,-1.192639503766354,-1.4008477800119559,0.19013249471567772,0.10738819571007996,0.12380250552689764,0.1045871559633027,0.03927986906710301,0.10616438356164393,0.059859154929577496,0.013221153846153744,0.027955271565495154,0.11214953271028039,-0.013698630136986356,-0.10753896882493996
2017-06-30,0.005285541321866871,-0.0008454266761624973,-0.010326985678196898,-0.04478133220765923,0.030105364602501794,0.09925100861819858,-0.04754219231684731,-0.04754219231684731,-0.05405405405405406,-0.04587155963302758,0.9966056538279258,-1.625299584250428,1.318212513264661,-2.7164075680886963,-0.27420884172021276,0.018356754019496213,0.054426229508196755,0.04318936877076407,0.029527559055118058,-0.018575851393188847,-0.10423588039867104,0.013048635824436383,0.024864024864024836,0.03361344537815114,0.01388888888888884,0.04601561843983548
2017-09-30,0.01952572295172872,0.039566470888365846,-0.00036800708168449603,-0.02170767004341534,0.04991020112296485,0.006483554577191963,0.09054115008106889,0.09054115008106889,0.09523809523809512,0.09615384615384603,0.7194133836294001,0.08391184465259993,-0.08618274125757719,-1.1794860543083323,0.0678110534901919,0.07496270512183001,0.044776119402985204,0.047770700636942776,0.0497131931166348,0.04416403785488954,-0.00046360686138158247,0.013758782201405362,0.02982057113975234,0.03484320557491283,0.013698630136986356,0.06261539696556162
2017-12-31,0.015653949772189923,0.11794214316862517,0.009130868327516639,0.06041602837874249,0.025139801996870714,0.005564042815665804,0.6569486675013414,0.6569486675013414,0.6521739130434783,0.6491228070175439,0.19243928556770662,-4.629176589449376,-0.5570650798951597,20.11999413231627,1.341219541732523,0.10408234069619526,0.15833333333333321,0.18389057750759874,0.033879781420764976,0.051359516616314105,0.02504638218923949,0.01357204735778228,0.00932515337423312,0.16386083052749711,0.013513513513513598,0.05424189771096155
2018-03-31,-0.010754056263607037,-0.07954831749357683,-0.028218306143002025,-0.09468525924498072,0.014245821526836622,-0.04751521484179444,-0.5566338784542315,-0.5566338784542315,-0.5526315789473684,-0.553191489361702,-0.889875905054538,-1.6761948319231648,2.3025622865237207,-1.895391561034902,-0.512944915141837,0.06515135644705139,-0.07759506680369987,-0.0577663671373555,0.012684989429175397,0.028735632183908066,-0.10633484162895934,0.013390313390313269,0.02528567955263794,-0.06364513018322082,0.01333333333333342,0.016696524543174496
2018-06-30,-0.19632572768385592,-0.17082356735215698,-0.07623538356727388,-0.12816617225515092,-0.36103631842743267,-0.06426225515578599,0.06485334956442346,0.06485334956442346,0.08235294117647074,0.08333333333333348,3.514306009376332,-0.5450294805252092,-0.2122738262833661,-0.6783178449715831,-0.33878144555609413,-0.16245451863506732,0.04345403899721445,0.013623978201634745,-0.33089770354906045,-0.17318435754189943,-0.12,0.013213382063536727,-0.20512212473322267,-0.007209062821833201,0.013157894736842035,-0.0489145756977728
2018-09-30,-0.001345423259535683,0.004625105403868401,0.014426251278499613,0.042106435374742235,-0.0326189162748175,-0.028191518352210676,0.12393629562943431,0.12393629562943431,0.16304347826086962,0.15384615384615397,0.5130695300256167,-0.41954561613288954,0.020822538575706817,-0.7304273037103723,-0.13811806567990315,-0.04837384055418581,0.07421249332621471,0.02284946236559149,-0.023400936037441422,0.42229729729729737,-0.02243958573072502,0.013318534961154427,-0.03132458233890223,0.005186721991701226,0.025974025974025983,-0.03594190010374976
2018-12-31,-0.01134502592247244,0.018179792269287898,-0.020429532804231654,-0.033266589254115075,0.0075445771259425864,-0.12725227094150582,-0.10004132100060392,-0.10004132100060392,-0.10280373831775713,-0.1333333333333333,0.5148254145209195,-0.015784199098045737,-0.3611168464701733,-6.574261263678922,0.8932849763710298,-0.04108574953732258,-0.11431411530815105,-0.16425755584756896,0.017039403620873195,-0.016627078384798155,-0.022366097704532018,0.013143483023001057,0.01940252540806897,-0.1578947368421052,-0.012658227848101222,0.05319394265508515
2019-03-31,0.03492086981582454,0.01026937949974327,0.03990509379402396,0.0653932509257582,0.024844816962392713,0.13095704905176375,-0.2533270230560579,-0.2533270230560579,-0.23958333333333337,-0.20879120879120883,-0.9326561603246916,5.15726205628624,-1.2428345396397913,-1.8195341920575145,-0.3866705702120786,0.05288214101904276,0.09203142536475872,0.007861635220125729,0.021989528795811397,0.0338164251207731,0.32811559301625515,0.01297297297297284,-0.00996978851963759,-0.018382352941176516,0.025641025641025772,-0.05174804758776741
2019-06-30,0.013645208411128262,0.037076995697906234,5.515029916880465e-05,0.004208180913257031,0.041522449887275714,0.049832527132807725,0.8739416300080411,0.8739416300080411,0.8630136986301371,0.8750000000000002,7.5103979774914364,-0.6795672745647481,-2.6800953780464134,-1.5111515792359356,0.32225303891956836,0.15593303189539287,0.09558067831449124,0.09828393135725433,0.040983606557376984,0.13317757009345788,0.1944696282864915,0.012806830309498585,0.02746414403417763,0.10486891385767771,-0.012499999999999956,0.03271243842364524
