Quarter end,Assets,Liabilities,Shareholders equity,Revenue,Earnings,Earnings available for common stockholders,EPS basic,EPS diluted,Cash from operating activities,Cash from investing activities,Cash from financing activities,Cash change during period,Cash at end of period,Price,ROE,ROA,Book value of equity per share,P/B ratio,P/E ratio,Cumulative dividends per share,Equity to assets ratio,Net margin,Asset turnover
1994-03-31,0.08672119467818318,0.19633459100409034,-0.004596049020659021,-0.9455358879595409,-0.9603500625111627,-0.9603500625111627,-0.9714285714285714,-0.9714285714285714,0.6887283544034846,4.212066588908917,-16.05774016923843,0.48396645288603857,-0.3742224433938791,0.09161624891961972,0.1523668639053255,-0.2544378698224853,-0.0046511627906977715,0.042735042735042805,0.0401479133650291,0.022222222222222143,-0.08402585410895658,0.010101010101010166,0.15384615384615374
1994-06-30,0.08672119467818318,0.19633459100409034,-0.004596049020659021,-0.9455358879595409,-0.9603500625111627,-0.9603500625111627,-0.9714285714285714,-0.9714285714285714,0.6887283544034846,4.212066588908917,-16.05774016923843,0.48396645288603857,-0.3742224433938791,0.09161624891961972,0.1523668639053255,-0.2544378698224853,-0.0046511627906977715,0.042735042735042805,0.0401479133650291,0.022222222222222143,-0.08402585410895658,0.010101010101010166,0.15384615384615374
1994-09-30,0.08991793347745158,-0.060772827647442074,0.24118686552564395,0.048214285714285765,7.396396396396396,7.396396396396396,11.0,11.0,-1.0109461499748364,-0.4147085749160818,0.8996396813328484,-10.482047872340425,5.67037773359841,0.0300870942201108,0.1523668639053255,-0.2544378698224853,-0.02336448598130836,0.042735042735042805,0.0401479133650291,0.04347826086956519,0.13891129032258065,0.010101010101010166,0.15384615384615374
1994-12-31,0.026693465685508233,0.007311211445023114,0.04467102470100093,55.64395229982964,8.941523605150214,8.941523605150214,6.666666666666667,6.666666666666667,-154.66666666666666,0.00389294403892948,-0.8429506142762677,-0.758747633405792,0.20508464473056742,-0.005380476556494984,0.1523668639053255,-0.2544378698224853,0.044976076555024,0.016393442622950838,0.0401479133650291,2.8333333333333335,0.017525225703664438,0.010101010101010166,0.15384615384615374
1995-03-31,-0.00245450709187367,0.0012462558999095652,-0.004809333069890287,-0.6152481203007518,-0.5998057309373482,-0.5998057309373482,-0.6086956521739131,-0.6086956521739131,-0.40563991323210413,0.2106156083373727,-2.501939058171745,-5.7417526522307805,-0.806964608117132,0.02395672333848542,0.1523668639053255,-0.2544378698224853,-0.005494505494505586,-0.024193548387096753,0.0401479133650291,0.26086956521739113,-0.002435629784272697,0.010101010101010166,0.15384615384615374
1995-06-30,0.14729902626005975,0.04244473389492143,0.21518042062800902,0.05878214648635982,0.1178532901833873,0.1178532901833873,0.05555555555555558,0.05555555555555558,0.5671406997231312,1.2724438724438722,-7.061084470675028,-1.8461137673164152,3.5370916079436263,0.04754716981132079,0.1523668639053255,-0.2544378698224853,0.027624309392265234,0.05785123966942152,0.0401479133650291,0.19827586206896552,0.05912103243808842,0.010101010101010166,0.15384615384615374
1995-09-30,0.1314242028908701,0.3471779855724457,-0.004574662238056915,0.08320413436692498,0.12255729794933656,0.12255729794933656,0.026315789473684292,0.026315789473684292,-0.1410961654286288,-0.058309001208215916,-0.05407872635653255,-0.12040424530010507,0.6857280018072969,0.06700288184438041,0.1386392811296535,-0.2544378698224853,-0.005376344086021501,0.0390625,-0.15490096495683092,0.17985611510791366,-0.12020418244689601,-0.022666666666666613,0.13333333333333353
1995-12-31,0.04202843088011354,0.09665388841093825,-0.002547770700636942,0.07759678298800443,0.07532774554051147,0.07532774554051147,0.0512820512820511,0.0512820512820511,-0.23182646907577953,0.34083102789249287,-0.614939200926462,-3.2224601573116995,-0.9040623167769495,0.0027008777852801646,-0.23111612175873741,-0.2544378698224853,-0.002702702702702675,0.007518796992481258,-0.12920673076923084,0.14634146341463405,-0.04267265581134205,0.05115961800818547,-0.2941176470588236
1996-03-31,0.11219811244964562,-0.011856231338785883,0.20884311382620058,0.1554663040384554,-0.03587488757869495,-0.03587488757869495,-0.024390243902438935,-0.024390243902438935,-0.11946202531645567,-0.20393720408671812,1.3979615705931496,-1.1179032018974207,1.111052907281299,0.037710437710437805,-0.03225806451612889,-0.03703703703703698,-0.0036133694670280603,0.03731343283582067,0.38095238095238093,0.06382978723404253,0.08680351906158368,-0.02985074626865669,0.0
1996-06-30,0.012805045313401653,-0.025790750365453974,0.04852461653642215,0.03248761529408539,0.27477197346600324,0.27477197346600324,0.04999999999999982,0.04999999999999982,0.7024673439767779,-0.8282226256808364,-1.3165874663805237,-2.855099795693855,-0.9763440860215054,-0.04477611940298509,0.043939393939393945,0.03296703296703285,0.04805077062556684,-0.04316546762589912,-0.06896551724137945,0.06499999999999995,0.03525813995322902,0.020401337792642193,0.0
1996-09-30,0.0988994661196545,0.08571000439275323,0.1103805289106965,0.09871699713710114,0.1667615253272623,0.0958614521505814,0.09523809523809534,0.09523809523809534,0.21791905167864245,6.9395728551643705,-4.986222378730522,-1.9858522534733989,40.68881118881119,0.057065217391304435,0.010159651669085612,0.05319148936170226,0.10640138408304489,0.015037593984962516,0.031132581857219677,0.05633802816901423,0.010425716768027726,0.010816125860373837,0.08333333333333348
1996-12-31,0.05166367271252237,0.12139052902040182,0.0030092989329941755,0.12070546226597179,0.194006968641115,0.2712568630360588,0.13043478260869557,0.13043478260869557,-0.1322955901469951,-0.3184084169550967,-0.5404101193696926,-1.566211222823752,-0.5526293718023987,0.1452442159383034,0.06609195402298851,0.08080808080808066,-0.06098514464425331,0.02962962962962945,0.09786569495054653,0.057777777777777706,-0.04625967325881353,0.05090791180285348,0.0
1997-03-31,0.04146224273440979,-0.033746566924115706,0.0981916252059789,0.09616585218832752,-0.025796661608497695,-0.1253647717987627,-0.05769230769230771,-0.05769230769230771,0.11297633681622621,-0.4455489554289409,-0.5229937530033637,-2.1629989376233114,1.4366329208848896,0.1346801346801345,0.035040431266846195,0.0771028037383179,0.093255620316403,0.2086330935251799,0.06543385490753906,0.054621848739495826,0.05445366029570864,0.012033323048441957,0.0
1997-06-30,0.0940343317969099,0.21580461725564515,0.007431307746122107,0.013119132723202087,-0.01737359213994727,-0.01935139463499269,-0.04081632653061229,-0.04081632653061229,0.46650329617229835,2.261278332483055,3.123558152420289,-2.290617251729088,-0.7609448334230976,-0.060336300692383715,-0.01041666666666663,-0.00433839479392617,0.004569687738004369,-0.13690476190476186,-0.10502892745883396,0.05179282868525914,-0.07917236662106708,-0.03445121951219521,0.0769230769230771
1997-09-30,0.24217879022154531,-0.0070566353468973775,0.4563031820320609,0.08979180397782338,0.2974637239361053,0.15072128470332058,-0.44680851063829785,-0.44680851063829785,-0.08974087410859277,0.5280310479425523,3.1223721981310693,-18.292719919110212,55.04505954296749,0.14315789473684215,-0.0776315789473685,-0.004357298474945703,0.22517058377558752,0.13793103448275867,0.11337642963699657,0.10984848484848486,0.17251624883936856,-0.019261130407325577,-0.07142857142857151
1997-12-31,0.1296387328319324,0.2056660605832854,0.01508301578101423,0.2625849372087232,0.13288849208213893,0.14753710602566383,-0.03846153846153855,-0.07692307692307698,0.26840934946737005,0.05683740475505661,-0.9882896070262358,-1.9576319251571408,-0.9405451037144236,0.06767955801104986,-0.08559201141226802,-0.028446389496717628,-0.010519801980197974,-0.1272727272727272,0.035730236712818275,0.18771331058020468,-0.10136205258156472,-0.07501609787508046,0.0
1998-03-31,0.05635429236279155,0.09558494741473256,0.034418606911420735,0.12251338405184553,0.11846198515077355,0.14717097804802637,0.15999999999999992,0.20833333333333326,-0.2039668141141937,-0.49697861505249363,21.47317813765182,-1.1148865239133223,1.817444219066937,0.0202673566192324,0.0015600624024958432,0.0045045045045044585,-0.01000625390869292,0.0277777777777779,0.04096593359206557,0.08620689655172398,-0.020796616143813895,-0.01322659241211288,0.0
1998-06-30,0.10089727355337641,0.18243292778336428,0.04993121548540258,0.04271047743360601,-0.014982384572594154,-0.018147515946455806,-0.06896551724137923,-0.06896551724137923,0.5687178305293079,1.2232115837834368,0.9635305244668633,-1.3608630952380953,-0.23278137748980077,-0.010566356720202896,-0.010903426791277093,-0.006726457399103158,0.04548325963360722,0.0,-0.05385252692626352,0.07936507936507953,-0.046256299496040265,-0.021516754850088193,0.0
1998-09-30,0.047498005572149005,0.0842342746678093,0.022150747083406586,0.08749503484635102,0.05986220398328368,0.07278799524201673,0.07407407407407396,0.07407407407407396,-0.20342801175318315,-0.5078638337891181,-0.5976294376365482,-0.9490427098674521,-0.015460923186916276,-0.06407518154634773,0.048818897637795455,-0.011286681715575675,-0.010271903323262888,-0.108108108108108,-0.09500875656742547,0.08333333333333326,-0.02434421588979052,-0.0324441240086516,0.0
1998-12-31,0.07644032894645014,0.004401466301940493,0.14552282090772928,0.057267454730597356,0.031117899896984103,-0.006268924047933777,-0.0344827586206895,-0.06896551724137923,0.47708922496823636,0.9529556712177214,1.0785674585643235,42.592485549132945,-0.6845640629964145,0.04701049748973074,-0.018018018018018167,-0.022831050228310557,0.10561660561660569,0.06060606060606055,0.01838413159167862,0.07692307692307687,0.0642166344294004,-0.028688524590164133,0.0
1999-03-31,0.07541281298041502,0.08905925500419776,0.06986507968858269,0.06768074370302135,0.24835497984635002,0.17560724401338934,0.1428571428571428,0.18518518518518512,-0.5515198601534428,-0.2806409942792891,0.11991004518309789,-2.859444407611218,4.035395683453237,-0.037053182214472624,-0.015290519877675823,0.009345794392523477,0.045831032578685926,-0.12857142857142856,-0.06318289786223286,0.0714285714285714,-0.0050890585241730735,-0.007288070579209882,0.0
1999-06-30,0.11693514356331591,0.2246254344118137,0.04116780012953858,0.0506044888073971,0.07213820509990065,0.08038256552529743,0.03125,0.03125,0.551692136360824,-0.1006980073976852,0.45909758785355703,3.9115025315553016,3.936106983655275,0.004526935264825838,0.010869565217391353,0.02083333333333326,-0.2122492080253432,-0.040983606557377095,-0.02129817444219062,0.06666666666666687,-0.06795761782974064,0.014683153013910433,0.0
1999-09-30,0.5563332041898503,0.42577709362587624,0.5236500278450875,0.49580953447567855,0.38265122265122264,0.400932558453845,0.06060606060606055,0.06060606060606055,2.493480861244019,0.6705607631633066,-1.2134570278900176,-1.9253274094723698,-0.737866438197564,-0.07210455159981977,-0.02457757296466978,-0.024943310657596474,0.4262734584450403,0.17948717948717952,-0.11813471502590678,0.07169117647058809,-0.020972167777342232,-0.0026656511805025485,0.0
1999-12-31,0.028413421506367165,0.06530503718003722,0.0014222423696133024,0.03669988082833675,-0.005175366743614518,-0.0067049346389465025,-0.05714285714285705,-0.08571428571428563,-0.5151541091004548,-0.2171811835344013,-2.683663239832524,-0.791961525788078,-0.5855969259308335,-0.11073336571151049,0.0031496062992126816,-0.020930232558139528,-0.007988721804511378,-0.37681159420289856,-0.15276145710928313,0.06689536878216118,-0.02622622622622628,-0.004581901489118079,-0.07692307692307698
2000-03-31,0.029200701828830722,0.060656983082742144,0.004268911442571355,0.051632511811260606,0.14358696058984233,0.18635878010878004,0.18181818181818188,0.21875,-0.08740480926542771,-0.18500388066818507,0.1940504127117555,-1.722102801976091,1.02041033839595,0.05133806663025675,0.03610675039246458,-0.01187648456057011,0.003789673140691674,0.058139534883721034,0.01109570041608876,0.06270096463022523,-0.024259868421052544,0.015726889144610734,0.0
2000-06-30,0.014769660175260935,0.03319323693087228,0.000698137454346881,0.02102624560760935,-0.054605553828279696,-0.0682371722712295,-0.07692307692307698,-0.07692307692307698,0.24597923518411036,-0.39424627009666313,-0.9558245497389366,-0.8013369542510967,0.10033497744836861,0.10389610389610393,0.003030303030302939,-0.021634615384615308,-0.0018876828692780956,0.09890109890109877,0.04869684499314131,0.059001512859303995,-0.013695743784239323,-0.016238670694863955,0.0
2000-09-30,-0.018140309775009245,-0.042409622320402574,0.0016067213078689857,0.04120891439845753,-0.0066119707827050345,-0.008259198242723809,0.0,-0.02777777777777779,0.3137039759023674,-1.1481797351034206,-32.377600708277996,-1.1130389064143007,-0.010307548481434448,0.13835294117647057,0.01963746223564966,0.004914004914004844,-0.004255319148936176,0.1399999999999999,0.11445389143230877,0.06142857142857139,0.020081179235206026,-0.016122840690979023,0.08333333333333348
2000-12-31,-0.029481353633510787,-0.07587240979295928,0.009948000273996227,-0.0690999138673557,0.49257736269863406,0.6262818667080112,0.5833333333333333,0.6000000000000003,0.16674414756565525,9.110879966715206,1.0878361220055868,3.8744186046511624,-0.050766585123646624,-0.016949152542372836,0.17333333333333334,0.13936430317848414,0.00047483380816726317,-0.00877192982456143,-0.017018779342723,0.05787348586810248,0.04062827225130894,0.1673819742489273,0.0
2001-03-31,0.0035541890199990434,-0.03187908794292316,0.03463944354544424,0.06386620711989077,-0.1589969881627793,-0.19959141981613893,-0.1929824561403508,-0.1964285714285715,-0.36963700827283474,-1.297985721046026,-0.8304209743901615,-0.8568702290076335,-0.00765481870837692,-0.005466778805719219,0.03409090909090895,0.05150214592274671,0.034171808258187,-0.008849557522123686,-0.14925373134328357,0.05470737913485979,0.030992151338297358,0.03308823529411753,0.0
2001-06-30,0.0020155336985043792,-0.000310080290242265,0.005224693902053712,-0.011958601495912324,-0.11870853113461588,-0.154755827803301,-0.15217391304347827,-0.15555555555555556,0.3528138760030426,-1.5478376947685792,0.7122250557857825,-214.78666666666666,1.6491219048108818,-0.006765327695560264,0.004884004884004867,0.030612244897959107,-0.004130335016062414,-0.0357142857142857,-0.041403508771929776,0.05186972255729816,0.003123170017568011,0.013911355548366311,0.0
2001-09-30,-0.03396493498025499,-0.05442569083540272,-0.01725199962573476,-0.019634919237709658,0.4230429988974642,0.5521288374433819,0.5128205128205128,0.5263157894736841,0.17173109057359848,1.3167247825904296,2.451547591342797,-2.458198203816889,-0.9077523367660905,0.017028522775649257,0.1324422843256381,0.13465346534653455,-0.02165898617511519,0.0185185185185186,0.005124450951683679,0.05160550458715596,0.017318544463903462,0.15283982131461382,0.0
2001-12-31,0.004907803579259573,0.01615191840662633,0.004384656802691511,0.006818220079798376,-0.37433729205635924,-0.42388005499208836,-0.44067796610169485,-0.4137931034482758,-0.5533597372227254,-1.506809320881313,-0.8713632655262856,-0.9997754563048662,-0.0022095959595959114,-0.02051067392214323,-0.11802575107296143,-0.0872600349040139,-0.004710315591144654,0.0,-0.13474144209759642,0.049073064340239725,-0.0005738332058149442,-0.12012178245225569,0.0
2002-03-31,-0.016240987626155445,-0.04177020179232438,0.009361190574249445,-0.8354587713333408,0.015178318709312189,0.019315623592976117,0.030303030303030276,0.0,2.1535923975546276,0.6228352654930585,3.1675184107765286,-192.76190476190476,0.42465464515448703,0.055982905982906006,-0.058394160583941646,-0.042065009560229405,-0.009465215333648858,0.06363636363636349,0.18855218855218836,0.04677754677754686,0.0260287081339714,0.19691726958162947,-0.15384615384615385
2002-06-30,-0.0014450359952611347,-0.005726116303849227,0.008754286608705586,-0.4714271196775177,0.056616596382393025,0.07177878881576039,0.0588235294117645,0.0588235294117645,-0.20445581136457425,1.3044206812920294,-0.5454596906049554,-3.7328035758629254,-0.814581791265729,0.10076891946580324,-0.006459948320413411,0.001996007984031989,0.004777830864787447,0.11111111111111116,0.1749291784702549,0.04468718967229379,0.010259279985077363,0.40525624178712216,-0.2727272727272727
2002-09-30,0.012141773004823886,0.06731099251601003,-0.012764093664714316,-0.2422455780569085,-0.16013853385008658,-0.19279591163864163,-0.19444444444444442,-0.19444444444444442,-0.37498567490786705,-0.4425787192514137,-0.9331636252957208,-4.6830531576556105,16.180439121756486,-0.07573529411764701,-0.17815344603381,-0.149402390438247,-0.013314312886352875,-0.07692307692307698,-0.06449668474984938,0.04372623574144496,-0.024556868537666143,0.4035907985786422,-0.5
2002-12-31,0.009313960808111865,0.10882079018968871,-0.06548111908794951,-0.016322733423545288,-0.26599901816396665,-0.27769835596854897,-0.27586206896551724,-0.31034482758620685,-0.11430859944220872,1.2286302780638518,-3.5748292279031255,-1.6321671765518602,-0.5953714245881451,-0.05847255369928395,-0.07753164556962033,-0.08430913348946134,-0.06746987951807226,-0.050000000000000044,0.1469072164948455,0.041894353369763104,-0.07420026500094645,2.1333777481678884,-0.75
2003-03-31,0.006020015992303396,0.023415409723259284,-0.007382137314710713,-0.1899234803542258,0.2367639583723482,0.32455644306213327,0.3333333333333335,0.40000000000000013,-0.3584301248665257,-0.5276802218114602,-1.197845485971541,-0.8085704250087812,-0.2816699207534168,0.0933671313899449,-0.029159519725557415,-0.0613810741687979,-0.008268733850129162,0.17543859649122817,0.2219101123595506,0.03933566433566438,-0.01328971580453897,0.346147303963259,0.0
2003-06-30,0.00927388714004751,0.034689355403442645,-0.012042203162503151,0.23763532158777334,-0.06357481234722795,-0.07842143181151107,-0.07142857142857151,-0.1071428571428572,0.7519106008627425,0.22933176792877408,10.622917513206014,-0.8291539245667686,-0.06699176592853151,0.07032457496136013,-0.06890459363957602,-0.09809264305177123,-0.014590932777488352,0.07462686567164178,0.12689655172413805,0.038687973086627414,-0.021135515955242434,-0.010708870356330613,0.0
2003-09-30,0.022837541885122326,0.01348128830376294,0.03646405609614933,0.08850012863390799,0.14576114576114585,0.16350107128380342,0.15384615384615374,0.19999999999999996,-0.29490286556283685,0.6764027059291684,-2.500104880436303,11.816229116945108,-0.9202296289949448,0.019133574007220266,0.020872865275142427,-0.018126888217522508,0.0338445267054468,0.03472222222222232,0.12933496532027733,0.03724696356275303,0.013336155800169447,-0.012006258581600981,0.0
2003-12-31,0.0011330424818922769,0.03086197889538056,0.0028588114910532703,1.0231623729614747,0.21195564516129028,0.23705362697523946,0.16666666666666674,0.19999999999999996,0.8403107169863202,-0.5442777566780606,-2.5045328485865435,-2.0894785847299815,12.568206229860365,0.061990789939780466,0.14684014869888462,0.11692307692307691,-0.011253196930946396,0.02684563758389258,0.051661849710982644,0.03590944574551114,0.0016711928138708476,-0.1198733072622088,0.0
2004-03-31,0.011726682261484767,0.017152887005510653,0.009825446639335045,-0.5547118380062306,-0.2663816478964617,-0.338456277282694,-0.3142857142857143,-0.36111111111111105,-0.48515184341264805,0.8173831516077505,-1.542550884475975,-1.0626442184428682,-0.05802723242558583,0.08705803869246176,-0.03565640194489461,-0.019283746556473802,-0.019658561821003562,0.10457516339869266,-0.059086224665063525,0.03466465712132627,-0.001876955161626559,-0.06018654524089306,0.0
2004-06-30,0.019310529668367105,0.0519051730300748,-0.01079113582088942,0.2889374726716223,-0.0215873015873016,0.05564677978471089,0.0,0.04347826086956519,0.387201625190452,0.37141028335594317,0.33740649803003486,0.5115961800818554,-0.09311706866123204,-0.03896900889843524,-0.008403361344537785,-0.016853932584269593,-0.011609498680738684,-0.023668639053254448,0.0029207740051113706,0.03350327749453741,-0.02946092770580866,-0.046575235415934,0.0
2004-09-30,0.02562564580233273,0.05525519057521966,-0.0036277760614079613,0.1828482257955084,0.17843237229999076,0.2249971194838114,0.25,0.25,0.1465914915427986,-0.2292982981658087,-1.2085432499359576,8.739169675090253,-1.0,0.04022988505747116,0.015254237288135686,-0.005714285714285894,-0.006406833956219993,0.054545454545454675,0.049508554787040415,0.03241719520789288,-0.028632938643702976,-0.05458792672431456,0.0
2004-12-31,0.0024758248782743575,-0.050256784561880985,0.0646674154094582,0.5598829872662614,-0.004739709324050545,-0.03237942953888118,-0.033333333333333326,-0.033333333333333326,-0.04529572222272904,-0.3526008948343653,1.8082710615211384,-1.5179316096747288,inf,0.05555555555555558,-0.06844741235392315,-0.06321839080459768,0.06233207952713604,0.06321839080459779,0.055497745404093024,0.03208191126279858,0.06205673758865249,-0.07382201222419704,0.0
2005-03-31,0.008349496484694852,0.027467424011383912,-0.009022003496977349,6.21588527302813,-0.26686558906058566,-0.3807776427703524,-0.3793103448275862,-0.3793103448275862,-0.38029393777234155,0.2236928446771378,-1.7613180724648245,-1.3417427088924674,-0.3417427088924674,-0.035766211107880364,-0.05734767025089604,-0.04907975460122693,-0.01264542235710675,-0.09189189189189195,0.027932960893854775,0.031084656084656048,-0.017111853088480733,-0.7365440419357858,3.0
2005-06-30,0.04343648548397483,0.10215531596318739,-0.014673754291391061,0.045506431032022565,0.3993962426888764,0.5815313370746831,0.5555555555555558,0.5555555555555558,0.9963763087693327,2.2291921001289263,6.486833285454371,-2.4701570680628273,0.7632508833922262,-0.018998793727382224,0.03041825095057038,0.02580645161290329,-0.014344262295082011,-0.005952380952380931,0.02973145780051145,0.029506093649775522,-0.05583864118895976,-0.4046899982234855,0.7500000000000002
2005-09-30,-0.08818507626755978,-0.19278386700244832,0.024407436427302365,-0.13581197664330347,3.3330380015023398,4.294126405121715,4.357142857142857,4.285714285714286,0.0009037051912843541,-3.918213327962859,-6.353603632410309,41.15811965811966,18.24880530291352,-0.054103904088533716,1.1088560885608856,0.9339622641509433,0.06860706860706856,-0.041916167664670545,-0.09034461347407641,0.02928348909657319,0.12367888464133125,0.577439570277529,0.4285714285714286
2005-12-31,-0.0016743762453527156,0.14589505623346133,-0.13225329535641217,-0.2810064184273161,-0.8147506078669315,-0.8591268725275137,-0.8533333333333333,-0.8513513513513513,-0.37988486232868257,-1.154007741491805,-0.9387308978274919,-1.8289829363068086,-0.7859162148526031,0.037049073773155694,-0.0017497812773403787,-0.013008130081300862,-0.11527237354085595,-0.03125,-0.5116040955631399,0.028450363196125927,-0.13087852711626968,-0.17177449867574712,0.19999999999999996
2006-03-31,0.1870646792597157,0.3277874348149987,0.030223035080752636,-0.9215086406388503,-0.3570965806838632,-0.6190983197471303,-0.6363636363636364,-0.6363636363636364,-0.6415993628433116,6.375893271279314,-18.209432454036772,-0.7275997350588475,-1.0,0.269821372610467,-0.02103418054338302,-0.05930807248764414,0.029686641011544834,0.43870967741935485,0.3109713487071979,0.027663331371394984,-0.1321667050425973,0.29648241206030135,-0.25
2006-06-30,0.04630863963840204,0.05756263945297935,0.034476235778686304,-0.028782730361782916,0.3052663008994887,0.8970125786163523,1.0,1.0,0.9278819444444444,-0.7743282233077281,-0.8150583047936476,-1.2633173724375282,inf,-0.0979763079960515,-0.049239033124440335,-0.08056042031523647,0.03310197544046978,-0.12556053811659196,-0.05437100213219637,0.02691867124856806,-0.011143539400371494,0.5015856236786469,-0.4444444444444444
2006-09-30,0.03693349450486161,0.06456008006088254,-0.005964695369021555,1.3126157645606091,1.200617636966716,1.8426578256665285,1.875,1.8125,-0.6336293067737695,-0.3308883955981675,-0.14674785293360937,1.5516408580764312,2.551640858076431,-0.031737346101231134,-0.5386064030131827,-0.4838095238095238,-0.00671834625323009,-0.06153846153846143,0.028184892897406888,0.026770775237032973,-0.04158840890796878,-0.13598498181391516,-0.4
2006-12-31,-0.004804674256366437,0.01672338622420977,-0.036511297478194704,1.1325531725549522,-0.14992203742203747,-0.18689862960443193,-0.17391304347826086,-0.15555555555555556,7.409104316193098,-1.386303477775974,-2.308801780458037,1.420967652135182,1.7393200000000002,0.015541113308844334,0.15714285714285703,0.06642066420664205,-0.048387096774193505,0.021857923497267784,1.1650219298245617,0.025529603476371454,-0.03163493840985454,1.1861759913090713,-0.6666666666666666
2007-03-31,0.004681847789522742,-0.011174797555087101,0.05000073894094981,-0.6926575834080998,0.2807465378618814,0.3659056498525779,0.3157894736842106,0.2894736842105263,-0.9367816763904641,-0.8228146469814355,-0.5639018557017712,-2.356645125681301,-0.8613962589255728,0.23038397328881466,0.3791887125220459,0.25605536332179923,0.049753963914707544,0.2941176470588234,0.046594074449227474,0.024894067796610297,0.04509973980919346,0.32424374184731963,0.0
2007-06-30,0.004181926810436831,0.010287830856600566,-0.00533368533653078,0.49619823489477266,-0.3757891847378534,-0.45924186514592413,-0.45999999999999996,-0.44897959183673464,5.534954688366931,-7.201093121583995,-1.3198284319891322,-1.6096523198454,3.788874841972187,-0.09407507914970592,0.07544757033248062,0.05509641873278248,-0.005729166666666674,-0.13636363636363635,-0.3450278248245826,0.024806201550387375,-0.009681881051175623,-0.04775083259064683,0.0
2007-09-30,0.015602573115494733,0.023103823444782234,0.012366798572555737,-0.08013067743545532,0.311880998814577,0.43993418923292693,0.4444444444444444,0.4444444444444444,-0.2382657176413986,0.5753508946983303,-0.45467416525740356,-1.751640529418307,-0.5946849700809573,-0.16650024962556165,-0.04280618311533879,-0.03394255874673635,-0.047668936616029334,-0.16267942583732053,-0.22423346878463246,0.024205748865355536,-0.0030726256983240052,-0.01817644451012257,0.0
2007-12-31,0.033051668081914176,0.031848341151200055,0.038893436878914445,36.82503822818527,0.08960270498732048,0.09888175023882217,0.025641025641025772,0.025641025641025772,2.5038732328955433,2.057722555922685,8.420597144093467,-2.0945546019532406,1.6059487624837168,-0.10691823899371067,0.01614906832298124,0.018918918918918948,0.03410341034103426,-0.06285714285714294,-0.07190476190476203,0.02363367799113747,0.005603810591201963,-0.8674493277142283,10.0
2008-03-31,0.01282462068230128,-0.025742994636789862,0.08349717985202365,-0.7027999796564284,-0.7411251705411841,-0.9309992159001806,-0.925,-0.925,-0.9882142118684955,-0.4673732543888419,-0.08462327561128724,-2.0978437204272002,-0.6765600266600016,-0.21898054996646554,-0.3190709046454767,-0.24403183023872677,0.08031914893617009,-0.24390243902439024,-0.22883530015392506,0.023088023088023046,0.06993591529674004,-0.44095382286146856,0.27272727272727293
2008-06-30,0.00938449994413837,0.02533689089494806,-0.014978925398360099,-0.038635196861795285,0.8943370879404775,3.39649209486166,3.0,3.0,51.01709401709402,-0.34382089474844113,-1.102239654768675,-1.066958101160607,0.14006053190804302,0.0519536281665951,-0.15080789946140027,-0.08771929824561409,-0.016248153618906858,-0.024193548387096753,0.49567531603459747,0.02256699576868826,-0.024218750000000067,-0.2654028436018957,0.1428571428571428
2008-09-30,0.0012504677285491983,0.01295044426314318,-0.01689630159375355,-0.010164494103041544,-0.12936748220276573,-0.2665055908299152,-0.25,-0.25,0.8282425584170745,0.710532034691902,3.2925971370143152,-7.544367816091954,-0.8039990962494352,-0.027755102040816326,-0.3150105708245243,-0.19615384615384612,-0.020020020020020124,-0.016528925619834767,0.12722419928825612,0.022068965517241468,-0.018147851614624955,-0.3972350230414746,0.125
2008-12-31,-0.019378252638321936,-0.014987052812367452,-0.02206672835591228,0.06203745118020554,-0.1836152882205514,0.6636280067412288,0.6666666666666667,0.5555555555555558,0.48331417597335946,-0.4576470859993994,2.822722335499362,-2.3391878600533933,5.493371757925072,-0.41267842149454237,-0.39814814814814814,-0.3014354066985645,-0.02962206332992845,-0.40336134453781514,-0.13733228097868988,0.022042285200179812,-0.0027181299266104686,-0.032110091743119296,-0.38888888888888884
2009-03-31,-0.0018806683185792483,-0.00583347671305523,0.00411764580803875,-0.04069068221584471,0.6342530411757934,0.07045171985080811,0.0,0.0714285714285714,-0.8455656078295061,-0.12124664593892409,-1.1681912215547967,-1.0189382016577484,-0.016021658086277313,-0.41672623302358824,0.3538461538461539,0.21232876712328763,-0.3336842105263158,-0.3943661971830986,-0.01784080512351327,0.011003521126760507,0.005996184246388703,0.35071090047393394,0.0
2009-06-30,-0.010554791237945671,-0.11827838546853964,0.17215040568198292,0.5941498341261184,-1.3545213328010894,-2.393986320815589,-2.0666666666666664,-2.0666666666666664,1.8770132980920127,-0.6113123871608768,-4.044516893894487,-13.542936288088642,0.2042307518830906,-0.03676470588235292,-0.6742424242424243,-0.3728813559322034,0.17140600315955767,0.4418604651162792,-0.2678155565905914,0.0074009577710056895,0.18477377404497441,-0.7064327485380117,0.18181818181818188
2009-09-30,-0.020598004370015688,0.05038946852640591,-0.10735818741975656,-0.07760860122250013,19.807457941449197,8.963648707029563,8.0,8.0,-0.1674178915939366,2.266880728224952,-2.1488094079165125,27.536881625441698,4.839694370575677,0.3460559796437659,-13.093023255813954,-4.09009009009009,-0.10788941335131486,0.14516129032258052,2.0591603053435117,0.0073465859982713155,-0.08872627486851137,0.0,0.15384615384615374
2009-12-31,-0.018102967812913318,-0.021346619706676062,-0.01323858392655719,0.3728088940051033,-1.048295246553409,-0.9951685135746186,-0.9930555555555556,-0.9930555555555556,-0.16627299529318462,-1.4146571878429315,-2.2605925022032407,-1.0664938281159309,-0.05510730274382036,0.12192816635160675,0.06538461538461537,0.055393586005831,-0.013605442176870763,0.267605633802817,0.0,0.007293007293007303,0.005018820577164407,0.0,0.19999999999999996
2010-03-31,-0.02902558897325802,-0.037205583685524846,-0.01672076285019375,-0.24742385923374943,-0.8254679673081993,8.784615384615385,6.000000000000001,6.000000000000001,-0.791167773021486,-0.17498964422147556,0.1587120193600431,12.538524208566107,-0.7895833616160519,-0.005054759898904693,0.11101083032490977,0.16850828729281742,-0.017624521072796995,0.0,0.0,0.0072402044293014,0.012734082397003688,0.0,0.11111111111111116
2010-06-30,0.02952778998199168,0.010851768109832571,0.05682041390876402,0.14381474165899522,-8.794561933534744,1.7771881551362685,1.714285714285714,1.714285714285714,5.347526860424815,-2.6073640167364016,-1.8974241457330163,-2.9365559691548535,7.266879576760541,0.058425063505503694,0.14459788789601946,0.028368794326241176,-0.35569422776911075,0.0888888888888888,0.0,0.00718816067653294,-0.29807692307692313,0.0,0.0
2010-09-30,0.03534813256169422,0.07467135122916457,-0.019918608388316494,-0.032982231321008304,-3.782703488372093,-1.803566794838527,-1.6842105263157894,-1.6842105263157894,-0.26323507616945263,3.9492399000416496,-1.2888052802720296,-2.0450578427281525,-0.9186428111525179,-0.08879999999999999,-0.928317955997161,-1.1724137931034484,-0.004842615012106477,0.40816326530612246,0.0,0.00713685978169587,-0.03723217421847558,0.0,0.04999999999999982
2010-12-31,0.011175974776012287,0.026202897170318984,-0.0113149942554025,-0.18459292538334537,-0.5504657438843911,-0.7216122592766557,-0.6923076923076923,-0.6923076923076923,0.5701187879814513,-1.0637423517242588,2.781712367095691,-0.989529173887926,-0.11823109022015443,0.04565408252853387,-0.38613861386138615,0.17333333333333334,-0.017031630170316392,0.050724637681159424,0.0,0.007086285952480287,-0.02590295512586649,0.0,-0.09523809523809523
2011-03-31,-0.01527744419484589,-0.032814731436436206,0.0029145066726417035,0.2779607381985023,1.5093535768232695,4.016239586628704,3.75,3.75,-0.8110300463911965,21.313933659717257,0.6865485238061415,-61.33711967545639,8.090241514360313,0.12426532325776662,-4.806451612903226,0.9318181818181819,0.004950495049504955,0.14482758620689662,0.0,0.007036423841059625,0.0209737827715355,0.34262948207171307,0.0
2011-06-30,-5.393563406452806e-05,0.015699163927110238,-0.02326623665668648,-0.06155818509845279,-1.2138943339147077,-1.6105236603670456,-1.631578947368421,-1.631578947368421,3.1486886708296167,-1.2464889250452982,-0.7692488567728532,-1.3326139137099866,-0.2960236962570685,0.07468259895444351,0.2923728813559323,0.04117647058823515,-0.03448275862068961,0.06626506024096401,0.760241214389686,0.006987258528565521,-0.03374908290535583,0.2937685459940653,0.0
2011-09-30,-0.002979108114230189,0.0344256834560539,-0.06086824224335652,-0.004977001680116833,0.07295425025256175,0.10446938916052617,0.08333333333333348,0.08333333333333348,-0.13309881565706516,0.8035544620800703,-0.6665703422053232,1.051000606428138,-0.8624505928853755,-0.1431549687282836,-1.0655737704918034,-0.536723163841808,-0.03316326530612246,-0.11299435028248583,-0.39303012404016535,0.006938775510204165,-0.03075170842824604,0.0,0.0
2011-12-31,-0.06665510940467534,-0.10675879619038597,0.0017923640200174784,-0.5486529204485375,-5.05185284820768,-2.4018269110861703,-2.3076923076923075,-2.230769230769231,-0.08273474085244859,-4.469206796353393,22.73922364639876,-2.9477740654228635,12.212767272277839,-0.10543390105433903,-9.0,0.5853658536585364,-0.02242744063324542,-0.07006369426751602,0.0,0.0068909606809890445,0.07403055229142175,-0.4334862385321101,-0.10526315789473684
2012-03-31,-0.018849766226750275,-0.008957628316179411,-0.023226258948548795,0.6706019441292814,-1.3005958802927946,-1.8092961192038253,-1.823529411764706,-1.875,-0.7258823402161099,-1.2199057238626683,-0.8331453495633461,-2.007296573848715,-0.9310599647348802,0.21033544877606536,-2.675,-0.8538461538461538,0.02564102564102555,0.23287671232876717,1.5982872713117944,0.006843800322061222,0.07512764405543404,0.0,-0.05882352941176472
2012-06-30,0.0284740203756908,0.06252234629866482,-0.026736721583747958,-0.013895007342143884,-0.02109331860850361,-0.21731244847485576,-0.2142857142857143,-0.2142857142857143,3.541806415972853,0.3951153916045793,-2.9422020567269715,-1.4612722221943146,6.229647218453189,0.06292134831460672,-0.007462686567164312,-0.3157894736842105,-0.046052631578947345,0.03888888888888897,0.0,0.006797281087564944,-0.06173677069199457,0.0,-0.0625
2012-09-30,0.017264494368351313,0.026156784255757515,0.0031638236814430787,0.12759525715243014,-0.010097021660649852,-0.008847693279966262,0.0,0.0,-0.4692579689495495,-0.08486294696586827,-0.2817171148201951,-0.9282657228423632,0.06181203960024395,0.05214940098661036,-0.07894736842105254,-0.23076923076923073,-0.015172413793103523,0.10160427807486627,0.0,0.006751389992057266,-0.012653651482284922,0.0,-0.06666666666666654
2012-12-31,0.05145729895633133,0.08081070282291036,0.0009699088764623109,-0.12332240523756233,0.2810416547951451,0.1704923839886645,0.09090909090909083,0.09090909090909083,0.5979865771812081,1.6329414443906742,1.3573905004044842,-13.033247305298314,-0.7005002121040724,-0.04085733422638982,1.604081632653061,-11.6,-0.14425770308123242,-0.024271844660194275,0.0,0.006706114398421947,-0.04796777737092639,0.0,0.0714285714285714
2013-03-31,0.03200988981496411,-0.027658182040756984,0.14631510055899977,0.011795010845986997,-2.962679596103376,-1.8486820203976637,-1.75,-1.75,-0.24776431300642277,-0.9322583644529401,-0.19051470871457632,-4.447737279689136,8.063914544542477,0.09706703910614523,-0.5391849529780564,-0.8301886792452831,0.2831423895253682,0.2786069651741294,0.0,0.006661442006269613,0.24384615384615382,0.0,0.0
2013-06-30,0.01048474263143806,0.009154316878019042,0.012720760983472301,0.025272827430136813,0.582666636448111,1.1928466997111578,1.1111111111111112,1.1111111111111112,0.699090339624697,7.867115679264556,-1.574234768916651,-2.0456933964680655,-0.9303245465821524,0.008274984086569015,-1.425170068027211,-6.388888888888889,0.005102040816326481,-0.21400778210116722,0.0,0.0066173608407940065,0.0043290043290042934,0.028340080971659853,0.0
2013-09-30,0.0003725312668776404,0.006704415797296415,-0.009548043538599837,0.05892731378286342,-0.9808540497193263,-1.0986600318730282,-1.1052631578947367,-1.1052631578947367,-0.04289458287582848,-0.5753863543912826,-1.0093712098955154,-1.0094833167112838,0.12662368002990365,0.04482323232323249,0.688,0.2268041237113403,-0.013959390862944177,0.03960396039603964,1.4794007490636703,0.006573859242072766,-0.011699507389162478,0.8031496062992127,-0.06666666666666654
2013-12-31,-0.017018858886304167,-0.03404053636773052,0.01127719748788536,-0.15672803318591655,59.775617053103964,-12.467611669688479,-11.5,-11.5,-0.011447089659099463,-1.9129738116029267,-186.35128617363344,-2.7848708487084872,-0.2006055076310551,-0.06042296072507558,1.848341232227488,1.1092436974789917,0.009009009009009139,-0.04761904761904767,-0.6644410876132931,0.006530925854782765,0.03084112149532725,2.0895196506550215,0.0
2014-03-31,0.0019024550945010432,0.009073096027281347,-0.009136667703202206,0.19187393789587515,-0.6853071120026583,-0.7314657774455975,-0.7142857142857143,-0.7142857142857143,-0.4990597363873547,-1.6955835376272193,-1.0692523538774465,-1.0411412032251395,0.010324254215304807,0.21864951768488727,-0.06322795341098164,-0.0916334661354582,-0.010204081632653073,0.20999999999999996,-0.6369856847033402,0.0064885496183206826,-0.00513750377757638,-0.08197879858657242,0.0
2014-06-30,0.012248815975254512,-0.02948133338637815,0.08010886515511206,0.03363236347511678,4.339134175433108,5.8344484290531495,5.333333333333334,5.333333333333334,1.4501242876710014,-0.26740181026887033,-6.527680360721443,7.798994974874372,0.08991475813905714,-0.05699208443271764,0.4262877442273534,0.3728070175438596,0.05670103092783507,-0.04958677685950419,0.007192460317460236,0.006446719757299935,0.08019441069258826,0.42494226327944573,0.0714285714285714
2014-09-30,0.002758790329391303,0.009617094705208107,-0.007034959908759797,-0.03949773949773949,-0.4758765665399518,-0.5180988033331244,-0.5263157894736843,-0.5263157894736843,-0.19272152553953603,-0.4454588526860558,-0.5283461355448305,24.646487721302112,2.1157597173144875,-0.02462227196418587,0.28144458281444584,0.2875399361022364,0.024390243902439046,-0.07391304347826089,-0.3186407288845111,0.006405425772419093,0.023340832395950528,0.3230686115613184,-0.06666666666666654
2014-12-31,-0.016407001602573246,0.04725557654858181,-0.10676449086520645,-0.046787443182013444,-0.8211216233212684,-1.048933092811987,-1.1111111111111112,-1.1111111111111112,0.05573271550581782,0.538496927475272,1.9996877326991904,-2.07355200748213,-0.7289965523498458,-0.09581181870338495,-0.2808551992225462,-0.21836228287841197,-0.011904761904761862,-0.11737089201877937,-0.3136971449222986,0.0063646574316733595,0.013465237702665611,-0.2817476521028992,0.0714285714285714
2015-03-31,-0.003138040647910345,-0.007925810247840004,0.004675342836915286,-0.03607227430499238,4.153828125,-22.668548654931918,-10.5,-10.5,-0.6543955688002073,-0.5170233670810371,-0.8383888532991672,-0.9975938601949803,-0.006472491909385147,0.35215736040609125,0.19189189189189193,0.16507936507936516,0.0036144578313253017,0.36702127659574457,0.8704581358609798,0.006324404761904878,0.007863340563991184,0.2552586696986925,0.0
2015-06-30,-0.07968212680570375,-0.20958968604441264,0.13597218636057096,-0.1553199842952493,5.884521517682548,5.887683158604623,5.842105263157895,5.842105263157895,2.1157505037724356,-47.044533875818146,57.05594093746903,-22.103448275862068,0.13748174772548571,-0.044110746128578016,1.1904761904761907,1.1607629427792912,0.13565426170468187,-0.046692607003890885,-0.21452702702702708,0.0062846580406654695,0.23432875975248857,1.4447463768115938,-0.06666666666666654
2015-09-30,0.0035684763598280433,0.0015141217753626979,0.0069917024078547385,0.0382475198873824,-0.8300001100921471,-0.8299123236459122,-0.8307692307692308,-0.8307692307692308,-0.22867628258155726,-0.876232160505744,-0.9353000166426984,62.5702614379085,7.683420558901945,-0.0667648502700049,-0.008799171842650111,0.035308953341740335,0.006342494714587588,-0.17959183673469403,-0.5870967741935484,0.006245407788390889,0.0034873583260679464,0.08354946276398678,0.0
2015-12-31,-0.03120431927073586,-0.030339566813444296,-0.03204274678189922,-0.05531749787879947,-0.6824292819396953,-0.6827066488735379,-0.7272727272727273,-0.6818181818181818,-0.013678996938556676,-1.202619856901181,2.012795483326298,-1.9853553527824186,-0.8718798685422519,0.059968437664386975,0.019321148825065304,0.04872107186358088,-0.03361344537815125,0.054726368159204064,0.03472222222222232,0.006571741511500528,-0.0008688097306689402,0.10805265857411528,-0.07142857142857151
2016-03-31,-0.0029134987385632805,-0.0014732059158820698,-0.005185843066413787,0.015304901991758602,0.7845752273746891,0.7857083951839023,1.0,0.714285714285714,-0.3405790654686002,1.3978935273841442,-0.9518682627389511,-0.9550478997789241,-0.30590689211378863,0.022828784119106826,-0.05737704918032793,-0.00696864111498241,-0.005434782608695565,0.05660377358490565,-0.028523489932885893,0.006528835690968515,-0.0021739130434783593,0.009566424934423612,0.0
2016-06-30,-0.004630300886187544,-0.049105667545132126,0.047057730842972045,0.0071570187682814534,1.5181232288143338,1.5184612187406192,1.5833333333333335,1.5833333333333335,0.868758338455081,-2.6626363621843505,12.890566724279086,-12.034382707094153,4.8631713554987215,0.15963124696749142,-0.575,-0.5695906432748539,0.032786885245901454,0.16517857142857117,0.20725388601036276,0.00648648648648642,0.05185185185185204,-0.5738957664679811,0.0
2016-09-30,-0.00042884039023893816,-0.048699563324723916,0.05046299634713969,-0.0016110238166698876,0.027009611283047352,0.027020088569411405,0.032258064516129004,0.032258064516129004,0.25136568187834407,-0.7809425914540424,0.049718727693043085,-0.7566263476202998,0.20186477644492906,0.1543933054393305,0.1227621483375958,0.15217391304347827,0.03915343915343916,0.11877394636015337,1.741058655221745,0.0064446831364124435,0.05095277547638766,0.15136298421807748,0.0
2016-12-31,-0.01312706743041947,-0.02220294355263197,-0.004545267851988277,-0.007391721448812727,-0.5742274145229279,-0.5736693627582267,-0.5625,-0.59375,-0.34125218751402253,-2.7272288733938517,0.004111272622917106,-6.271028037383178,-0.8853199771347687,-0.08952519028633554,0.059225512528473745,0.08490566037735836,-0.007128309572301483,-0.12328767123287665,-0.20067849686847605,0.0067591604411241235,0.00867165944028403,0.0778816199376946,0.0
2017-03-31,0.027541043254269537,0.055485558492687215,0.00039903999575274796,0.012412761048782528,0.4690950601909507,0.47000314103235263,0.4285714285714286,0.5384615384615385,0.06985909462457673,4.354440664195399,-1.6318546132339236,-1.0076866314106505,0.059340137669119386,0.019108280254777066,0.06236559139784936,0.08478260869565224,0.0,0.02734375,-0.05027750571335288,0.006713780918727874,-0.02637749120750299,0.08323699421965336,0.0
2017-06-30,0.051599983329764454,-0.23305496398054693,0.330799396977562,-0.16673852028471625,16.34599680705274,16.24420227920228,16.0,15.899999999999999,0.10515448914437475,-4.975518042581441,-9.81996519071359,82.916,4.700649787138696,0.08242187499999987,2.8805668016194335,3.1923847695390783,0.3302564102564103,0.07984790874524705,-0.007906497078033703,0.006669006669006716,0.26550270921131847,3.4306296691568834,-0.07692307692307698
2017-09-30,-0.002746540551923693,-0.041451513179732724,0.020856500299405223,0.028593753299685387,-0.8653905830666568,-0.8634753164488994,-0.8647058823529412,-0.863905325443787,0.06212141164076912,-0.9519559349568283,-0.7565755147363774,-1.7787311120644453,-0.6421271912585489,0.035366293756766476,-0.04147104851330208,0.020076481835564097,0.02004626060138781,-0.22183098591549288,-0.7532917532917534,0.00662482566248257,0.023628290516967798,0.07587618932915796,0.0
2017-12-31,0.012432389248275166,0.1060187980327787,-0.03769119460324255,-0.13061777567906052,0.1528114770465121,0.1528114770465121,0.13043478260869557,0.17391304347826098,-0.32107212596472745,-0.29131082423038734,-0.6523085237447502,-1.8211829997347535,1.4734395021050704,-0.020216103171836974,0.028299319727891126,0.07075913776944698,-0.04006046863189727,-0.040723981900452455,-0.053370786516853896,0.006927606511950124,-0.04957397366382632,0.17295421470950423,-0.08333333333333326
2018-03-31,0.005343388291269013,0.011611269812048963,0.00014582456400447086,0.38479749675286334,-0.6170403728664106,-0.6170403728664106,-0.6153846153846154,-0.6296296296296297,0.2915530091192349,-2.3429552301548378,-0.4719163285736867,-0.13692946058091282,2.3800509161954944,-0.08039843472073993,-0.05662873776131261,-0.014879649890590874,0.0,-0.037735849056603765,-0.1632047477744808,0.0068799449604401985,-0.0050529747351263365,-0.007491887764840777,0.0
2018-06-30,0.010116760644045542,-0.018493653587400627,0.028010777533056697,-0.10231628133033766,1.6567575346408452,1.6567575346408452,1.7000000000000002,1.7000000000000002,0.03794560011311221,-2.312056552587646,2.828286355699676,-0.5889279134039613,0.06252764239390785,0.05493230174081232,-0.6210378681626929,-0.6263882718791649,0.026771653543307128,0.05392156862745101,0.054964539007092306,0.006832934745473196,0.01769331585845335,-0.6301264483869417,0.0
2018-09-30,0.04291614164171387,0.10953996065641358,0.0025681837883211323,0.10134974686309706,-0.726456705099435,-0.726456705099435,-0.7222222222222223,-0.7222222222222223,0.20071345865685863,-7.79033380385296,-2.5030037269670826,1.1121226976679037,0.12429422770995946,0.04510451045104502,-0.1783863804589193,-0.19500594530321047,0.0,0.018604651162790642,1.7529411764705878,0.0067865626060401585,-0.0387958789439794,-0.2161705446509814,0.0
2018-12-31,-0.002656422328465524,-0.0029372047875309004,-0.003051924884980295,0.1680005864647387,0.27175860443187183,0.27175860443187183,0.19999999999999996,0.3333333333333335,-0.20047365472839307,-0.2245693857653559,-1.412684512842744,-9.19934347955834,-0.9064629528484133,-0.06000000000000005,-0.24684684684684688,-0.2511078286558345,-0.005368098159509116,-0.06392694063926951,0.14346764346764362,0.00707785642062686,-0.0003349522693015805,-0.32238805970149254,0.09090909090909083
2019-03-31,0.02030439680862073,0.06164396636319425,-0.007855178426177778,-0.021886087492662187,-0.33934900274338253,-0.33934900274338253,-0.33333333333333337,-0.4,0.01597225917451528,-0.2210341103886787,-1.9285894365309466,-0.9864568674075153,-0.13124583610926044,0.04292646509891762,-0.07775119617224868,-0.08875739644970426,-0.008481110254433433,0.04878048780487809,0.36839295248264814,0.007362784471218298,-0.027642821243089255,-0.10230053842388642,0.08333333333333348
2019-06-30,0.006486295726959357,0.009355107976725119,0.004108308576448394,-0.10532255811934521,0.594868802047092,0.594868802047092,0.6666666666666667,0.6666666666666667,0.25029897258181366,-0.39237346465929246,-1.260379194099414,0.5350851000298598,-0.23191086250451098,0.11095204008589832,-0.3411154345006485,-0.3528138528138528,-0.0015552099533436836,0.12093023255813962,0.1989855637924307,0.006976744186046435,-0.0022398345968298594,-0.3593238822246456,0.0
