Quarter end,Assets,Current Assets,Liabilities,Current Liabilities,Shareholders equity,Revenue,Earnings,Earnings available for common stockholders,EPS basic,EPS diluted,Cash from operating activities,Cash from investing activities,Cash from financing activities,Cash change during period,Cash at end of period,Price,ROE,ROA,Book value of equity per share,P/B ratio,P/E ratio,Cumulative dividends per share,Equity to assets ratio,Net margin,Asset turnover,Current ratio
1996-05-26,0.0012391644928617662,0.01943884992013345,-0.019645049412900573,-0.07910290901088235,0.01602928751542776,-0.07050791069511086,-1.5455477946563767,-1.5455477946563767,-1.5384615384615385,0.0,-1.3092461474385673,-0.11215129260484757,-2.721847128448779,-9.733121525019858,0.04149227169363612,-0.23058823529411765,-0.010430247718383412,-0.19241982507288624,0.01547388781431347,-0.1428571428571428,-0.2219842969307637,inf,0.014861633071403979,0.08090614886731395,0.01948051948051943,0.10700479356734172
1996-08-25,0.0012391644928617662,0.01943884992013345,-0.019645049412900573,-0.07910290901088235,0.01602928751542776,-0.07050791069511086,-1.5455477946563767,-1.5455477946563767,-1.5384615384615385,0.0,-1.3092461474385673,-0.11215129260484757,-2.721847128448779,-9.733121525019858,0.04149227169363612,-0.23058823529411765,-0.010430247718383412,-0.19241982507288624,0.01547388781431347,-0.1428571428571428,-0.2219842969307637,inf,0.014861633071403979,0.08090614886731395,0.01948051948051943,0.10700479356734172
1996-11-24,0.0060666866881036174,0.07738999516312539,0.040367223218987336,0.0929962617141491,-0.017371914331829275,-0.07050791069511086,-1.5455477946563767,-1.5455477946563767,-1.5384615384615385,0.0,-1.3092461474385673,-0.11215129260484757,-2.721847128448779,-9.733121525019858,-0.34792101765711025,-0.1330275229357798,-0.010430247718383412,-0.19241982507288624,-0.030476190476190546,-0.1428571428571428,-0.2219842969307637,inf,-0.023396734556471843,0.08090614886731395,0.01948051948051943,-0.014247799972063158
1997-02-23,-0.0021565963709098135,0.025526560395576325,0.015808669913477402,0.03370688751207562,-0.015154159037565895,0.06956729619890023,-2.4077356970185333,-2.4077356970185333,-2.428571428571429,0.0,-5.475783475783476,-0.005575081808265714,-2.0990221232511983,-1.7439745338790358,0.396952491871694,-0.051146384479717866,-0.010430247718383412,-0.19241982507288624,0.02946954813359537,-0.01851851851851849,-0.2219842969307637,0.0,-0.012926577042399301,0.08090614886731395,0.01948051948051943,-0.007935383307354438
1997-05-25,-0.06455618959423903,0.040068193308916866,-0.016247084999843953,0.03724167700857928,-0.10060582769139137,0.019736628515345078,-8.3812885581632,-8.3812885581632,-8.6,0.0,-0.30933395058156354,-0.34549055453991473,-0.08615791212421542,-1.4030562347188265,-0.11453086462639384,-0.04646840148698883,-0.010430247718383412,-0.19241982507288624,-0.10114503816793896,-0.07547169811320764,-0.2219842969307637,0.6666666666666667,-0.03858913916535711,0.08090614886731395,0.01948051948051943,0.00271389801456956
1997-08-24,-0.01552409149563938,-0.04969929068764467,-0.039923672166516155,-0.057957051895626166,0.004391364143790266,-0.008964650793728546,-1.2103122630454264,-1.2103122630454264,-1.2105263157894737,0.0,0.6058112840792935,0.2283878776593269,0.5563589039115031,-2.475583864118896,0.19085916045508045,0.38011695906432763,-0.010430247718383412,-0.19241982507288624,0.02123142250530785,0.5306122448979591,-0.2219842969307637,0.0,0.020159825644751272,0.08090614886731395,0.01948051948051943,0.008831908831908875
1997-11-23,0.0249953833906551,0.19362948453222373,0.08167822527724145,0.14086414108281597,-0.019229051503691252,-0.0791616779784785,-0.6914945919370699,-0.6914945919370699,-0.6875,0.0,-1.186496921632057,-0.06760904991094097,-1.5294217845086562,-2.703186022610483,-0.2729698566957668,0.035310734463276816,-0.18708827404479578,-0.19241982507288624,-0.006237006237006071,0.01333333333333342,-0.2219842969307637,0.5999999999999999,-0.04308349652839594,0.08090614886731395,0.01273885350318471,0.046173397345382616
1998-02-22,0.00080492178128444,0.012587540503815164,0.007610640712290451,0.006478218780251677,-0.005051268497454187,0.08855665718008265,2.951925630810093,2.951925630810093,3.0,0.0,-6.525290957923008,-0.1719708978579848,-2.8943519845564363,-2.6425295679459326,0.6167021614028727,0.0859481582537518,-0.17828200972447317,-0.19241982507288624,0.03556485355648542,0.09868421052631571,-0.2219842969307637,0.0,-0.005767441860465072,0.08090614886731395,0.018867924528301883,0.006073694155756426
1998-05-31,0.000800744672375453,0.025920200672521432,0.044877119079976824,0.07467211443388999,-0.03760879268547013,0.13546934956814138,0.34478123529807103,0.34478123529807103,0.44999999999999973,0.0,-0.3982764207882691,0.09081091694482613,-0.3921038816663064,-1.1597354886113151,-0.060932201014602394,0.0678391959798994,-2.897435897435897,-2.862815884476534,-0.014141414141414232,0.029940119760479167,-0.2219842969307637,0.375,-0.03854790419161669,0.08090614886731395,0.030864197530864113,-0.04534478132546271
1998-08-30,-0.034440748470078275,-0.1450240352567408,-0.06608788295538282,-0.12227564332049312,-0.004498722845138192,-0.038109474772081375,-0.12092058573641862,-0.12092058573641862,-0.13793103448275856,0.19999999999999996,0.5252696948787425,-0.4485644856448564,1.130781539711971,1.5367985280588776,-0.16460229816445304,-0.23058823529411765,0.12474012474012497,0.10852713178294571,-0.002049180327868827,-0.22093023255813948,-0.2219842969307637,0.0,0.031140521603736815,0.08090614886731395,0.0239520958083832,-0.025997751545812187
1998-11-29,-0.019288911524087515,-0.10603787129878073,-0.024583605676878673,-0.04362571453626263,-0.014589409381073004,-0.10709130450975501,-0.5474857159100599,-0.5474857159100599,-0.56,-0.5416666666666666,-0.34686086284894624,0.8950546760241553,-0.3932841425182677,1.7064369900271985,-0.5332618792425866,-0.1330275229357798,0.0914972273567467,0.08916083916083917,-0.006160164271047264,-0.1343283582089554,-0.2219842969307637,0.18181818181818188,0.004718761796904447,0.06287425149700598,0.029239766081871288,-0.0652142547972876
1999-02-28,0.01536483842630254,0.12626420534018767,0.051087856778797125,0.09704644949153551,-0.016020870712532886,0.09573061600064725,1.4092593755889191,1.4092593755889191,1.5454545454545459,1.4545454545454546,0.7260364226103997,-0.00473688743432954,0.018055719281700577,-2.825137344231542,2.085272504592774,-0.051146384479717866,0.0906011854360711,0.0818619582664526,0.012396694214876103,-0.04310344827586188,-0.1183486238532111,0.0,-0.030809693781701952,0.05352112676056353,0.022727272727272707,0.02670165148942738
1999-05-30,-0.001382383673828702,-0.042298341379028215,0.019204854304829322,0.03837526629243193,-0.020703624581859148,0.054294174576973164,0.332020963158032,0.332020963158032,0.3928571428571428,0.40740740740740744,-0.05819655283788938,0.6419176185531326,0.1120481695196558,-0.9759929520593201,0.016225872078598824,-0.04646840148698883,0.1009316770186337,0.09643916913946571,-0.01224489795918382,-0.05405405405405406,-0.11966701352757525,0.15384615384615374,-0.019383601473153766,0.0855614973262031,0.011111111111111072,-0.07772098616957301
1999-08-29,0.01241722028063763,0.0929861443779616,-0.008500208151024147,-0.014615838192488018,0.03284835836006117,0.01686698213846105,-0.07387397968171938,-0.07387397968171938,-0.07692307692307698,-0.07894736842105265,-0.6326214601195115,-0.1345788974386002,-0.7711851170539541,-17.32262996941896,-0.2606201171875,1.6452241715399611,0.09167842031029605,0.08389715832205691,0.04338842975206614,1.6666666666666665,1.4054373522458627,0.0,0.020162087369045345,0.07389162561576357,0.01098901098901095,0.10920945395273018
1999-11-28,0.008195102634447338,-0.020490659162730407,0.04860328613354459,0.08640272640751356,-0.029693593370713978,-0.08732600165054316,-0.48314416756493983,-0.48314416756493983,-0.4722222222222222,-0.48571428571428565,-1.0717377160476365,0.879540817880089,-5.089799014031096,-0.031569086651053846,-0.34135710747895,-0.10906411201179078,0.06524547803617575,0.04744069912609228,-0.003960396039603853,-0.14642857142857135,-0.19705159705159714,0.13333333333333353,-0.03758961441581099,0.03899082568807333,0.005434782608695565,-0.09845701689933861
2000-02-27,0.024601904033346722,-0.0017812763628901607,0.060103350674210354,0.11096364685516447,-0.011372093191752364,0.08166879069498756,0.9175594994683896,0.9175594994683896,0.9473684210526316,1.0,-52.26301261829653,0.37450993098532215,-1.830094206661227,-1.0384987425033856,0.019952875119065627,-0.10339123242349046,0.06064281382656156,0.04171632896305133,0.02385685884691857,-0.09623430962343094,-0.15667074663402691,0.0,-0.03503120595933151,0.03752759381898452,0.00540540540540535,-0.10138549307253464
2000-05-28,-0.01082043645019437,-0.1706995348996565,-0.025904813660706183,-0.04479742629641348,0.005569805789666482,0.09659238914229351,0.23786573402712619,0.23786573402712619,0.2702702702702702,0.2777777777777779,0.34075367491519426,-0.17072710771660593,1.1935346946070329,13.464824120603016,0.2829687884000982,-0.019372693726937174,0.04230989136649499,0.03203661327231111,0.01941747572815533,-0.04629629629629628,-0.08853410740203183,0.17647058823529416,0.01648237012309628,0.014893617021276562,0.016129032258064502,-0.13187012515871577
2000-08-27,0.03799641172898971,0.09045651724850234,0.06248460610928497,0.10942399491173815,0.012221100086416081,0.012002437063239446,-0.01938118044309689,-0.01938118044309689,0.0,0.0,-0.42245642620279744,0.1381506012109497,-0.8542576919551468,0.09067222511724848,0.2405562792123208,0.07525870178739402,0.060888645090510174,0.03880266075388028,0.03428571428571425,0.058252427184465994,0.011146496815286566,0.0,-0.024835796387520537,0.03144654088050314,0.010582010582010692,-0.017133305474300142
2000-11-26,0.025379093303621536,0.046445913605738465,0.025604167869199168,-0.17830074484438474,0.02513042476507077,-0.08470494644987991,-0.4810175506403612,-0.4810175506403612,-0.46808510638297873,-0.4782608695652174,-1.2287542094231476,-0.10112640175828569,-5.918238993710692,-4.922280617932792,-0.7605694697507798,0.2502187226596675,0.0191313340227508,0.007470651013874008,0.018416206261510304,0.20642201834862361,0.15590551181102374,0.1499999999999999,-0.00021048200378881443,0.004065040650406582,0.0,0.27359693877551017
2001-02-25,0.032641745747913564,0.053103833215163876,0.046789104086330635,0.09595550623050153,0.017004133889869877,0.06081497234853939,0.6765512338783386,0.6765512338783386,0.6399999999999999,0.6666666666666667,-7.694415494180997,0.22163100861350382,-1.6348678601875533,-1.8747766769530616,2.778795305043209,0.07347795661301615,-0.0015220700152206446,-0.00741525423728806,0.03435804701627476,0.05323193916349811,0.03133514986376018,0.0,-0.015157894736842037,-0.004048582995951344,0.0,-0.039058587881822704
2001-05-27,0.023861950243567076,-0.059888954464454525,0.026056914517225582,-0.08588514891981802,0.02136471758221048,0.09480141811689857,0.2318735235326186,0.2318735235326186,0.24390243902439024,0.22499999999999987,0.22452792246965791,0.2780867251202621,-0.01819524640794956,0.5093297437801707,1.1099088643888453,0.08930899608865728,-0.0035569105691056757,-0.013874066168623411,0.02622377622377625,0.05415162454873634,0.06142668428005282,0.08695652173913038,-0.002565198802907176,-0.004065040650406471,-0.010471204188481686,0.02831335765155485
2001-08-26,0.01644385424470518,-0.051876931328510234,0.00244165055239276,0.0063760920004762855,0.03244748570865563,-0.0008037998482943731,0.01876710757076583,0.01876710757076583,0.03921568627450989,0.04081632653061229,-0.3486163202169813,-0.12882387485985802,0.16458091134970032,-1.8006273641479842,-0.42116672598440485,0.13943746259724699,0.0025497195308517018,0.0021645021645022577,0.040885860306643984,0.1095890410958904,0.11761045426260108,0.0,0.015859408486926574,0.010204081632652962,-0.01058201058201047,-0.057770270270270485
2001-11-25,0.02957509253026025,0.11442888412472407,0.028455322252245896,0.061311384888990794,0.030817723629416482,-0.06286240544286625,-0.41336315078190355,-0.41336315078190355,-0.41509433962264153,-0.4117647058823529,-1.3161032180411993,-0.2139559586550639,-2.958308050656697,-0.39383114388876084,-0.44105645612073785,-0.027310924369747913,0.008646998982706045,0.008639308855291628,0.026186579378068675,-0.06481481481481499,-0.056792873051224935,0.1200000000000001,0.0012658227848101333,0.014141414141414232,-0.005347593582887722,0.0500179275726067
2002-02-24,0.032792075216184546,0.07839178587909545,0.07628687320470617,0.1374395894532181,-0.015364340353539618,0.11927333291235165,0.8160875407947783,0.8160875407947783,0.8387096774193548,0.8000000000000003,-7.391340142530037,0.1937110187110187,-2.393451143451143,-2.0864330524047903,0.8572928646432321,0.3142548596112311,0.06152294503277855,0.05246252676659524,-0.0015948963317383713,0.2805280528052805,0.26800472255017693,0.0,-0.04677623261694053,0.043824701195219085,0.010752688172043001,-0.05190370496841379
2002-05-26,0.05504181195858293,0.20227600962824277,0.0669837727499496,-0.10743234613591068,0.04058924601140812,0.004347718769944775,0.10161582603443065,0.10161582603443065,-0.26315789473684204,-0.2592592592592593,-0.293054241722854,0.165367701484739,-1.3383352939488709,5.7501312335958,3.1157387465001074,0.09901396877567792,0.030403800475059528,0.01831129196337744,0.05271565495207664,0.10051546391752564,0.015363128491620026,0.0714285714285714,-0.013704686118479303,0.03816793893129766,-0.02127659574468077,0.34701962902935346
2002-08-25,0.022148556212980397,-0.02967092369602986,0.012518033577968879,0.026170771396340164,0.03409937486546366,0.030935119193905125,-0.01457182415111924,-0.01457182415111924,0.0,0.0,-0.18159922105874515,0.12123108537268812,-1.8372201492537314,-1.1365148490896995,-0.10334587080948487,-0.12149532710280375,0.01844167819271547,0.005994005994006013,0.036418816388467334,-0.16393442622950816,-0.17102246675836774,0.0,0.01187808157776793,0.020220588235294157,-0.016304347826086918,-0.05441176470588227
2002-11-24,-0.00914777284564805,-0.17562638556785648,-0.03144822140517978,-0.07581926345333467,0.017948021665777247,-0.08772098606718237,-0.4786467462370976,-0.4786467462370976,-0.47619047619047616,-0.4750000000000001,-1.0141654491059626,-0.24765284615833183,-0.3960749556849835,6.354642698904994,-0.847675741924188,-0.06170212765957439,-0.014938886373924931,-0.019860973187686204,0.017569546120058677,-0.09523809523809523,-0.10342920353982288,0.13333333333333353,0.027242524916943456,-0.009009009009009028,-0.011049723756906049,-0.10801640039587168
2003-02-23,0.06098094072390281,0.23715050085375955,0.07710936686783776,0.16846321462783043,0.04233529099411526,0.10251873254250232,0.648593841720476,0.648593841720476,0.6363636363636362,0.6666666666666665,-122.23330058939096,0.3449967335097608,-0.0957692146421234,-1.8933009742159799,4.971168582375479,-0.10612244897959178,-0.05009191176470584,-0.04863221884498481,0.05899280575539567,-0.12074303405572762,-0.1122763726095003,0.0,-0.017464424320827954,-0.027272727272727337,-0.016759776536312887,0.05880488191472488
2003-05-25,-0.01976160556101636,-0.2680224429148814,-0.00762238286812178,-0.039180003693677024,-0.034263634609500326,0.039029679621257474,-0.01094098986825498,-0.01094098986825498,0.0,0.0,-0.5107300136530663,-0.2708285309711199,4.01942963134709,-1.7326538083585425,-0.609955244710374,-0.06240487062404876,-0.061925495887760085,-0.060702875399361034,-0.010869565217391353,-0.11619718309859162,-0.05559416261292571,0.11764705882352944,-0.014922097871406526,-0.06728971962616825,0.005681818181818121,-0.23817365269461066
2003-08-24,0.039127714773479205,0.21563497108672758,0.03186710813229254,0.06613127804109653,0.04804082291206013,0.026229906182688056,0.12246768123056784,0.12246768123056784,0.16666666666666674,0.14285714285714302,0.23484892396101587,-0.04948572331801604,-0.8424947341192122,-1.6297601514832736,0.9848241826033313,0.06655844155844148,-0.03145951521402779,-0.030612244897959107,0.0439560439560438,0.07968127490039856,0.10743193524650474,0.0,0.008687903764758254,-0.03206412825651295,0.0,0.14010611122027905
2003-11-23,0.01580269956163005,-0.016834829706502075,0.010589102562833297,0.01805264230234216,0.022104132150979172,-0.09299596964012546,-0.5443770592180074,-0.5443770592180074,-0.5476190476190477,-0.55,-1.1569580698589812,0.226445574191096,-4.398615754589712,-2.4348116595673597,-0.7119205984127971,0.04058853373921867,-0.04526091586794467,-0.04912280701754401,0.022368421052631593,-0.0036900369003689537,0.04053156146179404,0.10526315789473673,0.006183745583038913,-0.04140786749482406,-0.005649717514124353,-0.03429851775249915
2004-02-22,0.021220912662435865,0.08594179586928474,0.03617295834470724,0.06659486885621191,0.0033526668373176083,0.08700679099167385,1.4925287172431445,1.4925287172431445,1.4736842105263155,1.5555555555555558,-10.750331097534925,-0.24969007864254444,-3.3245430854460416,-1.2337737935851911,0.5777170394878803,-0.0009751340809363018,0.06190741773563868,0.05658056580565818,0.028314028314028405,-0.022222222222222254,0.022349936143039706,0.0,-0.017559262510974505,0.05831533477321815,-0.005681818181818232,0.018204533285739677
2004-05-30,-0.032025838193777356,-0.18058864867294955,0.011588399121936321,-0.07736947823692353,-0.08585135774199171,0.09438287470047158,-0.3654989152620701,-0.3654989152620701,-0.34042553191489355,-0.34782608695652184,-0.24871399402346794,0.01129454892798587,-0.25538454685168277,-1.4467131474103585,-0.16357419648962845,0.14690092728160087,-0.044642857142857206,-0.05820721769499426,-0.06758448060075095,0.11363636363636354,0.05621486570893186,0.09523809523809534,-0.055630026809651456,-0.07346938775510203,0.017142857142857126,-0.11183172655565288
2004-08-29,0.0104602013848627,0.05877732763126353,0.00234944488056521,0.0077500325539408,0.02153684884045437,-0.05924714403117781,0.4367046351184576,0.4367046351184576,0.4516129032258065,0.4666666666666668,-0.34179968856254705,-0.21119138181911012,-0.5099558294198,-1.266025641025641,0.05202485419959668,-0.10851063829787233,0.021440351841671257,0.007416563658838138,0.025503355704697972,-0.04421768707482987,-0.07569485511531637,0.0,0.010882422521883095,0.0066079295154184425,0.0,0.050522991908426906
2004-11-28,0.02793697371460624,0.12276156241988545,0.007687569421524154,0.23392152478737716,0.055071630851241116,-0.038533790484294284,-0.3948205937024728,-0.3948205937024728,-0.4,-0.40909090909090906,0.009153176143260833,0.3273139158576053,-0.795841132904696,10.434258774227343,0.5654482812216668,0.14653937947494033,0.054359526372443456,0.042944785276073594,0.043193717277487,0.11743772241992878,0.11388355726167632,0.08695652173913038,0.026445120524221766,0.03282275711159732,0.011235955056179803,-0.08998684952094682
2005-02-27,0.03736982836770286,0.20679955498768443,0.053614022707884734,0.27906407592440496,0.016579841306556542,0.11917131741139597,1.1554392088423504,1.1554392088423504,1.1851851851851851,1.1538461538461542,0.6931688471331987,-0.023577315063149196,7.510065776360374,0.2530236393622869,0.452598831725439,0.16153205661948378,0.06023481368044914,0.0505882352941176,0.03136762860727749,0.1146496815286624,0.09764503159103954,0.0,-0.02006383948928403,0.033898305084745894,0.016666666666666607,-0.05656482246077621
2005-05-29,-0.019382884060191508,-0.18023461780003547,-0.025388175758349285,-0.03906541780964312,-0.011417069380712075,0.013326026489247855,-0.09328511281442298,-0.09328511281442298,-0.08474576271186429,-0.07142857142857151,-0.15129514870225835,0.11392863385522012,0.398547839325448,-2.6445833790355016,-0.5124171242395935,0.05555555555555558,0.11314395763119878,0.11870100783874582,0.0024330900243307862,0.02285714285714291,-0.012035583464154898,0.08000000000000007,0.008143322475570036,0.12909836065573765,-0.005464480874316946,-0.14682713347921228
2005-08-28,0.1150903184761507,0.7466913515982183,0.21009375570655564,0.05339424300239237,-0.009147546108895455,0.010725039341162868,0.0181571396254272,0.0181571396254272,0.03703703703703698,0.019230769230769162,0.25290846877673223,1.0587206760891736,-2.5118319907554723,-5.48900646939819,4.717646783953646,0.11612903225806437,0.037197231833910216,0.010010010010010006,0.016990291262136026,0.1145251396648046,-0.021716101694915224,0.0,-0.11147011308562194,0.023593466424682408,-0.016483516483516536,0.6581174660169271
2005-11-27,-0.06727077914941937,-0.34873230170600866,-0.10612378419324642,-0.1925075178369713,-0.0052197048615240105,-0.05966219759616853,-0.35616390298664546,-0.35616390298664546,-0.3392857142857143,-0.339622641509434,-0.7949241895918576,-1.0421228569717493,-2.2294539895649863,-1.852738708399366,-0.7035971575794476,-0.012777608761788684,0.04211843202668897,0.024777006937561907,-0.009546539379474916,-0.03007518796992481,-0.06063887384948552,0.37037037037037024,0.06675324675324679,0.02127659574468077,0.005586592178770999,-0.19350348027842224
2006-02-26,-0.008217288837964465,-0.06280070193463716,-0.011220518026410553,-0.022406142134778984,-0.003907426740729525,0.11251134826008435,0.9128902773489294,0.9128902773489294,0.8918918918918919,0.9142857142857146,5.413212527645003,-8.11076644694326,0.054542669603960814,-0.8872491796614107,-0.2676464100584537,0.17627118644067785,0.04801920768307322,0.03771760154738879,0.015662650602409567,0.18863049095607232,0.12219020172910655,0.0,0.0041392744095445355,0.02256944444444442,0.011111111111111072,-0.04123513617184493
2006-05-28,-0.006676014164462063,-0.13033054196722216,-6.009500627346398e-05,0.18124382657067017,-0.0161006554992571,0.025789234836156583,-0.12355912569551264,-0.12355912569551264,-0.09999999999999998,-0.08955223880597019,-0.2572511328156867,0.7024138432456013,-0.4983168147641832,-0.4443185330174101,-0.20307970332442304,0.02619858527639507,0.03398243604429152,0.018639328984156434,-0.0011862396204033177,0.010869565217391353,-0.02824858757062132,0.2702702702702702,-0.009456838021338565,0.00339558573853993,0.016483516483516425,-0.2638527705541108
2006-08-27,0.01661201859031225,0.12895152897059647,0.008522770355317677,0.010186360101278824,0.028323343603605,-0.03724708189861259,-0.040756188722171016,-0.040756188722171016,-0.031746031746031744,-0.032786885245901676,-0.433601589567961,-0.11949604954089255,-0.7635437777815623,-1.2982017055988135,0.07599092927670426,-0.07224917028338007,0.008124076809453706,0.027447392497712775,0.0225653206650831,-0.07096774193548383,-0.11099365750528545,0.0,0.011505507955936523,0.0016920473773265332,0.027027027027026973,0.11766304347826084
2006-11-26,0.02296437295252729,0.09471733520994596,0.031116947662065852,0.054989242954859074,0.01138863540393209,-0.04847603570089165,-0.3035926047231289,-0.3035926047231289,-0.3114754098360656,-0.30508474576271183,-0.6659762192273453,-0.38469466944754327,-1.205128205128205,-3.222878458190861,-0.1569888696186692,0.09301045679691788,0.0146520146520146,0.013357079252003468,0.023228803716608626,0.06712962962962954,0.0636147443519619,0.24468085106382986,-0.011132623426911903,0.008445945945946054,0.0052631578947368585,0.03768538779479691
2007-02-25,0.009215927422574932,0.04568889041266133,0.04015546700053041,0.07706432757094461,-0.03557165151415642,0.11376677525934831,0.725535986507087,0.725535986507087,0.7619047619047619,0.7560975609756098,6.267257758074731,0.5785428532014267,-32.583567415730336,-3.1535449587470286,0.40104166666666674,0.020140986908358638,0.006137184115523331,-0.00790861159929701,-0.010215664018161208,-0.002169197396963307,-0.006707657909446718,0.0,-0.04454233969652466,-0.008375209380234505,0.0,-0.029287722586691656
2007-05-27,-0.08815243883138668,0.11762295081967222,-0.0724374286011008,-0.08779079640006793,-0.11268747466558571,-0.2332445395035323,-1.518843984962406,-1.518843984962406,-1.5270270270270272,-1.5416666666666667,-0.3476724763979666,0.027328339575530602,-0.3278043357420789,-2.53025974025974,-0.4386617100371747,0.04837117472852892,-0.4065303193397919,-0.41629760850310005,-0.11353211009174313,0.05869565217391304,0.0258863252673045,0.19658119658119655,-0.02689549180327866,-0.3885135135135135,-0.04712041884816742,0.2251991310644461
2007-08-26,0.017703415717856164,0.013201320132013139,-0.024967810558136905,-0.07380863737900223,0.0873458200091366,0.24046196747834148,-2.9183045014038584,-2.9183045014038584,-2.923076923076923,-2.846153846153846,-0.11773382836722313,0.12165660051768756,-0.5939732733527388,-1.7256216583213102,0.5662251655629138,0.012241054613935987,0.10278113663845234,0.09711684370257978,0.08538163001293664,0.14168377823408607,0.7734503565551287,0.12857142857142878,0.06843906291129231,0.08287292817679548,0.01098901098901095,0.09397163120567376
2007-11-25,0.621665870796098,0.14241766196163597,0.9823161279209967,0.30921515425585366,0.09385765902025045,0.037137989778534886,-0.5892351274787535,-0.5892351274787535,-0.5866666666666667,-0.5833333333333333,-0.5482649842271293,13.185265438786566,-25.841140529531568,-2.052631578947368,-0.38054968287526425,-0.02651162790697681,-0.08717105263157898,-0.1908713692946058,0.08343265792610244,-0.10251798561151071,-0.11320754716981118,0.11392405063291133,-0.3254496181325449,-0.10459183673469385,-0.09239130434782616,-0.1273185665406088
2008-02-24,-0.006057546693589044,-0.1446222081419294,-0.011643399177431513,-0.046284924777402536,0.008757105546166821,0.19014454664914582,1.896551724137931,1.896551724137931,1.903225806451613,1.9333333333333336,3.4022346368715084,-0.9763996028412129,-1.2185783389358038,-1.9833333333333334,0.6040955631399318,-0.2661251791686574,0.07987987987987966,-0.015384615384615441,0.031903190319032104,-0.3226452905811624,-0.20613882106731773,0.10227272727272729,0.014974433893352845,0.04843304843304841,-0.059880239520958,-0.10317787866281469
2008-05-25,0.0010580667005248845,-0.13351851851851848,-0.026638143242292855,-0.08555331991951709,0.0730277185501067,0.007839240366567246,-0.19206349206349205,-0.19206349206349205,-0.18888888888888888,-0.19318181818181823,-0.4006979695431472,2.0485436893203883,-0.6305326331582896,-1.2146892655367232,-0.08085106382978724,0.06868489583333326,0.6095661846496108,0.5277777777777777,0.06929637526652432,0.035502958579881616,-0.04481546572934991,0.09278350515463929,0.07196833393306945,0.5461956521739131,-0.01273885350318471,-0.05246203405430283
2008-08-24,0.018475457658647887,0.06283393887582811,0.024898389281950983,0.06266502376342187,0.003335462351855778,-0.02815512708150747,-0.193516699410609,-0.193516699410609,-0.1917808219178082,-0.18309859154929575,-0.14610905240868188,0.410828025477707,-0.7350253807106599,-1.6052631578947367,0.0532407407407407,0.005787389582698976,-0.10158949550794738,-0.15568181818181803,0.0159521435692922,-0.05999999999999994,-0.41812327506899716,0.09433962264150941,-0.015105740181268867,-0.1036906854130053,-0.058064516129032295,0.00024283632831467727
2008-11-23,0.030801162308011554,0.13533078624572692,0.05143646084248865,0.1427033294682789,-0.018885273730372076,-0.059350693270206256,-0.2728380024360536,-0.2728380024360536,-0.2542372881355932,-0.2586206896551724,-0.7110973341599505,0.37396538750940556,-6.432950191570881,1.5217391304347827,0.12747252747252746,-0.3064809206541491,0.0296153846153846,0.03364737550471042,-0.0058881256133462845,-0.31610942249240126,-0.2671936758893281,0.0862068965517242,-0.04805725971370145,0.02352941176470602,0.006849315068493178,-0.006554989075018169
2009-02-22,0.01810164304123707,0.07881686149486367,-0.00044701477942610257,-0.003261578604044413,0.06596496287217946,0.07789561986937499,0.8006700167504188,0.8006700167504188,0.7954545454545456,0.8139534883720931,6.171673819742489,-0.37130339539978097,-2.1523272214386457,8.655172413793103,1.0916179337231968,-0.013100436681222627,-0.07769891669779594,-0.06510416666666652,0.06416584402764047,-0.008888888888888946,-0.06256742179072272,0.07936507936507953,0.046902971715001796,-0.04789272030651348,-0.020408163265306145,0.0823558162267839
2009-05-31,-0.006150742637897277,-0.08914792316532594,-0.044302205327445,-0.20295229784758584,0.08616258623021777,0.09817110456390021,0.1432558139534883,0.1432558139534883,0.12658227848101267,0.10256410256410242,-0.28096947935368044,0.11149825783972123,-0.038555691554467586,-1.7928571428571427,-0.4137931034482759,0.42876106194690244,0.02470635884973671,0.04317548746518085,0.06864564007421148,0.3452914798206279,0.4867663981588033,0.07352941176470584,0.09302325581395343,0.03822937625754519,0.00694444444444442,0.14292165274328283
2009-08-30,-0.00047759293162463745,-0.03298485940879592,-0.021408516612072992,0.07116139038408908,0.044084682440846734,-0.12224753227031127,-0.2327095199349064,-0.2327095199349064,-0.2359550561797752,-0.22093023255813948,-0.26133999167707034,-0.27742946708463945,-0.562062380649268,-1.3716216216216215,0.26232114467408585,0.0668937751625891,-0.01146245059288542,0.022696929238985364,0.04253472222222232,-0.0033333333333332993,0.006191950464396356,0.08561643835616439,0.04443053817271592,0.03875968992248069,-0.01379310344827589,-0.09739233504543665
2009-11-29,0.0039619335828622315,-0.020689655172413834,-0.005768081291093852,-0.021463248445617866,0.02337786259541974,-0.053460207612456734,-0.36055143160127257,-0.36055143160127257,-0.36764705882352944,-0.35820895522388063,-0.2540845070422535,0.2342733188720174,-0.4026162790697675,-2.3636363636363633,-0.28337531486146095,-0.023802612481857777,-0.049580167932826824,-0.0026109660574413773,0.02164862614487917,-0.06354515050167242,-0.05615384615384622,0.07886435331230279,0.019472738166566916,0.003731343283582156,-0.006993006993006978,0.0008754650908295858
2010-02-28,0.03960180062268237,0.3300342596117245,0.021613009889680512,0.08834537383584307,0.07447552447552441,0.14177785901419604,1.2271973466003319,1.2271973466003319,1.2325581395348837,1.1860465116279069,2.3361027190332324,-0.005272407732864637,2.0437956204379564,-10.04,3.5746924428822497,-0.9658043413618793,0.01262095077829195,0.060209424083769836,0.06845965770171158,-0.9678571428571429,-0.9657701711491442,0.07309941520467844,0.03349985307081993,0.059479553903345694,0.0,0.22217362781543848
2010-05-30,0.0009537616358918921,-0.029049799656554076,-0.013299593950450217,0.0033589251439538614,0.027226380301551112,-0.005442902881536815,-0.1392405063291139,-0.1392405063291139,-0.13541666666666663,-0.14893617021276584,-0.6594973964229115,-0.055653710247349775,-0.5603517186250999,-1.0565388397246804,-0.04417979254706106,37.608695652173914,-0.05733277939343584,-0.02839506172839501,0.027459954233409745,36.66666666666667,35.452380952380956,0.0681198910081744,0.026158657947114028,-0.0017543859649122862,-0.028169014084507116,-0.032385042046877754
2010-08-29,-0.026203453138697208,-0.25762711864406784,-0.03396552752430371,-0.08488761358201813,-0.012460401267159416,-0.030636334370640617,-0.021626297577854725,-0.021626297577854725,-0.012048192771084376,0.0,0.42819148936170204,0.012160898035547207,4.052727272727273,13.895652173913044,-0.6885048231511254,-0.07522522522522512,0.01895107977082411,0.04193138500635318,0.0029695619896064063,-0.10029498525073755,-0.055519268451992176,0.08163265306122458,0.01413133832086455,0.03514938488576447,0.007246376811594235,-0.1887943786982248
2010-11-28,0.027867472944675953,0.11772880682946196,0.04142614601018679,0.09345875794791403,0.0043840889649273684,-0.04455637349864394,-0.3412908930150309,-0.3412908930150309,-0.3414634146341463,-0.3375,-0.6927374301675977,0.5240295748613679,-1.267362360561353,-0.8563922942206655,-0.31741935483870964,0.10837798343886984,0.010813148788927363,0.023170731707317094,0.006661732050333047,0.10491803278688527,0.05947441217150762,0.07547169811320731,-0.022677595628415204,0.022071307300509213,0.0,0.022338728060177893
2011-02-27,0.030938826799687735,0.24103019538188275,0.03485787118001005,0.06053847379321331,0.023900777174491683,0.14517437145174372,1.0295302013422818,1.0295302013422818,1.0555555555555558,1.0377358490566038,4.754545454545455,-0.3068526379624015,-4.078061911170929,-2.4959349593495936,0.6956521739130435,0.05361459019995607,0.02781343602909714,0.030989272943980906,0.03676470588235303,0.047477744807121525,0.01958224543080922,0.07017543859649122,-0.006989097008666456,0.023255813953488413,0.007194244604316502,0.17012263099219638
2011-05-29,0.009566373642609038,-0.04994990697008728,0.011199266748775472,-0.03349857293074954,0.006602547439563233,0.0069303925536219335,-0.09060846560846558,-0.09060846560846558,-0.08108108108108114,-0.09259259259259267,-0.38915218536071616,0.42169728783902016,-0.6121556624398776,-1.5217391304347827,-0.21404682274247488,0.017935349322210525,0.042464612822647796,0.036994219653179394,0.019858156028368823,-0.019830028328611804,-0.02624839948783597,0.06557377049180335,-0.0028153153153153143,0.030844155844155896,0.0071428571428571175,-0.016958841463414642
2011-08-28,0.023341748070098367,0.10274178969569148,0.04546227056424201,0.12853590301523155,-0.016992046276211092,-0.024365737251946795,-0.22472727272727278,-0.22472727272727278,-0.21568627450980393,-0.20408163265306123,-0.490948275862069,-0.13784615384615384,-1.289740698985344,-1.1927083333333333,0.052482269503546064,0.0004097520999795101,-0.017971246006389774,-0.03567447045707928,0.004172461752433909,-0.017341040462427793,-0.053254437869822535,0.08269230769230762,-0.03952569169960474,-0.03149606299212604,0.0,-0.022872649738321482
2011-11-27,0.04833577633978048,0.0901639344262295,0.12457666151887081,0.2841206445393196,-0.09951137498029738,-0.056900102986611745,-0.49624765478424016,-0.49624765478424016,-0.48750000000000004,-0.4871794871794871,-1.3226079593564775,0.9129193433261955,9.976653696498055,-7.486486486486487,-0.32345013477088946,-0.07945934876100746,-0.023180154534363617,-0.07052023121387274,-0.0761772853185595,-0.08529411764705885,-0.07361111111111118,0.07637655417406752,-0.14109347442680775,-0.05691056910569103,-0.014184397163120588,-0.15116048403094617
2012-02-26,0.010708317702827097,0.009147869674185571,9.636928710810011e-05,0.017964392964392895,0.03640819184316468,0.1791973791973791,2.0558659217877095,2.0558659217877095,2.1219512195121952,2.125,-13.338582677165354,-0.43507462686567167,-1.9939737681673164,-2.595833333333333,0.7629482071713147,0.040489432703003425,0.04954204829308906,0.004975124378109319,0.0352323838080959,0.1286173633440515,0.08245877061469264,0.0709570957095711,0.02566735112936347,0.005172413793103292,0.0,-0.008646880112175737
2012-05-27,0.0028342949691264607,-0.05923258413013788,-0.011780010117800055,-0.06542696096507405,0.036986995439959536,-0.04361716905125712,-0.07921998781230954,-0.07921998781230954,-0.08593750000000011,-0.08000000000000007,-0.5498830036162519,0.06869220607661819,-0.7582025677603423,-1.4699738903394257,-0.2033898305084746,0.11545862732520851,0.0428401428004761,0.008663366336633782,0.034033309196234596,0.07692307692307687,0.059556786703601095,0.0662557781201849,0.03403403403403393,0.018867924528301883,-0.014388489208632893,0.0066006600660066805
2012-08-26,0.012819218734228421,-0.04065469904963037,0.014187509141436294,0.0489262161095767,0.009771986970684043,-0.014863229242314202,-0.26671078755790867,-0.26671078755790867,-0.2649572649572649,-0.26086956521739124,0.19659735349716456,-0.03522867737948088,0.7123893805309736,0.05555555555555558,-0.2695035460992907,-0.017826336975273138,0.01483453784708999,-0.008588957055214785,0.0126050420168069,-0.050264550264550234,-0.06470588235294117,0.07225433526011571,-0.0032268473701193567,-0.0016835016835017313,-0.007299270072992692,-0.08524590163934431
2012-11-25,0.13492458972825716,0.10154100165107316,0.19442842034419772,-0.17050889354613363,0.0018279569892472036,-0.036760369569490914,-0.6967509025270758,-0.6967509025270758,-0.6976744186046511,-0.6941176470588235,-0.9439178515007899,4.064702114029468,-7.772609819121447,-1.5210526315789474,0.1922330097087379,0.05327868852459017,-0.06146926536731623,-0.07920792079207928,-0.003457814661134262,0.03899721448467974,0.03354297693920327,0.06738544474393526,-0.11719002913564258,-0.05733558178752107,-0.022058823529411797,0.327956989247312
2013-02-24,0.018309014006176128,0.06595053709717713,0.007687199404342593,-0.005312257061414916,0.04663518299881941,0.15214285714285714,3.0,3.0,3.0,2.923076923076923,28.739436619718308,-0.7856058689602834,-1.2674551697825258,3.2929292929292933,0.6921824104234529,-0.08930887530109322,-0.08626198083067094,-0.10215053763440851,0.0423317140874393,-0.0857908847184986,-0.05341446923597015,0.06313131313131315,0.02786945361202786,-0.07513416815742391,-0.03007518796992481,0.07152496626180826
2013-05-26,-0.0030038230475150085,-0.10370283571595973,-0.02598102845731398,-0.07750423342451473,0.05599138594062447,0.01802320432202631,-0.009672619047619069,-0.009672619047619069,-0.009615384615384581,-0.019607843137254943,-0.3852711342647407,0.007669616519174083,-0.5030908226343319,-1.3694117647058823,-0.15110683349374399,0.007324516785351065,-0.06861888111888104,-0.07784431137724546,0.05259653794940089,-0.032258064516129115,0.07785714285714285,0.05938242280285033,0.059222261862290404,-0.06769825918762096,-0.007751937984496138,-0.028427491903562307
2013-08-25,0.018322305352534984,0.058569747679435125,0.023598638618936407,0.1035724371646427,0.0058266569555718295,-0.06107268693723089,-0.4725770097670924,-0.4725770097670924,-0.47572815533980584,-0.47,-0.1640986132511556,0.061475409836065475,-0.8564593301435407,-2.3184713375796178,0.23469387755102034,0.028883053928499214,-0.12294697325199433,-0.13311688311688308,0.003795066413662118,-0.024242424242424176,0.07819748177601049,0.06165919282511223,-0.012462108454024845,-0.11203319502074693,-0.0234375,-0.040740740740740744
2013-11-24,0.013207814269535767,0.03038162282326784,0.02115172759138706,0.05335551148359041,-0.0059377262853005375,-0.05031271716469776,-0.717948717948718,-0.717948717948718,-0.7222222222222223,-0.7169811320754718,-0.6036866359447004,-0.05129619415333697,-5.113333333333333,-2.1739130434782608,-0.22314049586776863,-0.030427954456222928,-0.05992509363295884,-0.04681647940074907,-0.011342155009451793,-0.034161490683229934,0.08051628764597418,0.05807814149947199,-0.01875852660300137,-0.04672897196261672,0.0,-0.021814671814671782
2014-02-23,0.009430930658208991,0.08977586000239723,0.0009807575371216792,-0.003036744609778319,0.030351592851592946,0.0893702131811307,4.540404040404041,4.540404040404041,4.6,4.466666666666667,3.2290697674418603,-0.26453488372093026,-4.157212317666126,-2.7448559670781894,0.5011820330969268,0.03199028143348848,-0.08821855435401249,-0.07858546168958747,0.0248565965583174,0.045016077170418,0.07394766780432316,0.05489021956087825,0.02085505735140769,-0.06617647058823528,-0.016000000000000014,0.09315176633116229
2014-05-25,-0.017176946074631827,1.1737791465024197,-0.031216319492073485,-0.01401157477916537,0.016590469906207383,-0.261072052303972,-0.21148587055606194,-0.21148587055606194,-0.22619047619047616,-0.20731707317073167,-0.7156997525433049,-0.20158102766798414,-0.8403490759753593,-1.6768867924528301,-0.2259842519685039,-0.015891701000588676,-0.15043695380774036,-0.14498933901918976,0.013681592039801238,-0.039999999999999925,0.0625,0.052034058656575066,0.03438883214164101,-0.07086614173228345,-0.08130081300813019,1.2045495576818923
2014-08-24,-0.13753573591336066,-0.49205626391418744,-0.1916744204862656,-0.010318195860364532,-0.0134452223097965,-0.032907096539603664,4.817341040462428,4.817341040462428,4.861538461538461,4.861538461538461,-0.5686653771760155,-19.797029702970296,51.337620578778136,-11.989547038327526,3.2085452695829098,-0.055223285486443285,1.4966936076414399,1.598503740648379,-0.015950920245398903,-0.06730769230769229,0.0987038883349951,0.049460431654676285,0.14384463462804464,1.6977401129943503,-0.03539823008849541,-0.48677421996560477
2014-11-23,-0.0548978625430675,-0.2833947604343062,-0.07852459836845005,-0.18466724934448742,-0.010526810470416814,-0.02306053390149143,-1.0651828298887123,-1.0651828298887123,-1.068241469816273,-1.068241469816273,-2.5762331838565022,-1.0372925994205953,-0.9292867235977146,-1.812301838934686,-0.6192893401015229,0.09263557712597592,-0.077987051206592,-0.0249520153550864,0.0579800498753118,0.10996563573883145,-0.5671506352087115,0.04712939160239937,0.046906474820143984,-0.008376963350785305,-0.01834862385321101,-0.12111057922450941
2015-02-22,0.03714646071977756,0.3648874061718099,0.022458179448185955,0.0343032159264931,0.0628354310140109,0.1102629890955742,-5.079268292682927,-5.079268292682927,-5.115384615384616,-5.038461538461538,-6.1934566145092464,-0.2584745762711864,-0.7054735013032146,-2.0878220140515222,1.7695238095238097,0.13557358053302426,0.0220236195339929,0.08661417322834652,0.04832056570418386,0.07120743034055721,0.22746331236897288,0.045008183306055605,0.024738867509620732,0.11615628299894398,-0.01869158878504673,0.3197167755991286
2015-05-31,-0.0013660064302254415,0.07587330685405846,-0.02759554859100688,-0.11408054486230379,0.04276521583698267,0.08515801028366754,-0.21300448430493268,-0.21300448430493268,-0.2149532710280374,-0.23809523809523814,-0.6395508079978088,-0.540952380952381,-0.7699115044247787,-0.6422676713311805,0.22856487849610274,0.11972789115646276,0.0065584009993753245,0.0751811594202898,0.03541315345699836,0.06936416184971095,0.07087959009393674,0.04306969459671106,0.04425965665236031,-0.007568590350047422,0.07619047619047614,0.21447241711377085
2015-08-30,0.0053046858057950175,0.14028776978417268,-0.016060308095706355,-0.04520765438288632,0.03882579815727438,-0.1018474152158867,-0.17948717948717952,-0.17948717948717952,-0.19047619047619035,-0.16249999999999998,-0.1671732522796353,-3.5560165975103732,1.1794871794871793,0.5466399197592777,0.2877402500466506,0.05771567436208991,-0.6009928637914985,-0.5855096882898062,0.02714440825190012,0.021621621621621623,0.028708133971292016,0.04129129129129128,0.03313639866426921,-0.5929456625357483,0.017699115044247815,0.19426823742637067
2015-11-29,-0.1400813075582843,0.14851402955337867,-0.1137852542749278,0.5888324873096447,-0.17915927560744194,-0.0463544754001185,-0.5,-0.5,-0.5,-0.5074626865671642,-0.5492700729927007,1.0162337662337664,-0.6411764705882352,0.08625162127107644,0.24271844660194164,-0.09893739230327403,0.2760497667185071,0.29268292682926833,-0.1797040169133194,-0.12169312169312174,1.1527131782945736,0.03965392934390777,-0.04525111884634514,0.25058548009367687,0.034782608695652195,-0.2771507161149578
2016-02-28,-0.1312930552071474,-0.472425009035056,-0.1906969459671104,-0.3383827255701223,-0.03598351593124938,0.14837145698657395,1.449074074074074,1.449074074074074,1.441176470588235,1.4848484848484844,7.198380566801619,-1.3454106280193237,163.5737704918033,-4.831641791044776,-0.7483675373134329,-0.04462151394422309,-0.04143814747105423,-0.012578616352201366,-0.02448453608247414,0.16265060240963858,-0.24234785740007203,0.03467406380027738,0.10963541666666665,-0.09176029962546817,0.0840336134453783,-0.2025980842409132
2016-05-29,0.017925764677136247,0.12385258254555409,0.018152262259550245,-0.011655982016484878,0.01762068605984779,-0.031014884979702284,0.3194706994328922,0.3194706994328922,0.3132530120481929,0.3170731707317074,-0.471604938271605,0.4265734265734267,-0.9065643988445065,-1.091928949828607,0.27340129749768294,0.08857381150959132,0.15130324221233327,0.1767515923566878,0.0217965653896961,0.11658031088082899,0.18393536121673004,0.03351206434316345,-0.0002346866932644298,0.11546391752577323,0.0620155038759691,0.1370742142504524
2016-08-28,-0.0463274123859817,-0.2553943679141777,-0.023416711016498115,-0.046331395838598244,-0.07720286885245897,-0.04234163780583178,-0.21060171919770776,-0.21060171919770776,-0.19266055045871566,-0.19444444444444453,-0.2238317757009346,0.031045751633986818,1.804904051172708,-3.7135593220338983,-0.5826055312954876,-0.017928286852589626,0.14964108227498607,0.15832205683355882,-0.05365223012281839,-0.03944315545243615,-0.1128061019670814,0.03631647211413758,-0.032394366197183055,0.05914972273567454,0.0875912408759123,-0.21924746743849488
2016-11-27,0.020959659519941498,0.11886051080550097,0.015375632541845041,0.016959632541294845,0.02892355521012613,-0.041938870741950574,-0.278584392014519,-0.278584392014519,-0.26136363636363635,-0.26436781609195403,-0.2907886815171583,0.22979397781299515,-0.855188141391106,-1.0131168019987509,0.018308631211856996,0.05429864253393646,0.1109510086455332,0.13434579439252348,0.019808743169398957,0.11594202898550732,-0.013574660633484226,0.03504380475594493,0.007763221737020709,0.08551483420593375,0.046979865771812124,0.10027803521779433
2017-02-26,0.048835697796902666,0.2948492829967808,0.03776116542073993,0.0701815339181795,0.06442214308837801,0.1438051750380518,1.0830188679245283,1.0830188679245283,1.046153846153846,1.0625,2.442275042444822,0.0399484536082475,0.3175853018372703,129.76190476190476,2.3510273972602738,0.11321592422672788,0.12926934716817984,0.1266735324407826,0.06296048225050233,0.09090909090909083,0.011926605504587018,0.0338573155985491,0.014925373134328401,0.13183279742765275,-0.0064102564102563875,0.20990566037735836
2017-05-28,0.17616137441771018,-0.09616905865069503,0.2569264868858514,0.04634364093823562,0.06533860502838595,0.02975461755469211,-0.2524154589371981,-0.2524154589371981,-0.255639097744361,-0.26515151515151525,-0.4808877928483354,9.52540272614622,-10.573705179282868,-1.5764748725418791,-0.40444557996934083,0.08308960382876895,-0.0509188361408881,-0.07861060329067637,0.0560806553245119,0.017857142857142794,-0.05530371713508608,0.03274853801169586,-0.09440227703984816,-0.05113636363636376,-0.02580645161290329,-0.13617376775271517
2017-08-27,-0.05099742015188402,-0.3960990247561891,-0.069860396767083,-0.02396835246664597,-0.02045962792025502,0.000775354078362378,-0.03877221324717284,-0.03877221324717284,-0.04040404040404044,-0.04123711340206182,-0.16959619952494065,-0.8861549328938074,-1.3420724094881398,-0.45483259633607076,-0.3702273702273702,0.08137964895053384,-0.014118596208148482,-0.025793650793650813,-0.0065632458233891855,0.025341130604288553,0.11228406909788857,0.03567383918459788,0.03221581980094301,-0.011976047904191489,-0.013245033112582738,-0.38120567375886516
2017-11-26,0.01801474107399259,0.004554865424430732,0.055832912032355964,0.12691726933163783,-0.040122407344440614,-0.028201022674448684,-0.28823529411764703,-0.28823529411764703,-0.27368421052631586,-0.27956989247311825,-0.23855835240274603,0.4901758014477766,-0.871654501216545,-0.6280417149478563,-0.21866485013623982,-0.08161180476730989,-0.004909983633387904,-0.03054989816700604,-0.039039039039038936,-0.07604562737642573,-0.09577221742881792,0.03444505194095138,-0.057092108601877745,-0.021212121212121238,-0.01342281879194629,-0.10862203698879924
2018-02-25,0.0257823078080337,0.17394888705688372,-0.00350142151728261,0.034908321579689705,0.07529983300440257,0.13122508636726016,1.5714285714285716,1.5714285714285716,1.5507246376811596,1.5820895522388057,2.2148760330578514,-0.2970159611380986,12.957345971563981,-2.0,0.2798605056669572,0.11234705228031161,0.08552631578947367,0.06617647058823528,0.0731250000000001,0.15843621399176944,0.1040076335877862,0.0332980972515855,0.0484391819160388,0.07120743034055721,0.0,0.13413208649912334
2018-05-27,0.0027315892716373025,-0.028089887640449396,-0.016517508559072636,-0.0565587734241908,0.032895665678384756,0.002678068032324843,-0.19880624426078974,-0.19880624426078974,-0.19886363636363646,-0.19075144508670527,-0.37952792708576766,0.07403751233958533,-0.468251273344652,-0.9968847352024922,0.0006811989100816707,-0.003666666666666596,0.08106060606060606,0.0945812807881774,0.03494467093768194,-0.0728241563055062,-0.09896283491789104,0.03222506393861879,0.03003080082135523,0.06647398843930641,0.027210884353741527,0.03040453491368189
2018-08-26,0.004991224221149615,-0.016257225433526035,-0.016214730670575328,-0.043481401227880134,0.03663203936577375,-0.03406588257345011,-0.047564469914040064,-0.047564469914040064,-0.049645390070921835,-0.05714285714285705,-0.2222222222222222,0.003676470588235281,-0.4099616858237548,48.0,0.03335602450646702,0.1276904204304672,0.05185704274702174,0.06570657065706564,0.03151378728193577,0.0900383141762453,0.025419664268585107,0.03716551040634286,0.031397956640917046,0.06233062330623307,0.0,0.028257064266066667
2018-11-25,0.009514453601120687,0.03048108703635699,0.023962504267933005,0.04606207052782607,-0.01094409282700426,-0.042689434364994616,-0.3044524669073405,-0.3044524669073405,-0.30597014925373134,-0.303030303030303,0.07893462469733659,0.2142857142857142,0.1071428571428572,-3.4693877551020407,-0.07971014492753625,0.12312104430379733,0.015323117921385743,0.036317567567567544,-0.006001091107474044,0.08963093145869938,0.037418147801683954,0.03583373148590541,-0.020294757187726442,0.03571428571428559,0.0,-0.0148346303501945
2019-02-24,0.026778634758163333,0.2245188880969351,0.025220528054806124,0.04157944127625779,0.029062791627783024,0.13839059491233408,0.9342560553633219,0.9342560553633219,0.946236559139785,0.9456521739130435,1.1552962298025133,-0.18627450980392157,1.0439882697947214,-14.487603305785123,1.168217609162491,-0.07554812010213963,-0.01246719160104992,-0.0024449877750611915,0.03347969264544459,-0.07096774193548394,-0.11857529305680792,0.03459409594095941,0.002219482120838334,-0.0049261083743842304,0.0066225165562914245,0.1757590718341151
2019-05-26,0.03422373547685065,0.29889406286379505,0.03491913308299588,0.021623120105343396,0.03320810122209261,-0.007745381704874266,-0.06976744186046513,-0.06976744186046513,-0.06077348066298349,-0.10614525139664799,-0.27592669720949603,0.046339202965709037,-0.6154949784791965,-0.05392156862745101,0.5097391878507758,0.10524811886846375,0.02657807308970095,0.030228758169934533,0.03239511417950092,0.06944444444444442,0.09309462915601019,0.033437360677663897,-0.0009842519685038242,0.03712871287128716,-0.013157894736842146,0.2712576107495277
