Quarter end,Assets,Current Assets,Liabilities,Current Liabilities,Shareholders equity,Revenue,Earnings,Earnings available for common stockholders,EPS basic,EPS diluted,Cash from operating activities,Cash from investing activities,Cash from financing activities,Cash change during period,Cash at end of period,Price,ROE,ROA,Book value of equity per share,P/B ratio,P/E ratio,Cumulative dividends per share,Equity to assets ratio,Net margin,Asset turnover,Current ratio
1995-12-31,0.0014055857411345851,-0.9202384671218267,-0.0019829008109008006,0.015776455572941606,0.008992791100215669,-0.04206121733241419,-0.2783751383253412,-0.2783751383253412,-0.2799999999999999,-0.04166666666666674,-0.26453721331149416,0.209407288597113,-0.5957543094581808,-101.90393013100437,0.0035258976411898235,0.0501342882721576,-0.11955307262569836,0.30677290836653404,0.008868243243243201,-0.12751677852348986,0.04971181556195958,inf,0.007774538386783325,-0.11084905660377364,0.0,-0.9214804136011135
1996-03-31,0.0014055857411345851,-0.9202384671218267,-0.0019829008109008006,0.015776455572941606,0.008992791100215669,-0.04206121733241419,-0.2783751383253412,-0.2783751383253412,-0.2799999999999999,-0.04166666666666674,-0.26453721331149416,0.209407288597113,-0.5957543094581808,-101.90393013100437,0.0035258976411898235,0.0501342882721576,-0.11955307262569836,0.30677290836653404,0.008868243243243201,-0.12751677852348986,0.04971181556195958,inf,0.007774538386783325,-0.11084905660377364,0.0,-0.9214804136011135
1996-06-30,-0.004748149958425429,-0.03222598060583948,-0.007349890467879705,0.13638915992168643,0.0010140718329723075,-0.04206121733241419,-0.2783751383253412,-0.2783751383253412,-0.2799999999999999,-0.04166666666666674,-0.26453721331149416,0.209407288597113,-0.5957543094581808,-101.90393013100437,-0.35452690366233486,-0.11537368570616646,-0.11955307262569836,0.30677290836653404,0.0012557555462537895,-0.12751677852348986,0.04971181556195958,0.9807692307692308,0.005785920925747368,-0.11084905660377364,0.0,-0.1483591853962224
1996-09-30,0.0005132822370812473,0.025801255378656185,0.004657080943396341,-0.08538028835856559,-0.008587540474240818,0.1216692814703193,-0.42579837194740133,-0.42579837194740133,-0.42592592592592593,-0.04166666666666674,0.7958572962399941,-0.021398390031767578,1.8771829839202119,-2.6387674730601116,0.9000950796291896,-0.058464503694185654,-0.11955307262569836,0.30677290836653404,-0.008779264214046845,-0.05384615384615388,0.04971181556195958,0.49514563106796117,-0.009268136784915337,-0.11084905660377364,0.0,0.12154627679345809
1996-12-31,-0.007575182858717278,11.4977778433337,-0.011361848294971888,-0.07357901439986858,0.0008523880670321393,-0.09225914579867267,0.7285736541072263,0.7285736541072263,0.7096774193548387,-0.04166666666666674,-0.12149383340880637,0.02137463283032659,0.14382127394663113,-1.7104602952438799,-0.33655253512140815,0.04094165813715467,-0.11955307262569836,0.30677290836653404,0.000843525938422518,0.04878048780487809,0.04971181556195958,0.3376623376623378,0.008709677419354689,-0.11084905660377364,0.0,12.490830755634114
1997-03-31,0.0034649338184566947,-0.9174326952084757,0.005609110991503741,0.03479559459057935,-0.0012488915035306913,-0.020922803624124464,-0.08587614265482169,-0.08587614265482169,-0.07547169811320764,-0.04166666666666674,-0.2087595175527256,-0.3754389429574727,-0.2614079141051173,-1.5290859755417612,0.2683938605422935,-0.030809570632579497,-0.11955307262569836,0.30677290836653404,-0.0012642225031606058,-0.03100775193798455,0.04971181556195958,0.2524271844660195,-0.004796929964822505,-0.11084905660377364,0.0,-0.9202089764901449
1997-06-30,0.018389509906501234,0.014438031695278575,0.02537609958676268,0.004855539139481113,0.0029245079229771598,0.027324304285957668,0.19563380281690135,0.19563380281690135,0.20408163265306123,-0.04166666666666674,-0.4379790169295228,2.5761743839054563,-3.0395243677775916,-0.041871575101868785,0.2027412737111256,-0.07845789651673996,0.026649746192893398,0.30677290836653404,0.002953586497890237,-0.08000000000000007,0.04971181556195958,0.20155038759689914,-0.01510282776349614,0.018567639257294433,0.0,0.00954433497536944
1997-09-30,-0.006112013514853243,0.006850176240293715,-0.01614117229923251,-0.07629712794234778,0.016584763735747687,0.15388899721854266,0.5542113323124043,0.5542113323124043,0.5423728813559323,-0.04166666666666674,1.363342273133627,-0.6862835575105826,-1.7657948760059123,-0.12809796157794395,0.14697303043037602,0.10788990825688072,0.3053152039555007,0.30677290836653404,0.016827934371056008,0.10434782608695659,0.07892930679478383,0.1645161290322581,0.022838499184339334,0.2942708333333335,0.0,0.08996645318694729
1997-12-31,0.003168073244230074,-0.6813517575172996,-0.021317493874934312,0.17390400997298983,0.05679699260555782,-0.05463944859414627,-0.020949392513093357,-0.020949392513093357,-0.02197802197802201,-0.04166666666666674,0.048905743603881335,0.44745858251349757,-0.16027493472444876,-0.4754856614246068,0.06684483334590552,0.04041073203047363,0.1202651515151516,0.1371951219512193,0.056681836988001555,0.023622047244094446,-0.20737913486005088,0.14404432132963985,0.0532695374800638,0.11468812877263579,0.030303030303030276,-0.7285021451221787
1998-03-31,0.019513499064421236,0.7972972972972974,0.025276040973792657,0.22812192723697144,0.007825148407986982,-0.029175086475330292,-0.19487818661794643,-0.19487818661794643,-0.1910112359550562,-0.04166666666666674,-0.2695665993282458,1.1175224986765486,-1.8491728545615906,2.848003848003848,0.24242424242424243,0.1639605221267113,0.05663567202028741,0.06970509383378021,0.008222396241190255,0.09999999999999987,0.01845906902086658,0.12590799031477018,-0.011508176862507491,0.05776173285198549,0.0,0.46307110958433517
1998-06-30,0.013371788148925035,0.02819548872180455,0.029453743350201123,0.16893514811849486,-0.019812583668005312,0.125925925925926,-0.028846153846153855,-0.028846153846153855,-0.04166666666666674,-0.04166666666666674,-0.07531380753138073,-0.5833333333333333,-1.7894736842105263,-2.208333333333333,-0.2357723577235772,0.0897155361050328,0.02079999999999993,0.027568922305764465,-0.019805825242718456,0.08391608391608396,0.009456264775413725,0.10967741935483866,-0.0327818627450982,-0.008532423208191142,0.02941176470588225,-0.12021601314862651
1998-09-30,0.018714963346269986,-0.042047531992687404,0.020040332745147493,0.015068493150685036,0.01584266593826822,0.12687969924812026,0.306930693069307,0.306930693069307,0.318840579710145,0.318840579710145,0.2760180995475112,1.6068965517241378,-2.742857142857143,-4.0,0.925531914893617,0.06049196787148592,-0.014106583072100332,-0.012195121951219523,0.015451664025356582,0.07741935483870965,0.02732240437158473,0.09883720930232553,-0.002850807728856375,-0.040447504302925985,0.028571428571428692,-0.05631171603949814
1998-12-31,0.023366068405011875,0.08778625954198471,0.03669838131718772,-0.06072874493927127,-0.0056466792148427425,-0.15512927439532942,-0.19696969696969702,-0.19696969696969702,-0.19780219780219788,-0.19780219780219788,-0.5531914893617021,-0.5608465608465609,-0.7650273224043715,-0.9655172413793104,-0.2817679558011049,0.07313609467455628,-0.049284578696343395,-0.06666666666666665,-0.005462348809988304,0.05988023952095811,0.07294832826747721,0.09347442680776008,-0.028271918678526076,-0.058295964125560595,0.0,0.15808823529411753
1999-03-31,-0.002895433487756449,0.007017543859649145,-0.00870083432657931,0.09482758620689657,0.010275824770145991,0.010858835143139123,0.08490566037735858,-0.018867924528301883,0.08219178082191791,0.08219178082191791,0.23809523809523814,0.09638554216867479,-2.4651162790697674,-30.666666666666668,-0.6846153846153846,-0.09925011027790032,0.0,0.01058201058201047,0.010592389172224603,-0.096045197740113,-0.05169971671388096,0.08225806451612905,0.013403072899640378,-0.01904761904761909,0.0,-0.08034188034188028
1999-06-30,0.010619762714676906,0.012195121951219523,0.011181916556450622,0.05971128608923881,0.009368308351177745,0.123046875,-0.04347826086956519,0.05769230769230771,-0.03797468354430378,-0.03797468354430378,0.891025641025641,0.2857142857142858,0.06349206349206349,-0.9325842696629214,-0.14634146341463417,0.015426052889323971,0.012541806020066826,0.007853403141361293,0.009316770186335255,0.006250000000000089,-0.007468259895444418,0.07749627421758576,-0.001290322580645209,0.000970873786407811,0.0,-0.044609665427509215
1999-09-30,0.011082833921681301,-0.025817555938037917,0.005707491082045157,0.04705882352941182,0.023070803500397696,0.25217391304347836,0.4636363636363636,0.4636363636363636,0.4605263157894739,0.4605263157894739,-0.03050847457627115,-0.5128205128205128,1.283582089552239,-4.166666666666666,0.5428571428571429,-0.07089462261876045,0.05450041288191576,0.051948051948051965,0.023076923076923217,-0.08074534161490687,-0.09104589917230999,0.0705394190871369,0.011950904392765027,0.008729388942773975,0.05555555555555558,-0.06976097832128958
1999-12-31,0.0,0.12190812720848054,-0.00602979427760697,-0.05144884683619155,0.013219284603421366,-0.22638888888888886,-0.39751552795031053,-0.39751552795031053,-0.39639639639639646,-0.39639639639639646,0.25874125874125875,1.0877192982456139,-0.065359477124183,-2.105263157894737,-0.38888888888888884,-0.11263950168699721,-0.03210649960845735,-0.024691358024691357,0.013157894736842035,-0.1283783783783784,-0.16473509933774833,0.06589147286821695,0.01308649856367694,-0.04038461538461535,0.026315789473684292,0.18285031371377336
2000-03-31,0.004303345241961631,0.03307086614173227,0.009634828119424288,-0.04613466334164584,-0.007162957278076254,0.061041292639138156,0.2061855670103092,0.2061855670103092,0.20895522388059695,0.20895522388059695,-0.48888888888888893,-0.26050420168067223,-0.8881118881118881,-0.6190476190476191,-0.24242424242424243,0.019011406844106737,0.017799352750808906,-0.0025316455696203777,0.00927643784786647,0.0,0.03666997026759167,0.06303030303030299,-0.011342155009451793,-0.00501002004008011,0.025641025641025772,0.08310179338216739
2000-06-30,0.011965397364378738,-0.0015243902439023849,0.013195098963242113,0.22549019607843146,0.009275959804174283,0.20812182741116758,-0.07692307692307687,-0.07692307692307687,-0.06172839506172845,-0.06172839506172845,0.21739130434782616,0.25,-1.6875,-2.875,0.6000000000000001,-0.0697474167623423,-0.013513513513513487,-0.01015228426395931,0.00955882352941173,-0.07751937984496127,-0.07552581261950297,0.05815279361459513,-0.002868068833652093,-0.05840886203423967,0.04999999999999982,-0.1854011194029851
2000-09-30,-0.013661420468163321,0.007633587786259444,-0.023604651162790646,-0.052266666666666683,0.008169517487873312,0.08333333333333326,-0.03703703703703709,-0.03703703703703709,-0.03947368421052633,-0.03947368421052633,0.4107142857142858,-0.31818181818181823,-15.545454545454545,-0.6,0.1499999999999999,0.09040419623573004,-0.12328767123287676,-0.11794871794871797,0.008011653313911182,0.0840336134453783,0.0910031023784903,0.056034482758620774,0.022371364653243964,-0.13582887700534763,0.023809523809523725,0.06326939593472658
2000-12-31,0.02559533452130247,0.010606060606060508,0.0297725378111231,0.5301069217782779,0.01671309192200554,-0.06916612798965738,0.33653846153846145,0.33653846153846145,0.3287671232876712,0.3287671232876712,0.1518987341772151,0.3533333333333333,-0.10624999999999996,2.0,0.3913043478260869,0.05065082059988679,0.09191176470588247,0.09011627906976738,0.01697976878612706,0.03875968992248069,0.18483412322274884,0.05306122448979589,-0.00875273522975939,0.034653465346534684,0.04651162790697683,-0.3395261173936457
2001-03-31,0.09635128731637965,2.8275862068965516,0.1607493928530126,-0.34718646561235744,-0.04234122042341215,0.27916666666666656,-0.007194244604316502,-0.007194244604316502,0.010309278350515427,0.0,-0.3489010989010989,-0.15270935960591137,-7.0,50.27777777777778,14.421875,-0.012388903851333177,0.047138047138047146,0.01333333333333342,0.005683836589698066,-0.02985074626865669,-0.10319999999999996,0.04941860465116288,-0.12645853043204047,-0.06459330143540654,0.0888888888888888,4.863432531593967
2001-06-30,0.40613744417230957,-0.5421073247160204,0.4848062169971108,0.9070422535211267,0.20078023407022116,-0.028230184581976125,-1.6304347826086958,-1.6304347826086958,-1.6122448979591837,-1.6185567010309279,-0.45991561181434604,7.947674418604651,-0.10722610722610726,-1.6988082340195017,-0.6534954407294833,0.18516498500136347,-0.42443729903536975,-0.4710526315789474,-0.009890498057223529,0.18461538461538463,0.13024085637823357,0.048014773776546615,-0.14620938628158842,-0.4322250639386189,-0.08163265306122447,-0.7599249113536815
2001-09-30,-0.03816598360655743,-0.12831479897348164,-0.04327987653492582,-0.046676514032496286,-0.021659085986571402,0.16256983240223466,-1.7241379310344827,-1.7241379310344827,-1.6333333333333333,-1.6333333333333333,-1.0546875,-0.8602988953866146,-1.0195822454308094,-0.6325581395348837,-0.6929824561403508,0.01633686148182245,-0.16759776536312843,-0.22388059701492535,-0.009275775954334708,0.025974025974025983,0.6842936069455408,0.04493392070484581,0.01733615221987317,-0.20270270270270274,-0.022222222222222254,-0.08543295684911667
2001-12-31,0.02412782956058579,0.012757605495583801,0.02672184037031844,-0.015184381778741818,0.01593978304184196,0.026429601153291626,2.4603174603174605,2.4603174603174605,2.5526315789473686,2.5263157894736845,-65.71428571428571,0.6744186046511629,-5.666666666666667,-1.6877637130801688,1.5523809523809522,-0.03894045732397555,0.26845637583892623,0.1923076923076923,0.02556715880446525,-0.03164556962025322,0.15651358950328031,0.04384485666104565,-0.007896924355777268,0.19491525423728806,0.0,0.02818239392020261
2002-03-31,0.013625962138547942,-0.004844961240310086,0.011886057790832627,0.10289490245437372,0.019176291130965417,0.12359550561797761,-0.08256880733944949,-0.08256880733944949,-0.07407407407407418,-0.0746268656716419,-0.9823399558498896,-0.4555555555555556,-1.1,-2.1963190184049077,-0.7276119402985075,0.005889281507656108,0.1335978835978835,0.10215053763440873,0.018960674157303403,-0.019607843137254943,-0.17220421393841168,0.04200323101777048,0.005446166736489344,0.10874704491725762,0.0,-0.09762858022790266
2002-06-30,0.0007183170856850385,-0.0671859785783836,-0.012759062985215675,-0.11497860199714693,0.04340389138336542,-0.1745833333333333,-0.6599999999999999,-0.6599999999999999,-0.664,-0.6612903225806452,44.5,0.7091836734693877,1.8571428571428572,-1.0461538461538462,0.12328767123287676,0.05784543325526936,0.37339556592765466,0.3902439024390243,0.004135079255685792,0.040000000000000036,-0.06314243759177673,0.03953488372093017,0.04249999999999998,0.36247334754797444,0.022727272727272707,0.0539249146757681
2002-09-30,-0.013894585726004882,-0.05845511482254695,-0.025711159737417888,-0.030303030303030276,0.021516393442623016,-0.16759212518929834,1.3676470588235294,1.3676470588235294,1.2857142857142856,1.2857142857142856,-0.6043956043956045,-0.6268656716417911,-1.55,2.3333333333333335,0.36585365853658547,-0.14102280274518497,0.14953271028037385,0.17192982456140338,0.021619766643788507,-0.14743589743589747,-0.400208986415883,0.03877703206562266,0.03597122302158273,0.23943661971830998,-0.06666666666666676,-0.028821243523316165
2002-12-31,0.00025996984349818675,0.0022172949002217113,0.029828747894441232,0.06815159574468077,-0.08425275827482448,-0.5639781685870224,0.26086956521739135,0.26086956521739135,0.26041666666666674,0.25,2.1805555555555554,2.672,1.0,-0.30000000000000004,0.1875,0.09664948453608257,-0.022172949002217335,-0.02395209580838331,-0.08532079274437354,0.07518796992481191,-0.06445993031358888,0.03732950466618812,-0.0844907407407407,0.18181818181818166,-0.16666666666666674,-0.06168722907635882
2003-03-31,0.04111654018089195,0.007743362831858391,0.019355278402507947,-0.043884220354808545,0.11106243154435935,1.913769123783032,-0.2364532019704434,-0.2364532019704434,-0.23966942148760328,-0.23333333333333328,-0.7074235807860262,-2.1830065359477127,-31.636363636363637,-0.8571428571428572,0.022556390977443552,0.03407755581668637,-0.08994708994709,-0.07668711656441718,0.10907087770840973,0.13286713286713292,0.07262569832402233,0.03529411764705892,0.06700379266750933,-0.026709401709401726,-0.05714285714285705,0.05366027007818053
2003-06-30,-0.0003494932348094837,0.04281009879253572,0.008691582536604958,-0.013671875,-0.02701104100946372,-0.2362768496420048,-1.2516129032258063,-1.2516129032258063,-1.25,-1.25,0.23134328358208944,-1.4401473296500922,-1.0608308605341246,-12.0,-0.24264705882352944,-0.05159090909090913,-0.1843853820598007,-0.18604651162790686,-0.028807947019867552,-0.14814814814814825,0.03472222222222232,0.03475935828876997,-0.026461295418641284,-0.1306256860592755,-0.06060606060606066,0.057335581787521184
2003-09-30,-0.0042952751972830105,0.002105263157894832,-0.014913501690196895,-0.000990099009900991,0.02816616008105366,0.03374999999999995,-5.512820512820513,-5.512820512820513,-5.565217391304348,-5.521739130434782,-1.3454545454545455,-0.6443514644351465,2.1463414634146343,-0.6060606060606061,-0.12621359223300976,-0.12556913491492916,0.026476578411405383,0.020408163265306145,0.027957722468462398,-0.10144927536231874,0.0738255033557047,0.032945736434108586,0.032454361054766734,0.030303030303030276,0.0,0.0031897926634769647
2003-12-31,0.04098113964687,0.17542016806722693,0.03014399138743107,-0.048893293690122186,0.04197871501773753,0.022974607013301007,0.30113636363636354,0.30113636363636354,0.3047619047619048,0.3076923076923077,-13.421052631578947,1.4588235294117649,-5.147286821705427,1.7692307692307692,-0.4,0.0260345300082212,0.014880952380952328,0.03200000000000003,0.038474295190713104,0.0,-0.0015625000000001332,0.03252032520325221,0.0011787819253439302,-0.0931372549019609,0.12903225806451601,0.23593004769475345
2004-03-31,0.005830482339902687,-0.006255585344057235,-0.010320052253429135,0.06773185133726978,0.052203518063173915,0.23699763593380618,-0.18777292576419213,-0.18777292576419213,-0.1970802919708029,-0.19852941176470584,-0.6045197740112994,-0.5502392344497608,-0.6710280373831776,-1.2777777777777777,0.18518518518518512,0.07131410256410264,0.035190615835777095,0.050387596899224674,0.02427339508144377,0.032258064516129004,0.015649452269170583,0.03149606299212593,0.04591836734693877,0.05945945945945952,0.0,-0.06946231026498573
2004-06-30,0.006563188655744012,0.0053956834532373765,0.01484952481520585,-0.0998698763825634,-0.01330217508538556,-0.28284758719541325,-0.8118279569892473,-0.8118279569892473,-0.8181818181818181,-0.8165137614678899,-0.14642857142857146,1.3297872340425534,-0.9488636363636364,0.10000000000000009,0.171875,-0.009473946646721632,0.10387157695939586,0.11808118081180807,-0.014655441222326093,-0.03125,-0.06086286594761181,0.02994715208455645,-0.0198874296435273,0.15051020408163263,-0.02857142857142847,0.11694774675145125
2004-09-30,0.00870972347817811,0.003577817531305927,0.014437146387461741,0.07444886158294173,-0.0016396429222080844,0.06195869420386413,1.657142857142857,1.657142857142857,1.7000000000000002,1.7000000000000002,-0.7029288702928871,-0.4474885844748858,-6.444444444444445,-1.0909090909090908,-0.013333333333333308,0.02592499370752588,-0.14884516680923865,-0.1452145214521452,-0.0031645569620253333,0.040322580645161255,-0.0935192780968006,0.029646522234891615,-0.009954058192955584,-0.1252771618625278,-0.02941176470588236,-0.06584158415841579
2004-12-31,0.004859865999811364,0.02317290552584672,0.001153920123084795,0.012108980827447047,0.012408759124087565,0.20828105395232122,0.25806451612903225,0.25806451612903225,0.2407407407407407,0.2407407407407407,4.704225352112676,1.0413223140495869,-4.591836734693878,17.0,-0.2432432432432432,0.06648675171736995,-0.21507537688442213,-0.21235521235521226,0.011111111111111072,0.06976744186046502,0.23348416289592766,0.02879291251384264,0.007347254447022555,-0.23193916349809884,0.030303030303030276,0.010863804981452008
2005-03-31,0.011550922665163998,0.0017421602787457413,0.017224819107382938,0.06447324692588907,-0.003424657534246589,0.20197300103842153,0.042735042735042805,0.042735042735042805,0.04477611940298498,0.04477611940298498,0.01975308641975304,-0.5465587044534412,0.6875,-1.2222222222222223,0.0714285714285714,0.028295376121463267,-0.14724711907810495,-0.15196078431372562,-0.0034536891679749493,0.01449275362318847,0.3118121790168744,0.027448869752422,-0.01497120921305184,-0.17491749174917492,0.02941176470588225,-0.05897771952817832
2005-06-30,0.012950842501044502,0.022608695652173827,0.023416845020773014,0.248204807992507,-0.015373485259540631,-0.15982721382289422,-0.7622950819672132,-0.7622950819672132,-0.7571428571428571,-0.7571428571428571,-0.35593220338983056,0.7142857142857142,-0.8383838383838383,5.5,0.43333333333333335,0.03713646532438464,-0.01501501501501501,-0.028901734104046284,-0.01512287334593565,0.04285714285714293,0.22874720357941825,0.027239392352016667,-0.02766952455183158,-0.07200000000000006,0.028571428571428692,-0.18077994428969368
2005-09-30,0.0867014939052333,0.019557823129251695,0.11877229671546319,0.4447223611805904,-0.0023879500367376405,0.059125964010282805,-0.8620689655172413,-0.8620689655172413,-0.8823529411764706,-0.8823529411764706,-1.3233082706766917,-0.078125,-6.583333333333333,-0.8076923076923077,0.058139534883721034,-0.004314063848145033,-0.24390243902439035,-0.2678571428571428,-0.02303262955854135,0.013698630136986356,0.010013654984069253,0.02600713921468656,-0.08216432865731471,-0.2887931034482758,0.0277777777777779,-0.2941176470588235
2005-12-31,-0.015982120266509248,-0.019182652210175122,-0.039309472758260466,-0.14819944598337953,0.06223531577978281,0.3116504854368931,94.5,94.5,107.5,106.5,-5.744186046511628,0.8135593220338984,-1.335820895522388,-1.6,-0.03296703296703296,-0.04636048526863068,0.9536290322580645,0.934959349593496,0.06221349050425662,-0.027027027027027084,0.2717440288418205,0.025844930417495027,0.07947598253275112,0.8030303030303028,0.08108108108108114,0.15125240847784194
2006-03-31,-0.04105421041354185,0.03826530612244894,-0.05562550074396244,-0.14979674796747966,0.01542728375801694,-0.024796447076239847,-0.6439790575916231,-0.6439790575916231,-0.6451612903225806,-0.6465116279069767,0.5024509803921569,-0.1900311526479751,3.0666666666666664,3.333333333333333,-0.1477272727272727,-0.043389368468877865,0.01031991744066052,0.01680672268907557,0.01572133168927259,-0.09722222222222221,-0.5092133238837704,0.025193798449612448,0.059061488673139095,-0.008403361344537785,0.02499999999999991,0.22133891213389134
2006-06-30,-0.007016132636188943,-0.004095004095004073,-0.0024239486122894505,-0.12646426010040646,-0.024411061795834743,-0.28083491461100574,-1.2426470588235294,-1.2426470588235294,-1.2467532467532467,-1.25,-0.5089722675367048,0.3192307692307692,-1.1174863387978142,-1.0769230769230769,0.01333333333333342,-0.042032771313227135,-0.12257405515832476,-0.1198347107438017,-0.024279210925645,-0.06153846153846154,-0.06064981949458481,0.02410207939508524,-0.017570664629488086,-0.1084745762711864,0.0,0.14011647824597473
2006-09-30,0.004320432043204425,-0.004934210526315819,-0.0030980439800752935,0.048987411056376606,0.026071741032370976,0.15883905013192612,-6.696969696969697,-6.696969696969697,-6.578947368421053,-6.578947368421053,-0.10631229235880402,-0.30903790087463556,-2.0,-12.0,-0.14473684210526316,0.0399107585523053,0.350407450523865,0.39906103286384975,0.024883359253499382,0.06557377049180335,0.17678708685626443,0.023996308260267663,0.021772939346811793,0.3574144486692017,0.024390243902439046,-0.051382211538461564
2006-12-31,0.0658272091772718,0.02892561983471076,0.09036621778075671,0.08635533524654315,-0.0025579809004092624,0.04553734061930781,-0.24468085106382975,-0.24468085106382975,-0.24528301886792447,-0.2547169811320755,0.014869888475836479,0.49367088607594933,-4.790697674418604,-8.454545454545453,1.2615384615384615,0.07985697258641222,-0.35862068965517246,-0.35906040268456385,0.0021244309559940167,0.05384615384615388,-0.21750489875898105,0.023884632717440235,-0.06430745814307448,-0.32773109243697485,-0.04761904761904756,-0.05289832119100413
2007-03-31,-0.014673113306705954,0.013654618473895486,-0.017771319995529278,-0.04250720461095103,-0.005641990083774973,0.18902439024390238,-0.05633802816901412,-0.05633802816901412,-0.050000000000000044,-0.03797468354430378,1.3150183150183152,-0.36723163841807904,-3.521472392638037,-1.0365853658536586,-0.020408163265306145,0.04370860927152331,-0.0026881720430106393,-0.015706806282722474,0.00030284675953962115,0.04379562043795615,0.6310517529215358,0.023327464788732488,0.0093533956893046,-0.014583333333333282,0.0,0.05852842809364556
2007-06-30,0.022273425499232058,0.04120443740095081,0.025375512061902583,0.04138449962377733,0.012551581843191162,-0.28424908424908424,1.873134328358209,1.873134328358209,1.9078947368421053,1.8947368421052633,-0.4208860759493671,-5.620535714285714,0.34306569343065685,-284.0,5.895833333333333,0.07825719120135344,0.9541778975741237,0.9308510638297871,0.04480775052982122,0.0769230769230771,0.07830092118730825,0.022795698924731322,-0.00966962127316684,0.9556025369978858,-0.025000000000000022,0.0
2007-09-30,-0.0055096418732781816,-0.026636225266362223,0.003828653867495202,-0.04503853564547211,-0.032603158430973056,0.23694984646878203,-0.48831168831168836,-0.48831168831168836,-0.4570135746606335,-0.4590909090909091,0.0,0.0,0.0,-1.9858657243816253,-0.8429003021148036,-0.04864652805021574,0.01793103448275879,-0.0055096418732781816,0.008403361344537785,-0.0844155844155845,-0.521594684385382,0.02228763666946998,-0.027257933279088653,-0.01297297297297284,0.025641025641025772,0.019273301737756654
2007-12-31,-0.003021908839083376,-0.0070367474589523304,-0.013155712785362872,0.0670870113493065,0.02738283307003697,-0.4187008688456765,0.29441624365482233,0.29441624365482233,0.30833333333333335,0.31092436974789917,-0.0901639344262295,-1.2531400966183575,-0.8188405797101449,-0.9605734767025089,-0.21153846153846156,-0.018969072164948475,0.13143631436314362,0.13296398891966765,0.030459770114942497,-0.028368794326240954,-0.044642857142857095,0.02180172768408073,0.030531158511083234,0.25082146768893754,-0.10000000000000009,-0.06943583384996888
2008-03-31,-0.025511492801212454,-0.028346456692913358,-0.03982523945555372,-0.07775939494209405,0.01913548607551685,0.8291814946619218,-0.1686274509803921,-0.1686274509803921,-0.16560509554140124,-0.16666666666666663,1.6786786786786787,-1.0725190839694656,8.54,0.39393939393939403,-0.3739837398373984,-0.12547288776796972,0.07365269461077828,0.08312958435207829,0.019520356943669936,-0.15328467153284686,-0.2429906542056075,0.021336553945249692,0.04586038961038952,0.10070052539404561,-0.02777777777777779,0.0532978014656893
2008-06-30,0.032745809573181184,0.09643435980551063,0.0467856726169642,-0.01742696053305992,-0.010729253981559106,-0.12412451361867705,-0.8679245283018868,-0.8679245283018868,-0.8702290076335878,-0.8692307692307693,-0.27914798206278024,-25.789473684210527,-1.190775681341719,-9.0,4.779220779220779,0.0067291516462388845,-0.3407696597880646,-0.3408577878103838,-0.010393873085339234,-0.008620689655172376,-0.08093278463648834,0.02089081592431996,-0.04229724485836239,-0.3627684964200477,0.05714285714285716,0.11606578115117028
2008-09-30,-0.009119049610976315,-0.043606799704360655,-0.016551493535443607,-0.06285863328116847,0.016098966276902216,0.038649489115948565,5.321428571428571,5.321428571428571,5.411764705882353,5.352941176470588,-1.8040435458786936,0.26539278131634814,3.895604395604396,-1.6032608695652173,-0.498876404494382,-0.00023872045834327782,-0.04145516074450084,-0.0273972602739726,0.016583747927031656,0.008695652173912993,0.4805970149253731,0.020463320463320445,0.025526742301458683,-0.019975031210986316,-0.027027027027027084,0.020402380277698917
2008-12-31,0.03807835190813913,-0.010819165378670781,0.05128350427834749,-0.16142499304202618,-0.00016677785190122307,-0.07185628742514971,-0.27118644067796616,-0.27118644067796616,-0.2660550458715596,-0.25,-2.04642166344294,-0.20302013422818788,-1.2278338945005611,-0.38288288288288286,-0.6143497757847534,-0.17932187201528182,-0.1924095322153575,-0.193661971830986,-0.0016313213703099683,-0.1982758620689654,-0.15725806451612911,0.020052970109723844,-0.036744369814302624,-0.2547770700636942,0.08333333333333348,0.1796723132463205
2009-03-31,-0.01634810898739325,-0.017968749999999978,-0.030023717119448068,-0.0597411218055095,0.026188490408673992,0.03917050691244239,0.3875968992248062,0.3875968992248062,0.36250000000000004,0.345679012345679,0.5508317929759705,-0.4610526315789474,1.8620689655172415,-1.0145985401459854,0.023255813953488413,-0.12103578702356699,-0.06775956284153006,-0.06986899563318782,0.022331154684095855,-0.11827956989247324,0.07535885167464129,0.019658753709198784,0.04306808859721101,-0.027350427350427475,-0.05128205128205132,0.044491525423728806
2009-06-30,-0.01211344468331399,0.054892601431980825,-0.01550430675187553,-0.26720790681256623,-0.0017880364109232882,-0.25144124168514415,-0.5363128491620112,-0.5363128491620112,-0.5321100917431193,-0.5321100917431193,-0.44934445768772346,0.3828125,-0.7349397590361446,-24.0,-0.5227272727272727,-0.010923535253227423,0.09730363423212185,0.107981220657277,-0.005327650506126713,-0.024390243902438935,0.05561735261401557,0.019279738086577014,0.010617381046008623,0.18101933216168709,-0.05405405405405406,0.4394861392832996
2009-09-30,0.002678384599288597,1.0015082956259427,-0.001636938360803808,-0.048169556840077066,0.015469793193291004,0.16172985781990512,0.9036144578313252,0.9036144578313252,0.8823529411764706,0.8823529411764706,-0.1926406926406926,-0.4774011299435028,-0.045454545454545414,-1.891304347826087,0.9761904761904763,0.1218206157965196,-0.04380341880341887,-0.03813559322033888,0.01258703802892347,0.125,0.011591148577449806,0.01891506067094939,0.012840466926069993,0.011904761904762085,-0.05714285714285705,1.1028651949271957
2009-12-31,0.00985016069118072,0.08402411454408432,0.010855430542206168,0.33856275303643724,0.006735086593970596,0.07598164201937796,-0.2911392405063291,-0.2911392405063291,-0.29166666666666663,-0.29166666666666663,-0.6112600536193029,0.4540540540540541,-1.6326530612244898,-1.7560975609756098,-0.37349397590361444,0.17422434367541761,-0.04134078212290493,-0.026431718061673992,0.002380322665961332,0.15555555555555567,0.21666666666666679,0.018563922942206545,-0.003073376872838929,-0.02352941176470591,0.0,-0.1901570992480084
2010-03-31,0.0003306468278569952,-0.05005213764337857,-0.015157447284523728,-0.0616257088846881,0.04348518636508447,0.1625592417061612,1.0446428571428572,1.0446428571428572,1.0294117647058822,1.0294117647058822,4.63448275862069,-0.3643122676579925,-6.43010752688172,-5.548387096774194,2.7115384615384617,0.10746951219512213,0.07692307692307687,0.09502262443438902,0.02638522427440626,0.10576923076923062,0.15154109589041087,0.018225584594222966,0.04315992292870896,0.06777108433734935,0.030303030303030276,0.012319573411786466
2010-06-30,-0.0070239226542164745,-0.5418953530918404,-0.00993866424352563,0.18090249798549562,0.0009158907037094544,-0.26946596004891965,-0.6244541484716157,-0.6244541484716157,-0.6304347826086956,-0.6304347826086956,-0.591187270501836,0.8771929824561404,-0.8376237623762376,-1.4893617021276595,-0.3575129533678757,0.055746730901582886,-0.011904761904761751,0.004132231404958553,-0.0012853470437017567,0.026086956521739202,-0.030483271375464693,0.017899358324890313,0.0077576653121536054,-0.008462623413258208,0.02941176470588225,-0.6120243392970666
2010-09-30,0.009695002704614541,1.189297124600639,0.00826019617965934,-0.14261344251108832,0.013573280463626602,0.1936383928571428,0.8953488372093024,0.8953488372093024,0.9019607843137254,0.8823529411764706,0.0718562874251496,0.06542056074766345,-0.31707317073170727,-0.42028985507246375,-0.32258064516129037,0.021295089091699193,-0.006571741511500528,0.004115226337448652,0.01158301158301156,0.025423728813559254,0.020705521472392796,0.01857996018579966,0.004032258064516014,-0.011379800853485,0.0,1.5531367041198498
2010-12-31,0.025962251710211826,0.15541773075519894,0.031404676565966794,0.09391165937126944,0.011435449894673377,0.01589527816736802,-0.06748466257668717,-0.06748466257668717,-0.07216494845360821,-0.06249999999999989,-0.11731843575418999,0.14619883040935666,-2.017857142857143,-0.525,-0.22619047619047616,-0.021914893617021258,0.04961411245865488,0.061475409836065475,0.009414758269720158,-0.03305785123966942,-0.021788129226145814,0.018241042345277014,-0.014238773274917738,0.05899280575539567,0.0,0.05629412304024939
2011-03-31,-0.016348007712082224,-0.11588253868013898,-0.026311434717855353,-0.07057111676973449,0.010562332639095562,0.11872986654394846,0.1578947368421053,0.1578947368421053,0.15555555555555567,0.15555555555555567,1.2848101265822787,-0.37755102040816324,-7.0701754385964914,-7.947368421052632,2.0307692307692307,0.028279312595170802,-0.09243697478991597,-0.08880308880308885,0.01109150491555333,0.017094017094017033,-0.03149001536098317,0.01791426743442104,0.027407407407407325,-0.08152173913043481,0.0,-0.04878048780487787
2011-06-30,0.003675119441381769,-0.010357142857142843,0.00583503285746656,-0.1209393346379648,-0.0011776829088767649,-0.1657754010695187,0.1477272727272727,0.1477272727272727,0.14423076923076916,0.14423076923076916,-0.39473684210526316,1.1434426229508197,-0.8554913294797688,-2.0303030303030303,-0.6903553299492386,0.0666384599111487,0.19097222222222232,0.19491525423728806,-0.000997257541760166,0.05882352941176472,0.1728786677240286,0.018541797611564936,-0.005046863734678997,0.16863905325443795,0.028571428571428692,0.1257413997627519
2011-09-30,0.008177712681557425,0.05052327679538071,0.0009011546043367069,-0.06500445235975072,0.02726602800294775,0.11686390532544388,-0.09405940594059403,-0.09405940594059403,-0.09243697478991586,-0.10084033613445365,-0.25171624713958807,-0.4550669216061185,0.1399999999999999,-0.8897058823529411,-0.24590163934426235,-0.05573185243950818,0.01652089407191437,0.024822695035460862,0.027701522335912054,-0.05555555555555558,-0.21298174442190665,0.01820425794507874,0.019202898550724434,0.013924050632911467,0.0,0.12361189916511317
2011-12-31,0.04959644874899105,0.09790450017176222,0.06668167238759781,0.25142857142857133,0.005595408895265441,-0.040618101545253915,-0.180327868852459,-0.180327868852459,-0.18518518518518523,-0.17757009345794394,0.5963302752293578,0.7824561403508772,-1.1403508771929824,-2.466666666666667,0.4782608695652173,0.07456416719176628,-0.013384321223709361,-0.013840830449826869,0.004613890237979534,0.04201680672268915,0.04639175257731942,0.017575757575757578,-0.0419480981158904,-0.0024968789013734005,0.0,-0.12270956571923253
2012-03-31,-0.006267061401822427,-0.0766583229036295,-0.013557712597594418,-0.03729071537290718,0.013554001997431842,0.034974689369535295,0.040000000000000036,0.040000000000000036,0.03409090909090917,0.03409090909090917,0.1877394636015326,-0.3248031496062992,-37.0,-1.5,-0.16176470588235292,0.06508991399530895,-0.03875968992248069,-0.04210526315789476,0.009427121102248082,0.06451612903225823,0.07060755336617408,0.017569982132221718,0.020037105751391282,-0.007509386733416834,-0.05555555555555547,-0.04086834964229902
2012-06-30,0.008860171786736926,0.033547949847509306,0.010267928766244161,0.04150197628458496,0.005349099099099197,-0.09959982214317475,-0.0641025641025641,-0.0641025641025641,-0.05494505494505497,-0.05494505494505497,-0.1274193548387097,0.4256559766763848,-1.2638888888888888,-12.636363636363637,2.245614035087719,0.045696458065699996,-0.092741935483871,-0.09523809523809534,-0.004310344827586188,0.030303030303030276,0.07898773006134974,0.017266608135791506,-0.0036376864314295876,-0.08070617906683464,0.0,-0.007630315500685936
2012-09-30,-0.006366251198466011,-0.10491803278688527,-0.02186226245301992,-0.12371916508538905,0.034584150098011746,0.08938271604938275,0.5547945205479452,0.5547945205479452,0.5348837209302326,0.5232558139534884,0.049907578558225474,-0.28016359918200406,-5.5,-1.984375,-0.681081081081081,0.05826605826605835,0.05333333333333323,0.06072874493927127,0.032708032708032686,0.06617647058823528,0.15209665955934626,0.01783659378596103,0.04125593282219797,0.07681755829903958,-0.02941176470588236,0.021425485961123147
2012-12-31,0.01659654946157696,0.06776556776556775,0.024353284987552737,0.19878735383282797,-0.0021653809717147032,0.04759746146872157,-0.6431718061674009,-0.6431718061674009,-0.643939393939394,-0.633587786259542,-0.15492957746478875,0.6619318181818181,-1.3245614035087718,-1.0476190476190477,0.10169491525423724,0.0006633499170813906,-0.1128691983122363,-0.10687022900763354,-0.0048905449464369255,-0.02758620689655178,-0.0598396051819865,0.017524024872809463,-0.01858345021037877,-0.11592356687898087,0.030303030303030276,-0.10927852490907553
2013-03-31,-0.014806940278674241,-0.05008576329331049,-0.03228021978021978,-0.1054913294797688,0.030245490302454936,0.08870618779749018,1.8888888888888888,1.8888888888888888,1.8723404255319154,1.791666666666667,0.2437499999999999,-0.4324786324786325,-2.009009009009009,24.5,2.353846153846154,0.06645674511103739,0.10939357907253267,0.1282051282051282,0.02199859583430852,0.07092198581560294,0.18635170603674522,0.01722222222222225,0.04573061807788514,0.09510086455331401,0.02941176470588225,0.06191244896021275
2013-06-30,-0.0001926856526263121,-0.09859154929577463,0.002183763716765874,0.1962843295638126,-0.005792522380200116,-0.1156597774244833,-0.5512820512820513,-0.5512820512820513,-0.5555555555555556,-0.5522388059701493,0.12227805695142369,0.7439759036144578,1.3482142857142856,-2.1241830065359477,-0.7889908256880733,0.0621600621600622,-0.07288317256162913,-0.05681818181818188,-0.011678497824593626,0.039735099337748325,-0.052544247787610576,0.018022938285090273,-0.005466347796378557,-0.08026315789473681,0.028571428571428692,-0.24644549763033174
2013-09-30,0.011062288004933807,0.02123397435897445,-0.0019611047556790107,0.015530047265361224,0.04290254237288127,0.07280898876404485,0.8857142857142857,0.8857142857142857,0.8833333333333333,0.8833333333333333,-0.33134328358208953,-0.2642487046632125,-1.0114068441064639,-1.1453488372093024,0.5434782608695652,-0.0016093635698609665,-0.060115606936416155,-0.048192771084337394,0.03220574606116777,0.006369426751592355,0.06771745475773505,0.017703862660944036,0.03160425970456893,-0.06294706723891275,0.0,0.005577311024089315
2013-12-31,-0.011284358202127254,0.1008238524911731,-0.018557938977130095,0.060172872340425565,0.005713560182833977,0.06116464180980308,-0.3737373737373737,-0.3737373737373737,-0.38938053097345127,-0.38938053097345127,-0.0200892857142857,0.335680751173709,36.0,-1.76,-0.2676056338028169,-0.010111371629542787,0.050430504305043033,0.07172995780590719,0.004040404040404066,-0.03797468354430378,0.04045926735921279,0.017132314180284824,0.016983016983016963,0.04427480916030535,0.0277777777777779,0.03835260797734241
2014-03-31,0.008714092924619221,0.05951532430506057,0.0023914131583337994,0.11915961116337415,0.02474435046080048,0.551519936833794,1.629032258064516,1.629032258064516,1.666666666666667,1.666666666666667,0.21184510250569466,-0.22319859402460462,-1.3963963963963963,-3.4210526315789473,0.8846153846153846,0.032124352331606154,0.12060889929742369,0.13779527559055116,0.025039123630673066,0.026315789473684292,-0.02574881765633219,0.0171028763928478,0.016044531761624237,-0.005847953216374213,0.1351351351351351,-0.05330151153540186
2014-06-30,0.0010702954780015261,-0.08476286579212922,0.007711939636040777,-0.21014289717007562,-0.013428606628064554,-0.31348600508905855,-0.6196319018404908,-0.6196319018404908,-0.6195652173913044,-0.6195652173913044,0.022556390977443552,0.41402714932126705,-2.3181818181818183,-1.5,-0.23469387755102045,0.09165232358003439,0.010449320794148287,0.02076124567474058,-0.013304252998909472,0.0641025641025641,-0.03613807982740014,0.01681528662420373,-0.014502094747019023,-0.016176470588235348,0.04761904761904767,0.15870348139255697
2014-09-30,0.00714040245904779,0.012495406100698325,0.001486538567417206,-0.00496630010642074,0.020104895104895215,-0.03817642698295032,0.25806451612903225,0.25806451612903225,0.25714285714285734,0.25714285714285734,-0.5919117647058824,-0.376,1.6379310344827585,-0.34782608695652173,-0.19999999999999996,-0.011299435028248594,-0.06308169596690794,-0.05423728813559314,0.02011494252873547,0.0,-0.034135422495803036,0.017288900025056453,0.012753433616742749,-0.0717488789237668,0.022727272727272707,0.01761292996270214
2014-12-31,0.060585380649074816,0.12050816696914701,0.07927432655305111,-0.08128342245989306,0.019341412657608137,0.18612716763005777,0.9166666666666667,0.9166666666666667,0.9204545454545454,0.909090909090909,1.4369369369369371,0.5461538461538462,-0.673202614379085,-0.19999999999999996,-0.19999999999999996,0.10657807308970102,0.22516556291390732,0.21505376344086025,0.017984832069338985,0.08433734939759052,0.17381228273464666,0.016748768472906406,-0.038747174685179075,0.18518518518518512,0.022222222222222143,0.21960904092852784
2015-03-31,0.003360263101451322,-0.09685779073534173,-0.01232681336593322,-0.2863795110593713,0.040590849045274435,-0.03053931124106568,-0.08695652173913049,-0.08695652173913049,-0.09467455621301768,-0.08928571428571419,0.38077634011090566,-0.07794361525704807,-3.8,-5.25,1.0625,0.015491773748048665,-0.07477477477477479,-0.07374631268436582,0.028522775649212573,0.0,-0.18163869693978296,0.01671511627906974,0.0369499496137049,0.01902173913043481,-0.08695652173913049,0.2655480424075465
2015-06-30,0.010047028644720069,-0.03479196556671449,0.020783909231562703,0.2137030995106035,-0.014541257934218121,-0.239946380697051,-0.6007326007326007,-0.6007326007326007,-0.6013071895424837,-0.6013071895424837,-0.4203480589022758,-0.13669064748201443,-2.2714285714285714,1.5686274509803924,1.323232323232323,-0.06870860927152322,-0.0331061343719572,-0.03821656050955402,-0.01531456953642385,-0.09444444444444455,-0.008443908323280902,0.01644031451036443,-0.024295432458697586,0.021333333333333426,-0.0714285714285714,-0.20474934036939318
2015-09-30,0.010723104056437283,0.0033444816053511683,0.0014146415399383105,0.018369175627240164,0.031970956786508964,0.14550264550264558,1.4311926605504586,1.4311926605504586,1.4098360655737703,1.4098360655737703,-0.33487297921478065,0.1166666666666667,-0.5224719101123596,-2.2442748091603053,-0.7086956521739131,0.01371428571428579,0.10976837865055389,0.10927152317880795,0.0319461958806222,0.030674846625766916,0.03345498783454981,0.017112048757618403,0.020916334661354563,0.13054830287206265,0.0,-0.01468148639681488
2015-12-31,0.0028966287429328386,-0.04629629629629628,0.006104636496645055,0.11218653761548625,-0.00453926463912846,-0.04272517321016167,-0.6981132075471699,-0.6981132075471699,-0.6938775510204082,-0.7006802721088435,0.5381944444444444,0.17910447761194037,0.8705882352941177,-0.8159509202453987,-0.4477611940298507,0.019040460979581564,-0.24137931034482774,-0.23582089552238805,-0.004480651731160856,-0.011904761904761862,-0.09476162448499104,0.0168241530306521,-0.0071544715447153795,-0.18822170900692836,-0.07692307692307698,-0.14252041417627748
2016-03-31,-0.006020113442600117,-0.08271844660194172,-0.014441881456223049,-0.12618670886075944,0.013109895120839044,0.03176517893043829,2.0875,2.0875,2.0666666666666664,2.1136363636363638,0.672686230248307,-0.30854430379746833,-2.9245283018867925,-0.9333333333333333,-0.05405405405405406,0.03872157344806393,-0.04186602870813383,-0.04296875,0.013297872340425565,0.04216867469879526,0.35630689206762023,0.016545784224841542,0.018997707173272094,0.005689900426742556,-0.02777777777777779,0.04977419988219123
2016-06-30,0.0071768659851561,-0.04403048264182896,0.016078152030121196,-0.1475780896333182,-0.012265106335096254,-0.11847233047544814,-0.3846153846153846,-0.3846153846153846,-0.3913043478260869,-0.3868613138686132,-0.2834008097165992,0.14645308924485123,-0.892156862745098,0.5,-0.08571428571428574,0.08816568047337281,0.0536828963795255,0.05714285714285716,-0.012315768221279999,0.07514450867052025,0.1332694151486098,0.01627647714604219,-0.01928640308582452,0.06223479490806216,0.0,0.1214813429346302
2016-09-30,0.02408842851680637,0.14924712134632423,0.017175763645468134,0.04567180031864049,0.040100250626566414,0.2944297082228118,1.223684210526316,1.223684210526316,1.2380952380952381,1.2380952380952381,-0.06779661016949157,0.12774451097804396,-4.151515151515151,-12.333333333333334,1.0625,0.038934203371397524,0.08886255924170605,0.0926640926640927,0.040065412919051635,0.048387096774193505,-0.019035532994923776,0.016893374286968132,0.015732546705998107,0.062583222370173,0.0,0.09898265510340232
2016-12-31,0.0875364876790441,0.06435452793834306,0.10973268350317533,0.2376841036058912,-0.013033953997809378,-0.018442622950819665,-0.6124260355029586,-0.6124260355029586,-0.6063829787234043,-0.6117021276595744,-0.3595959595959596,2.336283185840708,14.326923076923077,-0.23529411764705888,0.39393939393939403,-0.007746257720087857,0.055495103373231824,0.03180212014134276,-0.012971698113207641,-0.0461538461538461,-0.09788702026735663,0.017907227615965526,-0.0926105195224266,0.023809523809523725,0.028571428571428692,-0.13999544730252678
2017-03-31,0.003370681314565749,-0.07060101375814631,-0.003593292520628122,-0.24743537135822735,0.02030851181888793,0.12595685455810712,2.053435114503817,2.045801526717557,2.0135135135135136,2.0547945205479454,1.4826498422712935,-0.659946949602122,-1.0978670012547052,-1.3846153846153846,-0.10869565217391308,0.05243169110665691,0.1649484536082475,0.14383561643835607,0.020509757068896795,0.06989247311827951,-0.01051625239005749,0.017380245866892796,0.017069701280227667,0.10526315789473695,0.0277777777777779,0.2349567672489854
2017-06-30,0.013468537124016189,0.02493182703544994,0.024486888384310568,0.4978189749182116,-0.011529258211877336,-0.11773794808405436,-0.5575,-0.5563909774436091,-0.5560538116591929,-0.5560538116591929,-0.49682337992376113,-0.05148205928237126,-2.230769230769231,1.0,-0.24390243902439024,0.06415396952686447,0.015929203539823078,-0.008982035928143728,-0.01151219512195134,0.04020100502512558,-0.09710144927536224,0.017291666666666705,-0.02482517482517499,-0.02657807308970095,0.027027027027026973,-0.31571050939487033
2017-09-30,0.015008286784113922,0.06993538578487257,0.008995697709790917,-0.05424099017109574,0.03136003521126751,0.1366024518388791,0.5254237288135593,0.5197740112994351,0.5252525252525253,0.5252525252525253,-0.0732323232323232,-0.08717105263157898,-0.015625,-1.05,0.016129032258064502,0.026281085154483907,-0.07229965156794427,-0.09063444108761332,0.03138570864587442,0.03864734299516903,0.0,0.01679295515052215,0.01613481534600214,-0.09101251422070544,0.0,0.13123825433284608
2017-12-31,0.021045629101025032,0.09449378330373004,0.02407614781634937,0.08237105465742878,0.014829830363811025,0.008012326656394508,0.06296296296296289,0.06691449814126393,0.052980132450331174,0.052980132450331174,0.5449591280653951,0.36936936936936937,0.03703703703703698,2.0,0.04761904761904767,0.02312987608994943,0.14366197183098595,0.14617940199335555,0.014928229665071902,-0.009302325581395321,0.09256286784376666,0.01792547834843905,-0.005998588567395879,0.12390488110137676,0.0,0.011259806183663956
2018-03-31,0.0021914887316019094,-0.040246673158065516,-0.012575177692728312,-0.09637268847795166,0.03952901597981495,0.14735554876184653,0.2578397212543555,0.254355400696864,0.26415094339622613,0.25786163522012573,0.4779541446208113,-0.22894736842105268,-1.7908163265306123,31.333333333333336,1.8181818181818183,-0.06638557459406125,-0.051724137931034475,-0.04637681159420304,0.027343013388647863,-0.07981220657276988,-0.19343780607247807,0.01741195092995662,0.03727369542066028,-0.07238307349665929,0.026315789473684292,0.06206078306105689
2018-06-30,0.014449927602612211,-0.02096719648292189,0.022744697163301852,-0.016528925619834656,-0.004449838187702282,-0.15827338129496404,-0.35180055401662047,-0.35,-0.3582089552238805,-0.355,-0.2899761336515513,0.3549488054607508,-1.6387096774193548,-2.0309278350515463,-0.5376344086021505,-0.036706063226674246,0.03116883116883118,0.036474164133738496,-0.005873715124816492,-0.061224489795918324,-0.0006071645415905991,0.03442240373395555,-0.01882272416153319,0.027611044417767072,0.025641025641025772,-0.0044685056285983515
2018-09-30,0.028022138071657432,0.07184801381692574,0.024571047809428537,-0.1528611444577831,0.036875253961804244,0.12377334599556811,0.4273504273504274,0.42307692307692313,0.4263565891472869,0.4263565891472869,0.031932773109243806,0.20403022670025184,2.6363636363636362,-1.18,0.20930232558139528,0.07820448877805486,0.033585222502099166,0.038123167155425186,0.0360044313146235,0.08695652173913038,0.027946537059538423,0.0,0.008719916288803642,0.032710280373831946,0.0,0.2652567975830815
2018-12-31,0.028221693301598183,0.050596197228488515,0.039387041703926595,1.0963627775153517,0.0029391594004115618,0.05633802816901401,-0.4281437125748503,-0.4264264264264265,-0.4347826086956522,-0.4347826086956522,0.030944625407166138,0.05753138075313813,-0.02777777777777779,-2.5555555555555554,-0.2692307692307693,0.05569432880007397,-0.09585702680747366,-0.09322033898305093,0.002851541614685482,0.014999999999999902,0.0035460992907800915,0.01786050009400264,-0.024550484094052583,-0.10972850678733026,0.02499999999999991,-0.4988402237685905
2019-03-31,0.004023368606701938,-0.1288343558282209,-0.006139767705603982,-0.17823343848580442,0.030086939533066293,-0.06293333333333329,1.099476439790576,1.094240837696335,1.1153846153846154,1.1057692307692308,0.18799368088467605,-0.26013847675568746,-1.0542857142857143,-0.4642857142857143,-0.19736842105263153,0.022697397248269136,0.018867924528301883,0.015576323987539054,0.022925182157455204,0.019704433497536922,0.11366313309776199,0.017547100110823832,0.0258773484579935,0.05336721728081306,-0.04878048780487798,0.06003267084127395
2019-06-30,0.011445353241477774,-0.04014084507042248,0.03415440308491391,0.0019193857965451588,-0.014129919393077284,-0.17814456459874783,-0.546134663341646,-0.5449999999999999,-0.55,-0.547945205479452,-0.18218085106382975,0.02406417112299475,-9.0,-1.0666666666666667,0.016393442622950838,0.08791773778920309,-0.05731922398589073,-0.06134969325153372,-0.014593467685893091,0.06763285024154597,0.05552617662612369,0.03430749682337986,-0.025224602626122916,-0.026537997587454898,-0.02564102564102566,-0.04199306536535241
