Quarter end,Assets,Current Assets,Liabilities,Current Liabilities,Shareholders equity,Revenue,Earnings,Earnings available for common stockholders,EPS basic,EPS diluted,Cash from operating activities,Cash from investing activities,Cash from financing activities,Cash change during period,Cash at end of period,Price,ROE,ROA,Book value of equity per share,P/B ratio,P/E ratio,Cumulative dividends per share,Equity to assets ratio,Net margin,Asset turnover,Current ratio
1999-09-30,-0.10668235666931392,-0.300705841335718,-0.22612865919381098,-0.5798616434687036,0.11378717994400045,0.0,0.0,0.0,0.0,0.0,12.911942931656055,0.7821615528343551,0.1294538357492696,-0.44916021793506056,-0.5603853173371763,-0.08213552361396315,0.2821637426900585,-0.0657894736842104,0.10231316725978656,0.012578616352201255,-0.36549468520032713,inf,0.24672737620944796,0.18353941267387963,0.10204081632653073,0.664519056261343
1999-12-31,-0.10668235666931392,-0.300705841335718,-0.22612865919381098,-0.5798616434687036,0.11378717994400045,0.0,0.0,0.0,0.0,0.0,12.911942931656055,0.7821615528343551,0.1294538357492696,-0.44916021793506056,-0.5603853173371763,-0.08213552361396315,0.2821637426900585,-0.0657894736842104,0.10231316725978656,0.012578616352201255,-0.36549468520032713,inf,0.24672737620944796,0.18353941267387963,0.10204081632653073,0.664519056261343
2000-03-31,-0.013411389612299818,-0.2484000249284506,-0.058637070571749716,0.07780816376778454,0.04458855010071483,0.5815757035446734,1.4982414526419108,1.5243382827630731,0.7435897435897436,0.7631578947368423,12.911942931656055,0.7821615528343551,0.1294538357492696,-0.44916021793506056,-0.7021660973756783,0.1174496644295302,0.2821637426900585,-0.0657894736842104,-0.013720742534301889,0.012578616352201255,-0.36549468520032713,inf,0.05889066423191047,0.18353941267387963,0.10204081632653073,-0.30267677043013685
2000-06-30,0.05848932628278303,1.004834754100452,0.0838310864581433,0.11178872567216414,0.02920123733655977,0.15280505937402045,0.48532420973365853,0.5054643411249211,0.5,0.4925373134328357,0.10366653801621006,0.2612835864865568,-2.0656364322391196,-3.122892510585369,5.004880694143167,0.3098098098098099,0.2821637426900585,-0.0657894736842104,0.023731587561374834,0.329192546583851,-0.36549468520032713,0.6666666666666667,-0.02780771718042674,0.18353941267387963,0.10204081632653073,0.8032991947463062
2000-09-30,0.36093684754727495,0.24790580330299283,0.3609075295172348,1.2432552422535728,0.36097252964245374,0.7833565760160461,0.8175325677254393,0.840079275198188,0.2450980392156863,0.21999999999999997,2.7560098315448713,3.3303862165615596,-2.2698820776501742,-1.5069527214938419,-0.4024604393068224,0.004203286205578971,0.2821637426900585,-0.0657894736842104,-0.0767386091127098,-0.01869158878504673,-0.36549468520032713,0.5999999999999999,0.00022172949002219333,0.18353941267387963,0.10204081632653073,-0.4437266973033903
2000-12-31,0.044130780596227215,0.19076312387983974,-0.006643220441190145,0.02878532126898148,0.10592334330179254,0.8475349935510585,1.5080588435044144,1.530634728180257,0.5511811023622046,0.6229508196721312,-0.3540689075451421,-0.5525281705446279,-0.37726242286850364,-1.3910816630252367,0.2765397683700257,0.07229832572298323,0.2821637426900585,-0.0657894736842104,0.12294372294372291,0.16190476190476177,-0.36549468520032713,0.25,0.059188649966748,0.18353941267387963,0.10204081632653073,0.15743122126100872
2001-03-31,0.06796523507545693,0.3382437479727278,0.022141163769644256,0.10780191005537465,0.11805727598575055,-0.22496806624956556,-0.0322575185743057,-0.03244847084574698,0.5634517766497462,0.49494949494949503,0.5582054270429657,0.14763868158983495,-0.6732205545497609,6.725279841305184,1.6735452751589563,0.056422995031937484,0.2821637426900585,-0.0657894736842104,0.09175019275250573,-0.05737704918032793,-0.36549468520032713,0.30000000000000004,0.04688154039346992,0.18353941267387963,0.10204081632653073,0.2080667968486971
2001-06-30,0.06514291735273692,-0.11086286489993225,0.07771114818048042,-0.15636781655384024,0.05258273255453805,-0.29154825139436125,-0.659252448990299,-0.6632858510983252,-0.6655844155844155,-0.6587837837837838,-0.5110699985463771,1.066991853844942,-4.3125757064278485,-1.345550396696467,-0.21630239034807164,-0.06650990930466916,-0.08409350057012555,-0.0657894736842104,0.08121468926553677,-0.14782608695652166,-0.36549468520032713,0.15384615384615374,-0.01179528188724499,-0.04635977799542923,-0.01851851851851849,0.053954629061925274
2001-09-30,-0.009168074271293958,-0.26235500619425955,0.004228238746507573,-0.04429629302000382,-0.022875417947698873,-0.19091871885178757,-0.37875210792580105,-0.3856266236674729,-0.3689320388349514,-0.36633663366336633,0.010276008951641602,-0.5258194491771134,-2.767165413804266,0.8088944494995451,-0.49925913834021873,-0.22813961856783016,-0.12387177093059443,-0.10819462227912935,-0.02351404310907912,-0.2857142857142857,-0.22938144329896903,0.13333333333333353,-0.01395913412907146,-0.04005477576172556,-0.07547169811320764,-0.22819821249140615
2001-12-31,0.705013520871026,0.31845025381082137,1.5041093885810088,0.6358192802395166,-0.13531555410512852,0.2604688818250769,-7.117983760562716,-7.33164436991944,-7.292307692307692,-7.390625,0.031306348484443136,11.528139360434698,-13.036622059397208,-0.8062727146971165,-0.19336300754393665,-0.15244755244755248,-0.9090586145648313,-0.91816223977028,-0.2929765886287625,-0.12857142857142856,-0.0769230769230771,0.17647058823529416,-0.49281903980303654,-0.8922967189728959,-0.30612244897959173,-0.19398382897081
2002-03-31,0.3635467233009708,0.08233117483811281,0.3386397984886649,0.1545157780195865,0.4393985885240872,0.2683628653642285,-1.119601303268395,-1.1151436993367723,-1.1002444987775062,-1.097799511002445,-0.03499942930073774,-0.5066546277984645,-0.503429213017031,-4.765011359948069,0.9015544041450778,0.14851485148514842,-3.45703125,-2.7719298245614032,0.4191106906338693,0.6229508196721312,13.548913043478262,0.09999999999999987,0.05542071197411014,0.0,-0.23529411764705888,-0.06256907251551469
2002-06-30,-0.06141180397174162,-0.007692307692307665,-0.09009483667017915,-0.0018850141376060003,0.019825197186100985,0.24200426439232414,-2.67741935483871,-2.783333333333333,-2.658536585365854,-2.7,0.4086021505376345,-1.2136664966853645,-1.4965947786606129,-0.6206896551724138,0.15803814713896447,0.16522988505747116,0.8712241653418125,0.6881188118811881,-0.004666666666666708,-0.18181818181818177,0.0,0.13636363636363646,0.08662322729014926,0.0,-0.03846153846153855,-0.005803935793960213
2002-09-30,-0.050731938600130366,-0.27993109388458226,-0.05004549590536855,-0.06610009442870635,-0.052466555183946495,-0.11416309012875536,-1.5961538461538463,-1.560747663551402,-1.5588235294117647,-1.5441176470588234,-0.46564885496183206,-1.494033412887828,-0.5314285714285714,-6.075757575757576,-0.7929411764705883,-0.1413892314015618,0.0,-0.08797653958944285,-0.030810448760884013,-0.13580246913580263,0.0,0.08000000000000007,-0.0017636684303349304,0.0,-0.040000000000000036,-0.22895192921645535
2002-12-31,0.01298620216020474,0.2727272727272727,0.00766283524904221,0.05358948432760369,0.026472534745201948,0.14437984496124034,0.35483870967741926,0.3500000000000001,0.3421052631578947,0.5405405405405403,1.0642857142857145,0.4347826086956521,-0.8146341463414635,-1.608955223880597,2.3181818181818183,0.13977979894686454,-1.1707731520815634,-1.1993569131832797,0.03593642017968213,0.1785714285714286,0.0,0.11111111111111094,0.013427561837455748,-0.2781456953642384,0.08333333333333348,0.20797350053235508
2003-03-31,0.09879815100154077,0.5385338345864661,0.07932941583131692,0.3973128598848368,0.14721684934450896,0.4149026248941574,4.190476190476191,4.3580246913580245,4.411764705882352,3.6842105263157894,0.4307958477508651,0.6363636363636365,-0.9078947368421053,0.6764705882352942,1.1712328767123288,-0.025199496010079758,3.8258706467661696,3.612903225806452,-0.228819212808539,-0.06060606060606055,-0.12426845971859046,0.10000000000000009,0.043933054393305415,3.2522935779816518,0.15384615384615374,0.1010674762511019
2003-06-30,0.4365604666816245,0.12339645693341472,0.277742193755004,0.5178571428571428,0.8081678531285126,0.08497905445840814,-0.1834862385321101,-0.18663594470046085,-0.39492753623188404,-0.3932584269662921,0.13542926239419595,0.17489711934156382,42.714285714285715,-0.736842105263158,0.14195583596214512,0.09780267126238695,0.5824742268041236,0.7342657342657342,0.8001730103806226,0.4193548387096775,-0.7527370965448599,0.06060606060606055,0.25885103540414156,0.7572815533980581,0.0,-0.25989504580627953
2003-09-30,0.013900277224629942,0.03697661772702565,-0.011404223322263318,-0.2280542986425339,0.05573974305843343,0.07446221731936009,0.1573033707865168,0.16147308781869696,0.05389221556886237,0.05555555555555536,0.07987220447284349,0.23992994746059537,-0.3758169934640523,0.288888888888889,0.16022099447513805,-0.020408163265306145,0.11661237785016287,0.21370967741935476,0.052859202306583475,-0.4545454545454546,-0.4514088556641749,0.08571428571428585,0.041124966834704235,0.1866175567833026,0.03333333333333344,0.3433481552697992
2003-12-31,0.046019948396041066,0.23964341898269526,0.020853140647778323,0.21395076201641272,0.0849852796859667,-0.014373716632443578,0.31796116504854366,0.3170731707317074,0.3125,0.3157894736842106,-0.02564102564102566,-0.057909604519774005,-1.4712041884816753,2.7327586206896552,0.5154761904761904,0.0484775641025641,0.11843640606767791,0.2026578073089702,0.060246462802373335,-0.008333333333333304,-0.16457023060796638,0.05263157894736836,0.03720693170234446,0.2224521469218832,-0.032258064516129115,0.02120236178207202
2004-03-31,0.01527869818128269,0.1357868020304569,-0.0036632310940022395,0.2988894253983583,0.042872648335745334,0.1656249999999999,-0.09023941068139962,-0.0888888888888889,-0.10822510822510822,-0.11111111111111116,0.23785425101214575,0.31784107946026996,-2.4333333333333336,-0.5196304849884527,0.1633935585231736,0.07833397019487953,-0.11737089201877948,-0.06215469613259672,0.03486870426173039,0.01680672268907557,-0.14178168130489333,0.125,0.027272727272727337,-0.040626322471434606,0.0,-0.12562417871222076
2004-06-30,-0.009899553976139508,-0.11955307262569836,-0.04399576244780956,-0.11486988847583646,0.03755420641803986,-0.008489722966934732,0.0161943319838056,0.014227642276422703,0.004854368932038833,0.010000000000000009,-0.07031888798037611,-0.13993174061433444,4.48062015503876,-2.605769230769231,-0.22552329507089808,0.10595322466335944,0.02541371158392436,0.06480117820324005,0.02911813643926786,0.07438016528925617,0.20321637426900585,0.11111111111111116,0.04783544606553436,0.028672254080282178,0.03333333333333344,-0.005209898807734703
2004-09-30,0.04709932610606504,0.27791878172588835,0.038719770549507926,0.24569508609827806,0.05784502215163423,0.02163136547994582,0.029880478087649376,0.03206412825651306,0.024154589371980784,0.024752475247524774,0.17150395778364125,-0.011904761904761862,-1.0056577086280056,-2.838323353293413,0.5353095030514385,0.11342518423582182,-0.0005763688760805907,0.02766251728907343,0.05254648342764767,0.07692307692307687,0.05832320777642774,0.10000000000000009,0.01027162748231003,0.015008576329331058,0.0,0.025783059724040713
2004-12-31,0.040083945435466894,0.18603111552466078,0.007969877627863164,0.045178691840863205,0.08052153299091258,0.08734009704455237,0.3017408123791103,0.30097087378640786,-0.34905660377358494,-0.35748792270531393,-0.1561561561561562,0.6760374832663989,-43.25,-1.4364820846905537,-0.3458262350936968,0.09611510791366906,0.007497116493656364,0.03903095558546443,0.09523809523809534,0.04285714285714293,0.048220436280137724,0.09090909090909083,0.03886127428829633,0.0004224757076469743,0.032258064516129004,0.13480608738340694
2005-03-31,0.03161151466236212,0.21825286073123085,0.06101357240692318,0.2129032258064516,-0.0029252596167910205,-0.04624746450304262,-0.16344725111441305,-0.16268656716417906,-0.15217391304347827,-0.14285714285714302,0.23487544483985756,-0.5998402555910542,2.1834319526627217,-2.294776119402985,0.3012152777777777,0.12759254397479647,-0.010303377218088161,0.005181347150259086,0.00911640953716697,0.03424657534246589,0.07557502738225619,0.13333333333333353,-0.033275337103088276,0.01900337837837829,0.0,0.004412528119051906
2005-06-30,-0.04583387664623806,0.026575028636884213,-0.06284473653327072,-0.15292553191489366,-0.02457092562710872,0.049766056997022634,0.15985790408525746,0.15864527629233516,0.19658119658119655,0.21052631578947367,-0.28170028818443804,-3.2035928143712575,1.550185873605948,1.0979827089337175,0.48565710473649104,0.0814901047729919,0.04048582995951411,0.0489690721649485,0.0194579569145239,0.06622516556291402,0.0478615071283095,0.10294117647058809,0.02227221597300333,0.03978450062163286,0.0,0.21190455680937204
2005-09-30,0.008643662453023504,-0.16112474893996875,-0.02454448688247446,-0.033594976452119285,0.04849988720956455,0.09562398703403563,0.13935681470137817,0.1415384615384616,0.18571428571428572,0.181159420289855,0.2708124373119358,-2.0869565217391304,-0.09985422740524785,-2.5549450549450547,-0.508307139649753,0.30355220667384275,0.06892718176764867,0.08599508599508598,0.06952965235173814,0.2795031055900621,0.20505344995140917,0.10666666666666669,0.03939260563380276,0.04663212435233155,0.0625,-0.13199232354822654
2005-12-31,0.025403922365613285,0.11891460494812445,-0.010783747352204887,-0.04678362573099415,0.06583476764199658,0.19008875739644981,0.303763440860215,0.3032345013477089,0.3253012048192774,0.3190184049079754,0.5469613259668509,-0.12083333333333335,-0.6777327935222672,-1.4514134275618376,0.46666666666666656,0.022295623451692892,0.08944357774310974,0.10746606334841613,0.07170172084130022,-0.043689320388349606,-0.08870967741935476,0.09638554216867479,0.0393817488884185,0.03541507996953541,0.0588235294117645,0.1738453979692105
2006-03-31,0.0162521058368843,-0.09795530194959579,0.0033742132243201883,-0.0023858214042262738,0.02960570582694122,-0.1556867619639528,-0.27835051546391754,-0.27817993795243023,-0.28181818181818186,-0.27441860465116275,-0.22346938775510206,0.281516587677725,-0.2889447236180904,-1.2191780821917808,-0.06973848069738475,0.011954765751211571,0.01670644391408116,0.04596527068437184,0.034195658638120685,-0.055837563451776595,-0.12035398230088501,0.1208791208791209,0.013240985944184214,0.012136815005516777,0.0277777777777779,-0.09577956051621905
2006-06-30,0.08948480416057203,-0.1974169741697417,0.10101532690939652,0.4342330030748207,0.07783296301137099,-0.036805299963194704,0.2271428571428571,0.22636103151862463,0.22784810126582267,0.23076923076923062,-0.14848883048620232,1.2107988165680474,-5.254416961130742,3.1428571428571432,-0.31057563587684067,-0.08860153256704972,0.011267605633802802,0.0302734375,0.07504312823461756,-0.11827956989247324,-0.14486921529175045,0.1078431372549018,-0.010655408122235643,0.05341569767441867,-0.027027027027027084,-0.44044128992439446
2006-09-30,0.02130198699206387,-0.0357963875205255,-0.0005873715124816714,-0.08861362553596952,0.04389741102285827,0.04012227741688967,-0.17927823050058211,-0.17873831775700932,-0.18041237113402053,-0.18229166666666663,0.5925925925925926,-0.5941786550685848,-1.5672757475083057,-1.3577586206896552,0.1611650485436893,0.15466806796286559,-0.06267409470752094,-0.048341232227488096,0.04172238566461628,0.07317073170731714,0.06823529411764717,0.09734513274336298,0.022149969518390655,-0.013452914798206317,-0.02777777777777779,0.05804494691851647
2006-12-31,0.024275531666277272,0.09400544959128054,0.035615633264766355,0.21406168322007324,0.013068478829064256,-0.07347538574577517,-0.174468085106383,-0.17638691322901845,-0.16981132075471694,-0.14649681528662417,-0.46172480620155043,0.562242374278648,-1.5197657393850659,-3.6506024096385543,-0.36789297658862874,0.00910194174757284,-0.15453194650817237,-0.15139442231075706,0.007445442875481323,-0.02840909090909094,0.017621145374449254,0.08870967741935498,-0.011133200795228615,-0.06258741258741252,-0.08571428571428563,-0.0989053948397185
2007-03-31,0.026095884550666026,-0.14819427148194275,0.011406844106463865,-0.04413347685683533,0.040935672514619936,-0.0194290245836638,0.11855670103092786,0.12089810017271163,0.10606060606060597,0.07462686567164178,0.3654365436543654,-0.3598944591029024,-2.0816901408450703,-0.8227272727272728,-0.10317460317460314,0.007516536380036021,-0.05799648506151134,-0.05399061032863839,0.04026503567787976,0.0,0.13528138528138522,0.10370370370370363,0.014475271411338975,0.005967922417008609,-0.0625,-0.10889370932754883
2007-06-30,0.05706264939685357,0.1571637426900585,0.029345752440803397,-0.00540540540540535,0.08426966292134841,0.18439142741609382,0.38863287250384015,0.3882896764252697,0.3835616438356164,0.38888888888888884,0.2076466710613052,0.3157460840890354,-1.3619791666666667,-5.987179487179487,0.5737463126843658,0.14309161444344976,-0.028606965174129306,-0.016129032258064613,0.08157765801077899,0.09941520467836251,0.16491897044804582,0.09395973154362403,0.025762980578675876,-0.013718946978123814,0.0,0.1634209672184357
2007-09-30,0.05889931897662426,0.16361339229311445,0.05963477786862903,0.07925724637681153,0.05821395915879313,-0.05667463298053943,-0.18694690265486724,-0.18645948945615987,-0.18316831683168322,-0.18500000000000005,-0.0393013100436681,-0.029448621553884724,-0.17266187050359716,-0.08997429305912596,0.331771321462043,0.006526563111865391,-0.03713188220230479,-0.030264817150063017,0.06047565118912801,-0.06914893617021267,-0.006546644844517169,0.08588957055214741,-0.0005795981452858534,0.006766917293232977,-0.033333333333333326,0.0782535918538152
2007-12-31,0.029425641280325765,0.06243213897937028,0.000565872730078798,-0.23268988669744017,0.056355606758832666,0.15707564241766203,0.7904761904761906,0.7912687585266029,0.7878787878787881,0.7975460122699389,-0.1238636363636364,-0.12459651387992254,-3.0956521739130434,-1.1355932203389831,-0.0337790288529205,0.13344572688367284,0.18550531914893598,0.20416124837451233,0.05766766339171303,0.06857142857142873,0.1227347611202636,0.07909604519774005,0.026097042335202048,0.1818521284540704,0.0,0.3846054333764555
2008-03-31,0.0368824778077963,0.189831374552887,0.05845758354755781,0.3658736669401148,0.01781332363900745,-0.06944010009383794,-0.4308510638297872,-0.4310738766184311,-0.4305084745762713,-0.4334470989761092,0.46238651102464323,0.15117994100294996,-0.3153526970954357,-11.625,0.3714493809176984,0.04508009153318082,-0.024116657319125046,-0.017278617710583144,0.013731825525040486,-0.016042780748663166,-0.1621423330887748,0.08376963350785327,-0.018274302938960152,-0.016113744075829328,0.0,-0.12893581238904983
2008-06-30,0.018494823775735636,0.16663087824779899,-0.011657842327682522,0.20760760760760766,0.04620948298955274,0.19260504201680662,0.7369826435246996,0.7376171352074967,0.7321428571428572,0.7349397590361446,0.29977827050997785,-0.8436899423446509,15.515151515151516,-1.0745098039215686,-0.020180562931492285,0.2506021458287717,0.060919540229884994,0.0703296703296703,0.05657370517928273,0.23913043478260843,0.21716287215411567,0.07729468599033829,0.02705814622913061,0.05234425176621693,0.034482758620689724,-0.03389466909792993
2008-09-30,-0.025696665143901343,-0.3706975888091294,-0.1465572320243771,-0.49287135278514593,0.07924721546536939,0.6848928974069899,1.0122982321291314,1.0169491525423728,1.0343642611683848,1.0381944444444446,0.02183555100648249,7.840163934426229,-0.4645871559633028,16.07894736842105,-0.35176151761517616,-0.08281537249409099,0.39057421451787655,0.4383983572895278,0.07993966817496223,-0.13157894736842102,-0.17194244604316555,0.0717488789237668,0.10781016442451419,0.16173329264571246,0.2333333333333334,0.24092372599089584
2008-12-31,-0.25195170554448487,-0.2149751389295116,-0.1449467319320472,0.024844720496894457,-0.3254250691973112,-0.5466711274673803,-3.6035141329258975,-3.6035141329258975,-3.5979729729729732,-3.6201022146507666,-0.5903171953255426,0.3495595734816874,-1.6449623029472242,0.2511556240369799,-0.6789297658862876,-0.3027584232127517,-1.3805999220880405,-1.3804425410421128,-0.3289106145251397,-0.3535353535353535,-0.523892267593397,0.06694560669456062,-0.09816157868105924,0.0,0.027027027027026973,-0.23405207121767913
2009-03-31,-0.19383853579039734,-0.11475409836065575,-0.1392106681034483,0.03157894736842115,-0.24138335287221568,-0.2516605166051661,-0.41916079812206575,-0.41916079812206575,-0.4200260078023408,-0.4200260078023408,-0.1466992665036675,-0.3026451391274476,0.07438894792773643,-1.020935960591133,0.04427083333333326,-0.23572895277207395,2.5670419651995906,2.5722326454033775,-0.2414151925078043,0.1328125,0.0,0.06274509803921569,-0.05909855994015334,0.0,0.05263157894736836,-0.14180586380095783
2009-06-30,0.05186020293122895,0.08459595959595956,0.046475236679446086,0.07977736549165115,0.05717817957039095,0.030571992110453694,-1.0793129578176308,-1.0793129578176308,-1.0795964125560538,-1.0784753363228698,-0.01623686723973261,-0.42709359605911335,-0.6320474777448071,14.0,0.6359102244389028,-0.008060182697474438,0.30502152080344347,0.2941176470588234,0.05727023319615898,0.31034482758620685,0.0,0.05904059040590415,0.0051679586563309066,0.0,0.0,0.004491629236422989
2009-09-30,0.04006356950142287,0.012417539774931985,0.00844859813084109,-0.014032073310423776,0.07096915655605907,0.00382775119617218,0.589171974522293,0.589171974522293,0.5915492957746478,0.6000000000000003,0.1796116504854368,-0.173688736027515,-1.0591397849462365,0.0039215686274509665,0.3902439024390243,0.0984109786926688,0.5019788918205805,0.4334415584415585,0.07006162828413887,0.03684210526315801,0.0,0.05574912891986061,0.029661854854657,0.0,-0.20000000000000007,0.02682926829268295
2009-12-31,0.05490210013858787,0.14679954005366036,0.0465599051008303,0.10426953238454839,0.06258104142496412,-0.1425166825548141,0.33667334669338667,0.33667334669338667,0.31858407079646023,0.3482142857142856,0.18930041152263377,0.2486992715920915,6.2727272727272725,-0.61328125,0.10855263157894735,0.13151405556468854,-0.7446933099107012,-0.7460362400906002,0.05638072143073658,0.060913705583756306,0.0,0.05280528052805278,0.007297868254273032,0.0,-0.09375000000000011,0.03853259435207179
2010-03-31,0.03338273933840874,0.25267379679144386,-0.027911589685463256,-0.18253550762756443,0.08895311496467562,0.7898832684824904,0.7871064467766118,0.7871064467766118,0.7919463087248322,0.76158940397351,0.03460207612456756,-0.9258333333333333,6.83125,0.7272727272727273,0.16913946587537088,0.01104169693447643,-2.0068807339449544,-2.0312151616499445,0.08866571018651359,-0.04306220095693769,0.0,0.050156739811912265,0.053765490943755934,-0.23771998949303907,0.10344827586206917,0.532274459974587
2010-06-30,-0.02301398441829383,0.34711846318036277,-0.04234076665209152,0.09459459459459452,-0.007372456502506619,-0.3068322981366459,-0.4077181208053692,-0.4077181208053692,-0.4044943820224719,-0.40601503759398494,-0.06555183946488297,-17.224719101123597,-0.1380686352753392,9.140350877192983,1.467005076142132,-0.07041241557695077,0.09054669703872431,0.11783783783783797,0.01976805482340538,-0.14500000000000002,0.9708029197080292,0.04776119402985057,0.01592183824859794,0.1292212267401791,0.0,0.23069906294054232
2010-09-30,0.06312769010043051,0.17845117845117842,0.005326839662126215,0.30805408583186367,0.10825906120023765,0.054211469534050094,1.9603399433427762,1.9603399433427762,2.025157232704402,2.031645569620253,-0.03793843951324272,-0.8005540166204986,-0.47777777777777775,-0.37600922722029984,0.37105624142661187,-0.03168959653733183,0.4297650130548303,0.47388781431334626,0.11630912380460079,-0.05263157894736836,-0.15555555555555567,0.04558404558404572,0.0425645592163848,0.4790967348184316,-0.03125,-0.09904992925005052
2010-12-31,0.03339296362552169,-0.06638655462184873,0.0350465521156611,0.029887640449438146,0.03222174565730218,-0.09264768380790478,-0.7311004784688995,-0.7311004784688995,-0.738045738045738,-0.7348643006263048,-0.0758928571428571,-7.09375,-0.6329787234042553,-1.654343807763401,-0.17708854427213605,0.13840996168582387,-0.07268078889700502,-0.04790026246719159,0.043991664737207836,0.01851851851851838,-0.2576754385964912,0.043596730245231585,-0.0011957635804578093,-0.05570455952135345,0.032258064516129004,-0.09348590232592924
2011-03-31,0.04929085552889734,0.007920792079207928,0.12044756472136897,0.25550949159938896,-0.0012465589778216657,0.005620608899297386,-0.25978647686832745,-0.3149466192170819,-0.23015873015873023,-0.2362204724409449,0.01449275362318847,0.9225071225071224,-3.5120772946859904,1.2231638418079096,-0.47841945288753795,0.19548450427709985,-0.20283576211106746,-0.19572708476912482,0.008205810601020103,0.1454545454545455,0.223042836041359,0.04177545691906004,-0.04805883358987517,-0.07778020537469965,-0.15625,-0.19717845062288586
2011-06-30,0.11539797395079598,0.5915342025361672,0.11670256510671617,-0.22071602363573162,0.11435852098393062,0.49976711690731257,5.59375,6.124675324675325,5.701030927835052,5.680412371134021,0.23015873015873023,-0.8740367516301126,-0.04230769230769227,-2.0387547649301143,0.9527972027972027,-0.013607038123167103,0.4540513833992095,0.4447300771208227,0.13176418829740433,-0.021164021164021052,0.17995169082125617,0.04260651629072676,-0.0010779734099890526,0.3894811656005688,0.07407407407407396,1.0422361525023125
2011-09-30,0.03448633780522625,0.07810571204129735,0.09673271377637493,0.3450044603033007,-0.015213739033040907,0.08757763975155286,-0.6215822092599343,-0.6248632883703974,-0.6138461538461539,-0.6141975308641976,-0.09419354838709681,-1.8235294117647058,0.1144578313253013,0.38654434250764536,0.6765144732915547,-0.1695802116779641,-0.20829085966700644,-0.22597864768683273,0.015549076773566428,-0.2648648648648648,-0.47082906857727735,0.04086538461538458,-0.04802158273381307,-0.26888320545609545,0.034482758620689724,-0.1984602224123183
2011-12-31,0.03138012341343499,-0.031435411678984115,0.04918993817949269,0.11722765710495775,0.015543550374372161,-0.2618503712164477,-0.5115606936416185,-0.5072886297376094,-0.49800796812749004,-0.5,0.43162393162393164,-7.277142857142858,-0.7873873873873873,-1.027790030877812,-0.011213955144179444,-0.1387655735357296,-0.03733905579399144,-0.06436781609195408,0.014928229665071902,-0.15441176470588247,0.03675048355899424,0.03926096997690531,-0.015303230682032876,-0.050373134328358216,0.0,-0.1330278109109172
2012-03-31,0.0361894107060341,-0.024395486297689395,0.048864733072585986,-0.07064410804392995,0.02454503033131128,-0.03404255319148941,-0.2248520710059172,-0.19132149901380668,-0.23015873015873023,-0.22399999999999998,-0.4895522388059701,-0.17614929449248973,7.881355932203389,-5.333333333333333,0.04914491449144909,0.15114732291320254,-0.026749888542131117,-0.05405405405405406,0.02376013577220437,0.13913043478260878,0.1529850746268655,0.04444444444444451,-0.011320030698388384,-0.024557956777996104,-0.033333333333333326,0.04974656046343218
2012-06-30,0.020302781363689792,0.015311742674597895,0.028863383214683624,-0.20776109869051418,0.012251776279832427,0.02482979575490596,0.2137404580152671,0.14878048780487796,0.21649484536082464,0.21649484536082464,0.3898635477582846,-0.4685082872928177,-1.2099236641221374,0.0,0.04684282772820869,-0.08161201791131023,-0.4892349977095739,-0.49956709956709966,0.011972738994289855,-0.10687022900763365,-0.08090614886731395,0.042553191489361764,-0.007762468464971861,-0.45392749244712993,-0.06896551724137923,0.2815754983789751
2012-09-30,0.0017943409247758169,0.02343495714440702,0.02457048717345267,0.10784116105623864,-0.019977502812148495,-0.271199687377882,-2.5073375262054505,-2.5265392781316347,-2.508474576271187,-2.508474576271187,-0.045582047685834515,1.7484407484407485,-3.3954545454545455,-3.7948717948717947,-0.1250614653335519,-0.06794589493551428,-0.7255605381165919,-0.7335640138408304,-0.02111394248270837,-0.07692307692307676,0.7676056338028168,0.04081632653061207,-0.021709368276941143,-0.6754264638082066,-0.18518518518518523,-0.0762150815436784
2012-12-31,-0.005097823091760767,-0.04897699565355662,0.012909450084991114,0.09224890829694332,-0.023093521876865197,0.3839142091152814,-0.5034770514603616,-0.5034770514603616,-0.5,-0.5,-0.1601763409257898,-0.2019667170953101,-0.48007590132827327,-0.0812581913499345,-0.13132259273136004,-0.03898076274046569,-1.2908496732026145,-1.3116883116883116,-0.02547415396058017,-0.01851851851851849,2.500996015936255,0.03921568627450989,-0.018192722910835624,0.0,0.0,-0.1292897512089961
2013-03-31,-0.0402529658865346,-0.0633151265187828,-0.007891872278664724,0.1327669498584041,-0.07378513018140798,-0.2359550561797753,2.750700280112045,2.750700280112045,2.752808988764045,2.752808988764045,-0.12335958005249348,-0.6293838862559242,0.5693430656934306,-1.9101283880171183,0.1375889583782619,-0.004038630377524166,9.280898876404494,8.395833333333334,-0.07384087006296502,0.018867924528301883,0.0,0.037735849056603765,-0.03481979230299326,0.0,-0.045454545454545525,-0.17311295503211988
2013-06-30,-0.037564330720023076,-0.24348446983220273,-0.0877754411630246,-0.28455882352941175,0.018165212096610484,0.5674442190669371,-1.51008215085885,-1.5063480209111277,-1.5059880239520957,-1.5029940119760479,0.39321357285429137,0.5306905370843991,-5.858139534883721,-3.9968652037617556,-0.3624644549763033,-0.013575458392101503,-0.08306010928961749,-0.08869179600886923,0.0181293778327154,0.06481481481481466,0.0,0.040000000000000036,0.05780590717299572,0.0,0.09523809523809534,0.057457311645221276
2013-09-30,0.020639680159920015,-0.006606890042472835,0.014032274230730613,-0.01706063720452211,0.027210206319146835,-0.1200258815917179,-0.37188872620790625,-0.37315634218289084,-0.3727810650887573,-0.375,0.1468481375358166,-0.5839598997493735,-0.9181426519865965,-1.5005230125523012,0.2845673505798394,0.004289544235924758,-0.6543504171632897,-0.656934306569343,0.02731687575880204,-0.008695652173913104,0.0,0.03846153846153855,0.0063821300358997135,0.0,0.08695652173913038,0.010637483737659714
2013-12-31,0.04972335112373294,0.26761678543151235,0.10596026490066235,0.391677122542869,-0.005482243353386429,-0.03897058823529409,-0.5174825174825175,-0.5129411764705882,-0.4716981132075472,-0.4571428571428572,-0.10243597751405376,2.0562248995983934,-11.818713450292398,0.8244514106583072,0.40416666666666656,0.1078483715963694,-0.9517241379310345,-0.9645390070921985,-0.008863502068150564,0.07894736842105265,0.0,0.03703703703703698,-0.05251684502576304,0.0,0.0,-0.08912615477813113
2014-03-31,0.23061314924085163,-0.37289194253591507,0.2386719099115202,0.138993238166792,-0.0002439143372847674,0.42501912777352713,0.5652173913043479,0.5555555555555556,0.4285714285714286,0.38596491228070184,-0.018789144050104345,3.7844940867279897,-0.00324324324324321,-3.3132875143184424,-0.6658424002637653,0.0009638554216868656,-58.07142857142857,-75.39999999999999,-0.0015898251192368873,0.008130081300812941,0.0,0.03571428571428559,-0.1876176532106254,0.9076704545454544,0.1200000000000001,-0.4494139163687755
2014-06-30,-0.031270728702738504,-0.12509960159362554,-0.09607128684295974,-0.3827176781002638,0.04781887381672689,0.21073825503355703,1.0833333333333335,1.0714285714285716,1.0624999999999996,1.0759493670886076,0.45319148936170217,-1.1098599285910464,-2.7321041214750545,-0.9205248823966328,-0.15836211149481993,0.18263521104156633,-0.02377972465581979,-0.06182795698924726,0.04478503184713367,0.185483870967742,-0.4873399715504979,0.037617554858934144,0.08161688980432524,-0.11020104244229345,0.03571428571428559,0.41733353465197043
2014-09-30,-0.0053995891616942515,0.35997267759562845,-0.03931194125159643,0.28104295789698663,0.03269069572506278,0.18314855875831482,0.5051851851851852,0.5067466266866567,0.5030303030303032,0.50609756097561,-0.2391410444119082,-0.30000000000000004,-0.8782091421415154,-6.302180685358255,0.9976553341148886,0.0014927398561541683,0.33333333333333326,0.28939828080229213,0.0327681463135836,-0.04081632653061229,0.011098779134295134,0.03625377643504546,0.038324208521780534,0.13807531380753146,0.13793103448275867,0.061574517950357066
2014-12-31,-0.003973327563484674,0.08789552988448013,0.009347347430518127,-0.009843176509843121,-0.028724747474747514,0.12350074962518742,-1.4015748031496063,-1.4019900497512439,-1.3951612903225805,-1.3967611336032388,-0.38229634381013466,-5.039285714285715,0.5809768637532133,-2.132784958871915,-0.5657276995305165,-0.18319783197831974,-0.2865384615384615,-0.3044444444444444,-0.033573141486810565,-0.21276595744680837,-0.39517014270032924,0.03498542274052463,-0.024759284731774356,-0.4022058823529412,0.15151515151515138,0.09874560963371803
2015-03-31,-0.10456780614965344,-0.1064943059402893,-0.08120678300954887,-0.06318449873631005,-0.16444588885277867,-0.4553794829024187,7.821078431372548,7.910891089108912,8.061224489795919,8.061224489795919,0.711318795430945,-0.06454465075154725,-2.4504065040650405,-1.196058091286307,0.25540540540540535,0.023888520238885214,-2.5107816711590294,-2.4952076677316293,-0.1643443405230005,0.06306306306306286,0.4283121597096189,0.033802816901408406,-0.06699576868829338,0.0,0.026315789473684292,-0.04630559868481132
2015-06-30,-0.10445061973446257,-0.1853255253186359,-0.08368050889217404,-0.28093525179856116,-0.14858031894204593,0.03920367534456348,-0.2175604334537371,-0.21750000000000003,-0.21846846846846846,-0.21846846846846846,-0.33191747572815533,-0.3161625708884688,-0.7645739910313901,-1.3518518518518519,-0.07158234660925722,0.047148412184057076,1.6940231935771632,1.6474358974358974,-0.1484696208314299,0.2542372881355932,0.0,0.032697547683923744,-0.049130763416477596,0.0,-0.02564102564102566,0.13302049415820716
2015-09-30,-0.15404127468846973,-0.0913319238900634,-0.09904668785138104,-0.12431215607803903,-0.24636167852248259,0.06130268199233724,0.2453835227272727,0.24494142705005317,0.24495677233429403,0.24495677233429403,0.41053587647593104,-0.1921216309606082,-2.428571428571429,-1.4661654135338344,0.035942028985507246,-0.25870338851926356,1.059933774834437,0.950766747376917,-0.246244635193133,-0.1283783783783784,0.0,0.0316622691292876,-0.1091679915209327,0.0,0.0,0.03761305046065422
2015-12-31,-0.14028703676748855,-0.06328524895300136,0.006185902653426556,-0.05884033133390465,-0.38959127121579495,-0.1985559566787004,0.29227259766181923,0.29227259766181923,0.28125,0.28125,-0.30392788151963945,0.3618477331052181,-4.486666666666666,7.435483870967742,0.29266927811975374,-0.19974953036944254,0.0,0.5966073645014482,-0.43167259786476864,0.054263565891472965,0.0,0.03069053708439906,-0.2900059488399762,0.0,-0.07894736842105265,-0.004643206256109478
2016-03-31,-0.03030610862792904,-0.26726279185295576,-0.02232648438763951,-0.2109256449165402,-0.09065115619236774,-0.2633402633402634,-0.32568402471315094,-0.32568402471315094,-0.4182475158084914,-0.4182475158084914,-0.8621646623496763,0.48178391959799005,0.4426386233269599,-2.2906309751434035,-0.29220779220779225,-0.33489827856025045,0.0,0.08318217154703289,-0.23418910457107078,0.17647058823529416,0.0,0.02977667493796532,-0.062421449518223704,0.0,0.028571428571428692,-0.07144610851951871
2016-06-30,-0.04864336348081155,0.3498305084745763,0.010811407137735207,0.1265384615384615,-0.24383775351014036,0.1702728127939792,-0.4862565445026178,-0.4862565445026178,-0.5279503105590062,-0.5279503105590062,1.248322147651007,-0.8579906740144129,-0.9337309476474487,-1.1303703703703705,0.05382262996941889,0.2749019607843137,0.0,0.011961722488038395,-0.2428454619787408,0.6625000000000001,0.0,0.0072289156626503814,-0.20509383378016088,0.0,0.0277777777777779,0.19821963687643218
2016-09-30,-0.01581999706357362,0.11778001004520333,-0.0858390177353342,-0.02663024923181978,0.20486899112853307,0.7013665594855305,-1.632484076433121,-1.632484076433121,-1.625,-1.6217105263157894,1.1671641791044776,-4.850746268656716,-14.45,6.5227272727272725,0.38421358096343594,0.2399261765610583,0.0,-0.3120567375886525,0.20410367170626365,0.6353383458646615,0.0,0.0071770334928229484,0.22428330522765583,0.0,0.1351351351351351,0.14836336888561963
2016-12-31,-0.03356580763062689,-0.15254998876656933,-0.07246895893027694,-0.0824272185198176,0.014897260273972535,-0.208599102291519,-0.6666666666666667,-0.6666666666666667,-0.6578947368421053,-0.656084656084656,-0.26170798898071623,-0.5875968992248062,0.06171003717472123,-1.6435045317220545,-0.17861635220125782,0.08285785164971471,-0.07780099662433693,-0.5821305841924398,0.013452914798206317,-0.10114942528735626,0.0,0.0071258907363420665,0.05004591368227729,0.0,0.0714285714285714,-0.07641557776069685
2017-03-31,0.008528537799560088,0.0007953340402968578,-0.020980821212511214,-0.0558103975535168,0.09093976716720098,0.05880597014925382,0.7069486404833838,0.7069486404833838,0.6615384615384616,0.6461538461538463,0.5559701492537314,-2.018796992481203,-0.9131652661064426,-1.375586854460094,0.08167432363450744,0.001832760595647187,-1.0963918424263552,-1.0986842105263157,0.08849557522123885,-0.010230179028132946,0.0,0.007075471698112956,0.08176650634018379,-0.7121771217712176,0.1333333333333333,0.05992093765170958
2017-06-30,0.026019744394275568,0.0823841059602648,0.017880620562713556,0.025101214574898778,0.06696566656356318,-0.0772483789117564,-0.24778761061946908,-0.24778761061946908,-0.25,-0.25233644859813087,-0.02877697841726623,0.2158671586715868,-1.7338709677419355,0.5625,0.11798017932987248,-0.16075920420763767,5.6600361663652805,6.3,0.06747967479674788,-0.22997416020671835,3.0908513341804316,0.007025761124121788,0.040016168148746756,5.867521367521368,0.07843137254901977,0.05587908133219921
2017-09-30,0.027783993436264698,0.13117963778756736,0.009106174115215637,0.11848341232227488,0.03333816495144215,-0.03574702108157657,-0.46352941176470586,-0.46352941176470586,-0.4691358024691359,-0.4625,-0.041975308641975295,-0.19119878603945373,0.7252747252747254,0.6479999999999999,0.17391304347826098,-0.09754768392370583,-0.3632907955471084,-0.3356164383561644,0.03351104341203337,-0.15436241610738255,-0.8833669824506911,0.006976744186046657,0.005441119315973575,-0.2769135034225265,-0.09090909090909094,0.011402367230588295
2017-12-31,0.09731848035124635,0.03656425789701423,0.03276799999999991,0.17055084745762716,0.298078271847384,0.2588719898605829,-2.4035087719298245,-2.4035087719298245,-2.4186046511627906,-2.4186046511627906,-0.3698453608247423,-0.10694183864915574,-1.732484076433121,-1.262135922330097,-0.03883495145631066,0.1557971014492754,-0.4852878464818763,-0.44329896907216504,0.2962417096536478,0.11904761904761907,0.7283621837549934,0.006928406466512715,0.1828372632392734,-0.4457831325301205,0.0,-0.11451504197046758
2018-03-31,-0.030587612843490652,-0.24128574410352743,-0.03383528536902769,0.050377073906485714,-0.03771342122325483,-0.04102693178957961,-0.384375,-0.384375,-0.3770491803278688,-0.3770491803278688,0.6441717791411044,0.6596638655462186,9.547826086956523,10.24074074074074,-0.45005611672278334,-0.018808777429467072,-0.8599834299917151,-0.8518518518518519,-0.032973280272882266,-0.24113475177304955,0.7118644067796609,0.006880733944953921,-0.007189542483660105,-0.8509316770186336,0.0,-0.2776778300581234
2018-06-30,-0.005355437303861343,2.8019257221458047,0.046180488743505776,1.4058012636415853,-0.10005614823133069,-0.4097112860892388,1.1573604060913705,1.1573604060913705,1.1842105263157894,1.1842105263157894,-0.37189054726368154,-0.6531645569620252,-0.6677658697444353,-1.0453047775947282,0.03741496598639449,-0.005324813631522929,-6.0769230769230775,-6.125000000000001,-0.07407407407407418,0.028037383177570208,6.005850585058505,0.009111617312072884,-0.09545753785385125,0.0,-0.09999999999999998,0.5804195804195802
2018-09-30,-0.3082067286258102,-0.6557887120115774,-0.30881000551774873,-0.6151366837770085,0.11030696281507368,0.14673188083592703,-6.969411764705883,-6.969411764705883,-7.228915662650603,-7.192771084337349,0.689108910891089,-9.83941605839416,3.19106699751861,28.01818181818182,1.0465573770491803,0.14052462526766596,-3.12004662004662,-3.382113821138211,0.20634920634920628,0.2318181818181817,0.0,0.009029345372460584,0.6051673944687046,12.177083333333334,0.022222222222222143,-0.10564916959631465
2018-12-31,-0.03004164187983338,-0.06726928736598692,-0.07929749866950508,-0.30955334987593053,0.03236682400539448,-0.18728189220628155,-0.5471028774142688,-0.5471028774142688,-0.5164410058027079,-0.5311284046692606,-0.3645955451348183,-1.125103220478943,-0.46832445233866193,-1.4229323308270676,-0.2162768343479654,-0.2811546585308613,0.9246838922484883,1.1296928327645048,0.10315789473684212,-0.40590405904059035,-0.9407079077535813,0.008948545861297452,0.064384493312174,1.2561264822134386,-0.0434782608695653,0.3509318874957641
2019-03-31,-0.07610140038842894,-0.3908045977011494,-0.015414258188824692,-0.11590296495956875,-0.14467668190725014,-0.28387404580152675,-1.2758920800696258,-1.2758920800696258,-1.296,-1.3070539419087137,-0.3044280442804428,-0.1815181518151815,0.35968819599109136,0.6162962962962963,-0.446034341782502,-0.11361410381978454,-0.009425878320479919,0.08493589743589736,-0.09732824427480913,-0.1925465838509317,-0.5362946912242688,0.008869179600886845,-0.07433439829605959,0.22424667133847231,-0.11363636363636365,-0.31094165454271816
