Quarter end,Assets,Current Assets,Liabilities,Current Liabilities,Shareholders equity,Revenue,Earnings,Earnings available for common stockholders,EPS basic,EPS diluted,Cash from operating activities,Cash from investing activities,Cash from financing activities,Cash change during period,Cash at end of period,Price,ROE,ROA,Book value of equity per share,P/B ratio,P/E ratio,Cumulative dividends per share,Equity to assets ratio,Net margin,Asset turnover,Current ratio
1994-12-31,0.030752839378989316,0.03550078615724739,0.0019505092406513214,0.01691074035314588,0.08323131385429128,0.06042015341247753,0.21518729641693812,0.21518729641693812,0.20512820512820507,0.12903225806451601,-0.37419178269645237,-0.5323315371368258,-2.461683686604308,-2.89039871267656,0.2112984674281253,0.08730741012472487,0.0744597760999739,0.008064516129032251,0.0792951541850222,0.026033690658499253,0.11364872213159316,inf,0.050790067720090315,0.025274725274725185,0.01948051948051943,0.018280514089566546
1995-03-31,0.030752839378989316,0.03550078615724739,0.0019505092406513214,0.01691074035314588,0.08323131385429128,0.06042015341247753,0.21518729641693812,0.21518729641693812,0.20512820512820507,0.12903225806451601,-0.37419178269645237,-0.5323315371368258,-2.461683686604308,-2.89039871267656,0.2112984674281253,0.08730741012472487,0.0744597760999739,0.008064516129032251,0.0792951541850222,0.026033690658499253,0.11364872213159316,inf,0.050790067720090315,0.025274725274725185,0.01948051948051943,0.018280514089566546
1995-06-30,-0.01797016468138224,-0.04668531921289343,-0.05745525665265416,-0.22110644992134243,0.04857427859287666,0.06042015341247753,0.21518729641693812,0.21518729641693812,0.20512820512820507,0.12903225806451601,-0.37419178269645237,-0.5323315371368258,-2.461683686604308,-2.89039871267656,-0.32976046908138235,0.10728744939271251,0.0744597760999739,0.008064516129032251,0.09795918367346923,0.026033690658499253,0.11364872213159316,0.875,0.06766917293233088,0.025274725274725185,0.01948051948051943,0.22397303229852605
1995-09-30,0.04375120324515813,0.03577126656102103,0.12081343170918957,0.248910189517622,-0.07298968169199815,0.011342493728614622,0.06050706427653996,0.06050706427653996,0.06382978723404253,0.12903225806451601,1.6187612748045699,-0.963532695848429,0.06801502964832973,-1.349033702197421,0.1717259458034095,0.1383302864107252,0.0744597760999739,0.008064516129032251,-0.09665427509293678,0.035820895522387985,0.11364872213159316,0.5333333333333334,-0.11167002012072436,0.025274725274725185,0.01948051948051943,-0.17069109075770195
1995-12-31,-0.023349989387211112,-0.045922071163728595,0.003443334718500557,-0.15562428616190105,-0.07242458997892487,0.01772942064476357,0.16855796319212235,0.16855796319212235,-0.4,0.12903225806451601,0.3468113975576663,44.98534201954397,1.348679328257703,-5.462469514948966,-0.6540111199364576,0.06423982869379019,0.0744597760999739,0.008064516129032251,-0.053497942386831365,0.1786743515850142,0.11364872213159316,0.34782608695652173,-0.050396375990940045,0.025274725274725185,0.01948051948051943,0.12998146431881374
1996-03-31,0.02351534362410379,0.020443115993411087,0.030239635113734176,0.12329423030883402,0.010191782062237253,0.008773477817099584,-0.16983980352837802,-0.16983980352837802,-0.16666666666666663,0.12903225806451601,0.9750771090686465,0.17949353639100418,-0.11598324205401866,-1.3773176261031495,0.7132307927762473,-0.09356136820925554,0.0744597760999739,0.008064516129032251,0.013043478260869712,-0.04278728606356963,0.11364872213159316,0.2903225806451615,-0.013118664281454806,0.025274725274725185,0.01948051948051943,-0.09158635773357948
1996-06-30,0.019684312912794377,0.05345937162588332,0.03601917807079924,0.022275504404660307,-0.013324034238594629,0.05343596265818151,0.11629800515673772,0.11629800515673772,0.1200000000000001,0.12903225806451601,-0.6441418818174685,-0.5599495540942258,-0.709760262638832,-0.5258838045169251,0.19737811823034157,0.17647058823529416,0.07632662951296343,0.008064516129032251,-0.0042918454935623185,0.1621966794380587,0.11364872213159316,0.19999999999999996,-0.03232628398791548,0.010718113612004254,0.006369426751592355,0.030546986682717714
1996-09-30,0.14024162909588234,0.049886471744783334,0.19150695378193427,0.17944272058542476,0.031467608376600786,0.021029363912794752,0.11363967906637495,0.11363967906637495,0.1428571428571428,0.12903225806451601,0.586190927735021,7.589150460593654,-3.636533637400228,-0.5475220638153429,0.07458733563368458,0.08726415094339623,0.061909049977487696,0.008064516129032251,0.03879310344827602,0.0923076923076922,0.0419921875,0.16666666666666674,-0.09522322822354035,0.023329798515376643,-0.01898734177215189,-0.10987807549098327
1996-12-31,0.03896402180032954,0.056058032229925114,-0.014209936512855736,0.10383787080219076,0.1692931372333164,0.07170550302646683,0.17539952842546502,0.17539952842546502,0.15625,0.12903225806451601,-0.1087322220523016,-0.9071849627405183,-2.0187523786458152,-2.932483120780195,-0.13413406463706734,0.18438177874186557,0.00572397710409156,0.0,0.1618257261410787,0.13983903420523136,0.11246485473289591,0.1428571428571428,0.12525879917184257,0.01658031088082912,-0.012903225806451646,-0.04330708661417315
1997-03-31,0.050078140351738964,0.01911733075842381,0.038856659896869816,0.027340737004208915,0.07326562555164573,-0.019300220872785934,-0.16941565437051898,-0.16941565437051898,-0.16216216216216217,0.12903225806451601,-0.06975728458226738,6.436617307198493,-1.421565630837154,-0.8083592132505176,-0.02968768792847698,-0.010256410256410331,-0.02044688026981445,-0.01533333333333331,0.07499999999999996,-0.14827890556045897,-0.0669755686604886,0.125,0.022079116835326484,0.013251783893985625,-0.02614379084967322,-0.007973251028806638
1997-06-30,-0.0381264962263117,-0.1562732238719513,-0.06686936423283396,-0.18788692803495766,0.019362139331086325,-0.2827979924717692,0.26267415077040046,0.26267415077040046,0.25806451612903225,0.12903225806451601,0.0,0.0,0.0,-11.287643484132342,0.27910339840925524,0.05477424130273878,0.011405207660856398,0.03791469194312791,0.023255813953488413,-0.01865284974093262,0.005417607223476395,0.12500000000000022,0.05970597059705973,0.14587525150905423,-0.09395973154362414,0.038890329271454416
1997-09-30,-0.15015043313647958,0.04180260251736345,-0.10869342984213526,0.04286934462781633,-0.2260542745395011,0.0032656298291959818,-0.1633459079397127,-0.1633459079397127,-0.15384615384615385,0.12903225806451601,-0.397427728217855,-0.8358923597523077,-6.253967614597599,-1.2522971908637437,-0.06208511669223937,0.06596491228070178,0.009361702127659521,0.033920417482061316,-0.22077922077922085,0.04118268215417098,-0.018410417602155338,4.296296296296296,-0.08918459796149503,0.07462686567164178,-0.03703703703703709,-0.000998253057149845
1997-12-31,0.05259373918548782,0.02409456984564451,0.09118150346322285,0.004929417610934905,-0.028770219070624603,-0.41632324477020277,-0.2523920406435224,-0.2523920406435224,-0.2727272727272728,0.12903225806451601,1.239460136357312,4.085706270164119,-1.0366619388967686,0.5140478668054109,-0.10022214186082556,0.07077024358130357,-0.04953625632377734,-0.06876971608832805,-0.01666666666666672,0.37423935091277905,0.06312900274473932,0.020979020979021046,-0.07740130556419023,0.09885620915032689,-0.15384615384615385,0.019069031559663552
1998-03-31,0.0559211420571164,0.08382219428731053,0.1075404702388647,0.022673369779218522,-0.06636290523387434,0.7581298080513854,0.26667044199677203,0.26667044199677203,0.3333333333333335,0.12903225806451601,-0.18844361602982296,-0.28031222418358337,1.2513592639063154,-5.092611683848797,0.45585730416642734,0.06640024592683669,0.086715457972943,0.0257452574525745,-0.06355932203389825,0.08487084870848705,0.17512908777969027,0.0182648401826484,-0.11556603773584906,0.10111524163568775,-0.07272727272727275,0.059813695048210436
1998-06-30,0.14733182667714728,0.2682912235725676,0.16148459887926392,0.049958661282186734,0.10755954753073182,0.1143321608410226,0.13182072202973072,0.13182072202973072,0.125,0.12903225806451601,-0.25672944418925125,0.7642087916299392,9.129295931636634,1.7552374155086277,0.8627185487051401,0.07552608820985895,0.040000000000000036,-0.05284015852047563,0.10407239819004532,0.14829931972789123,0.07579641157085315,0.020179372197309364,-0.03466666666666662,-0.06954760297096563,0.019607843137254832,0.20794140323824206
1998-09-30,0.2837379001607234,-0.05972361836399198,0.34492160168301633,0.19745860280008531,0.10342737415478132,0.08120183803346692,0.05721677990203822,0.05721677990203822,0.05555555555555558,0.05714285714285716,0.9078342912469357,3.7069199604635754,1.6306532663316582,-1.8496807716336265,-0.39352985596025325,-0.009916912355936836,0.007260596546310616,-0.09483960948396097,0.10655737704918034,-0.10308056872037907,0.02212389380530988,0.01978021978021971,-0.14048934490923448,-0.0261248185776487,-0.0673076923076924,-0.21478266419863412
1998-12-31,-0.0010280349837792357,0.0041643590302717914,0.02117091197559806,-0.004883248345345592,-0.08076706006296008,0.05545656701471979,-0.16798370976480037,-0.16798370976480037,-0.1842105263157895,-0.16216216216216217,-0.10742668336716621,-0.93061529657184,-1.1646797593402074,-1.0839639898138518,0.054483039506603825,0.03465078505684893,0.037599844145723704,-0.057781201848998376,-0.06296296296296311,-0.0647291941875826,0.0019980019980019303,0.019396551724138122,-0.07988980716253447,-0.11102831594634877,0.05154639175257736,0.009104210697447712
1999-03-31,-0.05256521370629297,0.045343172580784685,0.033155329614607876,-0.03263522266144059,-0.3946205104975632,-0.06125085188171209,-0.014280261355726687,-0.014280261355726687,0.032258064516129004,0.0,-0.15936997205521208,0.1353931089530398,-0.9299155430434138,4.737078171721486,0.29642340841122516,-0.06776556776556764,0.07285016898235086,-0.07604251839738352,-0.3913043478260869,-0.005649717514124353,-0.11631771352608844,0.019027484143763207,-0.36127744510978044,-0.04442581726739314,-0.02941176470588236,0.0806347671983243
1999-06-30,0.0029088155580077046,0.03375615854106928,0.0014283700232919916,-0.014276237425986271,0.012990700965963553,0.05001613270573935,0.18689779276098495,0.18689779276098495,0.1875,0.19354838709677424,0.28028896659903,-0.7438120624505697,11.851706433101782,0.29797848181378206,0.2967789713818758,0.005893909626718985,0.12128106405320271,-0.036283185840708,0.012987012987013102,0.6526988636363635,0.0060172997367431424,0.018672199170124415,0.010156249999999867,-0.021052631578947323,-0.010101010101010055,0.048676854267611036
1999-09-30,-0.014542177493980568,-0.0420132948737556,0.0009345849986550636,-0.0021215381151334922,-0.11873645615018713,0.004019557780860605,0.11499635358691895,0.11499635358691895,0.10526315789473673,0.1351351351351351,0.11579704606254082,2.450834667276469,0.9586858432036096,-1.4369424924709593,-0.09999803075953606,-0.1116071428571429,0.22647104729202439,0.04040404040404044,-0.10256410256410264,-0.12290502793296088,-0.12485981308411209,0.018329938900203624,-0.10518174787316315,0.012544802867383575,0.020408163265306145,-0.039948820017060016
1999-12-31,0.07436607775832527,0.1313094374017305,0.0724855304298444,0.26558809813920603,0.08874571444440527,0.04472449450339244,0.0632379772109195,0.0632379772109195,0.0714285714285714,0.0714285714285714,-0.32517024620220014,0.4813955800006626,-0.7142274374295108,-0.9663253249310753,-0.003741548694834007,-0.23932160804020108,0.0,0.08561341571050307,0.09285714285714297,-0.15237628613424792,-0.2661255873558308,0.018000000000000016,0.012964563526361328,0.07787610619469021,0.010000000000000009,-0.10610099215163626
2000-03-31,-0.001679547728778541,-0.045228925903257666,-0.02350205275847883,-0.02929506037104168,0.16269449275362313,-0.028343159450196942,-0.3164054911610439,-0.3164054911610439,-0.28888888888888886,-0.3111111111111111,-0.1119288241353058,0.37096846343099976,0.1225963556973717,53.68615984405458,-0.20537936689214908,-0.44549958711808424,0.226393484347162,-0.02276422764227637,0.1633986928104576,-0.49248554913294806,-0.4959254947613504,0.017681728880157177,0.1646757679180888,-0.023809523809523836,0.0,-0.016400231922471642
2000-06-30,0.1316225755992706,0.07884420720127716,0.14321257767255058,-0.04635852140887786,0.058303351335827536,0.10448677731937273,0.25696829043029346,0.25696829043029346,0.25,0.25806451612903225,-0.061236153367736246,3.6171202036021928,-9.769691076370709,-1.1138518571326728,0.02942639715501838,0.1697691734921818,-0.03932759157414134,-0.040765391014975005,0.05617977528089879,0.005694760820045719,0.17090069284064668,0.01737451737451745,-0.06446886446886446,-0.026072329688814122,-0.00990099009900991,0.13128421052631567
2000-09-30,-0.007180862964115908,-0.003268838033217203,-0.031071888316149265,-0.09262536620649664,0.15608145543356589,0.03952727046464055,0.21174497908738088,0.21174497908738088,0.19999999999999996,0.20512820512820507,0.30018980088812497,-0.8682984053623357,-1.0929231845243172,2.7805259862241702,0.10806722989904771,-0.04837683004455773,-0.07885072369842294,-0.017346053772766656,0.1542553191489362,-0.09966024915062288,-0.06114398422090739,0.018975332068311257,0.163664839467502,-0.010362694300518172,-0.010000000000000009,0.09848146493970522
2000-12-31,0.002966296360193077,-0.03321911349637363,-0.04025658292069412,0.005226316484594706,0.25051917779190513,-0.03712063579105085,0.06348243854657398,0.06348243854657398,0.04166666666666674,0.08510638297872353,0.32501067301998265,-2.130550264266359,6.801367662582037,-3.848695652173913,-0.2778266874510342,0.23745819397993317,-0.11339118198874298,0.0,0.23502304147465458,0.07295597484276728,0.19957983193277307,0.016759776536312776,0.24697173620457602,0.01221640488656206,-0.010101010101010055,-0.03828691468455647
2001-03-31,-0.019804439135945096,-0.03854629374005014,-0.027220874239869408,-0.05902999361837902,0.01279531151421609,-0.03797818645587059,-0.2967543859649123,-0.2967543859649123,-0.30000000000000004,-0.31372549019607854,-0.7248292850238534,-2.2571489593962837,-0.9422769201807228,0.14120006977149835,-0.43903011866283426,-0.0318918918918919,-0.07935458272715246,0.001765225066195919,0.011194029850746245,-0.21688159437280186,-0.06654991243432573,0.016483516483516425,0.033459255261737875,0.011206896551724022,-0.010204081632653073,0.021772829763246904
2001-06-30,-0.003663028941921498,-0.3295402962901828,-0.06206273400875406,-0.19132108591147545,0.24289678392528935,-0.3964547611007583,-0.3867614652197414,-0.3867614652197414,-0.37142857142857133,-0.4,0.0,0.0,0.0,-1.3814800662336009,-0.2954463894094661,0.12953657174762712,-0.2261169372216637,-0.09427312775330399,0.2398523985239851,0.11676646706586835,0.1031894934333959,0.016216216216216273,0.2475195822454308,0.004262574595055524,-0.1030927835051546,-0.17088476656782292
2001-09-30,-0.2829012011569262,-0.06553673185718611,-0.22923093924088478,-0.21224239359668484,-0.45389646431175024,-0.0247076457626767,0.2132347955793612,0.2132347955793612,0.18181818181818188,0.23809523809523814,1.6728611898016998,-0.8711278905143935,30.93671015083571,-1.5780300500834725,-0.24494184894875348,0.13741967375185382,-0.1111936142565435,-0.06517509727626458,-0.45833333333333326,-0.08176943699731909,0.27040816326530615,2.7517730496453905,-0.2385935537881959,-0.004244482173174857,-0.05747126436781613,0.1862263994011477
2001-12-31,-0.01849921312972902,-0.01750649735577514,-0.005589814864791931,0.07986457660619584,-0.07654967100896903,-0.6907844414855945,-0.7453895160388957,-0.7453895160388957,-0.7307692307692307,-0.7692307692307693,0.2726668927703353,3.7416141789951665,-0.8576953884153522,-1.7550831792975972,0.24423790428362624,0.016514558887440245,-0.25751879699248126,-0.26326742976066597,-0.07142857142857151,0.8759124087591241,0.17737617135207495,0.000945179584120881,-0.05882352941176483,-0.08269394714407508,-0.19512195121951215,-0.09016968167157469
2002-03-31,-0.005412624771545027,-0.05810055865921793,-0.034433042150793014,-0.13881841246828563,0.13511293634496924,1.9935868071461291,3.5763827919227396,3.5763827919227396,3.428571428571428,4.0,-0.5824959193417649,-0.04235272311636962,-0.7802345659632678,-1.5507955936352509,-0.10843373493975905,0.15433946130825138,0.03150492264416327,0.039548022598870025,0.1301775147928994,0.243579766536965,0.7441728254690165,0.0009442870632672129,0.14077102803738328,0.1719330855018586,-0.12121212121212133,0.09371146732429092
2002-06-30,0.026220934341649516,-0.01393831553973901,0.026526130873957054,0.821969696969697,0.02496382054992763,0.03404743687834744,0.13669064748201443,0.13669064748201443,0.12903225806451601,0.13333333333333353,0.43617021276595747,1.3741935483870966,-2.9693877551020407,-0.6111111111111112,-0.04729729729729726,0.020370370370370372,0.3700572675211342,0.2690217391304348,0.03141361256544495,-0.09762202753441807,0.08181225554106897,0.0009433962264151496,-0.0010240655401946297,0.17922283901665348,0.0862068965517242,-0.4587795941375423
2002-09-30,0.05275482093663908,-0.06345864661654133,0.081714725763669,0.006006006006006093,-0.0667137310271797,0.07177210506844256,-0.17932489451476796,-0.17932489451476796,-0.17142857142857149,-0.17647058823529405,0.0,0.0,0.0,-2.357142857142857,0.06737588652482263,-0.16588021778584394,0.02249203821656076,0.009635974304068595,-0.055837563451776595,-0.19140083217753123,-0.2786984031334738,0.0009425070688029447,-0.11327524346488971,0.01479488903833226,-0.015873015873015928,-0.06913162348652524
2002-12-31,-0.014195996336517025,-0.08285163776493254,0.017165005537098654,-0.017451205510906953,-0.16414523449319218,-0.006213324128408693,0.28534704370179953,0.28534704370179953,0.24137931034482762,0.3214285714285714,0.8296296296296297,0.6779891304347827,0.2953367875647668,-0.7894736842105263,0.013289036544850585,-0.003046127067014792,0.3262604633054311,0.2788971367974551,-0.15591397849462363,0.05660377358490565,-0.023391812865497186,0.0009416195856875031,-0.15202312138728336,0.06361829025844923,0.20967741935483875,-0.06657342657342658
2003-03-31,0.03231800384896144,0.02170868347338928,0.011509448635197206,0.019163355924281422,0.15339366515837094,0.04758596734977427,-0.124,-0.124,-0.11111111111111105,-0.1351351351351351,-0.7125506072874495,-0.7894736842105263,-1.328,-12.75,-0.15409836065573768,-0.07158446093408999,0.03302509907529716,-0.011608623548922004,0.15286624203821653,0.09983766233766245,-0.2946963216424294,0.0009407337723423836,0.1172460804362645,-0.023676012461059215,0.01333333333333342,0.0025471980821096807
2003-06-30,0.0352918488043199,0.04112405757368065,-0.01230106865533942,-0.49942673698692963,0.2781482934484112,0.051061007957559745,-0.04337899543378998,-0.04337899543378998,-0.03125,-0.03125,1.5950704225352115,0.5269230769230768,2.7439024390243905,-2.0638297872340425,0.193798449612403,0.10484250117536442,-0.06919579425973288,-0.05536912751677847,0.2817679558011048,-0.04206642066420663,0.08793208004851438,0.0009398496240602405,0.23428920073215398,-0.0682833439693683,0.013157894736842035,1.0799581527424897
2003-09-30,-0.010617820552623392,-0.03456221198156684,-0.02957889001323266,0.013284470911589574,0.06414978514426029,-0.022712933753943232,0.22195704057279242,0.22195704057279242,0.22580645161290325,0.22580645161290325,0.2401628222523744,-0.6700251889168766,1.4951140065146582,-0.45999999999999996,0.08766233766233755,0.033617021276595604,-0.006258586475347272,0.05950266429840134,0.07327586206896575,-0.1933744221879815,0.05797101449275366,0.0009389671361501595,0.07563025210084029,0.052739726027397404,0.012987012987013102,-0.047280304663361306
2003-12-31,-0.025166311033011146,-0.025230139788612327,-0.0520574316194754,0.6039783001808319,0.0715315835015864,-0.04131697869593287,-0.453125,-0.453125,-0.42105263157894735,-0.4736842105263158,0.054704595185995686,0.5954198473282444,0.019582245430809442,1.1481481481481484,0.17313432835820897,-0.027171675586661226,-0.21996927803379418,-0.12405699916177715,0.08032128514056214,-0.0936007640878701,-0.09799789251844038,0.0009380863039398779,0.09926470588235303,-0.12426805465191937,0.0,-0.3922618598687685
2004-03-31,0.024013390845297078,0.07694998251136753,0.00947706887798283,0.008737316798196115,0.07025572005383585,0.05589225589225588,0.8142857142857143,0.8142857142857143,0.7727272727272727,0.8999999999999999,-0.6721991701244814,-0.26315789473684215,-0.7669654289372599,-1.396551724137931,-0.058524173027989845,0.08082945408379172,-0.060653800708940664,0.036363636363636376,0.07806691449814118,0.0,0.23306074766355134,0.0009372071227740086,0.045150501672240884,0.03194650817236244,0.0,0.06763464879622738
2004-06-30,-0.03998491135420601,-0.06560571614160438,-0.07652975691533948,-0.2791282481139983,0.06966800804828965,0.016900510204081565,0.4409448818897639,0.4409448818897639,0.4358974358974359,0.44736842105263164,1.6075949367088609,-3.512987012987013,6.302197802197802,4.260869565217392,-0.327027027027027,-0.0035238841033672363,0.10566037735849054,0.19852262234533713,0.07586206896551739,-0.07481559536354065,-0.050686878256750334,0.0014044943820226141,0.1140000000000001,0.18070554355651547,0.012820512820512775,0.2961757526444264
2004-09-30,-0.010085134250163774,-0.04588112617309703,-0.046655169283834064,0.8372093023255813,0.08464613214201733,0.01285669488867991,-0.27322404371584696,-0.27322404371584696,-0.2857142857142857,-0.2727272727272727,0.1371359223300972,-1.405684754521964,-0.4130925507900677,-0.8181818181818181,-0.08835341365461846,-0.03143418467583503,-0.06010618126659084,0.023112480739599484,0.09294871794871806,-0.10022779043280172,-0.18562874251496997,0.0014025245441795509,0.09587073608617591,-0.0012195121951219523,0.025316455696202445,-0.48067437897946375
2004-12-31,0.030166710770044958,0.0914389799635702,-0.015900218985051895,-0.03607594936708858,0.13505311077389992,-0.01764705882352946,0.08082706766917291,0.08082706766917291,0.09999999999999987,0.07499999999999996,0.08110992529348993,-0.10191082802547768,-0.232051282051282,-14.909090909090908,1.2951541850220263,0.0872210953346857,0.047609441194270685,0.1430722891566265,0.1378299120234603,-0.005063291139240533,0.07352941176470584,0.0014005602240896309,0.10157273918741794,0.12576312576312576,0.012345679012345512,0.13227421861509248
2005-03-31,0.07282301566914984,0.105807743658211,0.0689821981424148,0.1374480192602321,0.0804048892284186,0.08225653955247392,0.019130434782608674,0.019130434782608674,0.022727272727272707,0.023255813953488413,-0.6041461006910167,5.773049645390071,-1.9499165275459098,-0.9738562091503268,0.015355086372360827,0.0921641791044776,-0.05468900442903901,0.01976284584980248,0.12371134020618557,-0.040712468193384255,-0.05079908675799094,0.0013986013986013734,0.007138607971445499,0.009761388286334105,0.012195121951219523,-0.027756596004270273
2005-06-30,0.00041901113372433407,-0.068517959553275,-0.050321296044890995,-0.120838945545507,0.09952271522008127,0.05824111822946998,0.06825938566552892,0.06825938566552892,0.06666666666666665,0.06818181818181812,1.2044887780548628,-0.7801047120418848,-2.311072056239016,-11.25,-0.15500945179584125,0.13016740690126416,-0.1301690772051335,-0.06524547803617575,0.09633027522935778,0.006631299734747964,0.09320505111244737,0.0018621973929235924,0.09923213230950956,-0.07572502685284643,0.012048192771084265,0.059450980392157016
2005-09-30,0.024950637228504657,-0.012637718729747283,-0.03240255408367487,-0.3514992339680455,0.12170418006430861,0.032746285085305527,-0.0015974440894568342,-0.0015974440894568342,0.0,0.0,0.1685520361990951,0.3571428571428572,0.06166219839142095,-0.6097560975609756,-0.07158836689038028,0.06831922611850083,-0.06206088992974235,0.008293020041465038,0.12343096234309625,-0.026350461133069825,0.11716171617161719,0.0018587360594795044,0.09430413756045142,0.0017431725740848503,0.011904761904761862,0.5225051821143025
2005-12-31,0.06917688266199651,-0.07975057433541188,-0.004038215305820936,-0.006074924063449227,0.17572022359180162,-0.03730349054090065,0.0047999999999999154,0.0047999999999999154,0.02083333333333326,0.02127659574468077,0.02613746369796699,-0.5473684210526315,0.21969696969696972,0.25,-0.09638554216867468,0.025466893039049143,-0.09013732833957555,-0.018505825908156304,0.18063314711359402,-0.08660351826792956,-0.014278680452978754,0.0018552875695734272,0.09968082494475827,-0.009280742459396696,-0.0117647058823529,-0.07410288826218037
2006-03-31,0.025935025935025946,0.1369472182596292,0.010284810126582222,0.05942275042444822,0.04522735584542237,0.035150844173816864,0.0015923566878981443,0.0015923566878981443,0.0,0.0,-0.38396226415094337,-0.16279069767441856,-0.6335403726708074,-5.725,0.504,0.04332229580573954,-0.08150384193194293,-0.012569832402234637,0.052050473186119994,-0.11703703703703705,0.015484515484515349,0.0018518518518517713,0.018754186202277312,-0.004098360655737765,-0.011904761904761862,0.07320659594580414
2006-06-30,0.002501330494944165,0.011606022584692566,-0.029953014878621786,0.0019230769230769162,0.041170982038721826,0.03663101604278074,0.10651828298887112,0.10651828298887112,0.10204081632653073,0.10416666666666674,0.38897396630934145,0.462962962962963,1.3672316384180792,-1.433862433862434,-0.14539007092198586,-0.041787886802433394,-0.05736480430236035,-0.0021216407355021394,0.05697151424287861,-0.0889261744966443,-0.06197737333989173,0.001848428835489857,0.03857111549419234,0.011757789535567387,-0.012048192771084376,0.009688784497944747
2006-09-30,0.00552104899930983,0.0604651162790697,-0.015136226034308753,0.026871401151631558,0.028453007729360325,0.017797265927263384,0.13362068965517238,0.13362068965517238,0.14814814814814814,0.15094339622641506,0.09592061742006619,-0.5189873417721519,0.00835322195704058,-1.9146341463414633,0.15560165975103724,-0.06155120066243436,-0.0034865293185419866,0.03827072997873837,0.041134751773049594,-0.11233885819521172,-0.09019402202412163,0.0018450184501843658,0.0227896180628826,0.049970947123765264,-0.012195121951219412,0.03266453426383631
2006-12-31,-0.054643366242542624,0.009356725146198785,-0.024077868852458995,0.8133956386292835,-0.08713647750789677,-0.011657374556512945,-0.2002534854245881,-0.2002534854245881,-0.17741935483870963,-0.180327868852459,0.19617706237424537,5.921052631578948,-0.3668639053254438,0.6133333333333333,0.21723518850987422,0.131470588235294,-0.003816793893129833,0.006143344709897747,-0.08583106267029972,0.08713692946058083,0.05590778097982696,0.0018416206261511192,-0.03424798844646171,-0.017708909795240757,0.024691358024691246,-0.4434015393279519
2007-03-31,0.02306489444878812,0.07937427578215517,-0.050603674540682375,-0.02697131077134518,0.10678916597064791,0.03871794871794876,0.09350237717908083,0.09350237717908083,0.07843137254901977,0.08000000000000007,-0.4541631623212784,-0.6482889733840305,-0.15700934579439252,-0.8512396694214877,0.026548672566371723,0.01247725500389918,0.0019157088122607746,0.02917232021709637,0.10432190760059612,0.10687022900763354,0.0027292576419213344,0.0018382352941175295,0.08182012390514837,0.0022535211267606936,0.024096385542168752,0.10927487352445198
2007-06-30,0.972651345597467,0.6795491143317229,1.0861439787681078,0.26518361581920913,0.8620094868477792,0.12194519871636622,0.01594202898550723,0.01594202898550723,-0.054545454545454564,-0.05555555555555558,0.35901386748844377,15.63783783783784,-10.152993348115299,107.11111111111111,2.795977011494253,0.04467265725288816,-0.1876991714467814,-0.18787079762689518,0.6545209176788123,-0.053448275862068906,0.016330974414806798,0.0018348623853210455,-0.056082148499210116,-0.038785834738617186,-0.15294117647058825,0.32760717543326234
2007-09-30,-0.036804383319035905,-0.28986896772131676,0.11486880466472305,-0.3423109126430366,-0.20246641963872158,0.08360836083608358,-0.031383737517831634,-0.031383737517831634,-0.05769230769230771,-0.05882352941176472,0.3458049886621315,-0.8252111760883691,-1.591327519379845,-1.9105858170606371,-0.6707040121120363,0.010321946424182826,-0.12985484503726963,-0.18181818181818188,-0.14763458401305063,-0.38979963570127507,0.019282271023031594,0.001831501831501825,-0.17196652719665273,-0.09356725146198841,-0.09722222222222221,0.0796976983854345
2007-12-31,0.012411296578274555,-0.04365436543654366,0.010222518067706243,0.1604073838319542,0.015753176043557193,-0.0032487309644669837,-0.032400589101620025,-0.032400589101620025,0.04081632653061229,0.02083333333333326,0.5004212299915753,-0.21561338289962828,-0.4215485456780008,-0.9695259593679458,-0.06206896551724139,-0.08246168815373389,-0.09467989179440939,-0.13095238095238093,0.032535885167464196,0.07761194029850738,-0.023646873357856202,0.001828153564899626,0.0032844871147044152,-0.04516129032258065,-0.09230769230769242,-0.1758404920988439
2008-03-31,0.0073781889383921495,0.04776470588235293,-0.008377653315762235,-0.39806180288901083,0.03130360205831906,0.02485231207985339,0.0,0.0,0.0,0.020408163265306145,-0.5783267827063447,-0.14691943127962082,-0.7429178470254958,-1.6296296296296298,0.04166666666666674,-0.0885471898197242,-0.09760956175298807,-0.1312785388127854,0.032437442075996525,-0.11634349030470914,-0.08396124865446708,0.0018248175182480342,0.02367161923948613,-0.06216216216216208,-0.06779661016949146,0.7407026122764122
2008-06-30,-0.000929603650807076,-0.02694812485964515,-0.020076890217855636,0.3192588092345079,0.027027027027026973,-0.0023852116875372475,0.07762557077625565,0.07762557077625565,0.07843137254901977,0.08000000000000007,0.4873501997336884,0.050000000000000044,1.3774104683195594,-4.647058823529411,-0.14588235294117646,0.06719022687609066,0.04580573951434874,0.006570302233902758,0.037701974865349985,0.03134796238244508,0.08871915393654528,0.0018214936247722413,0.028044280442804492,-0.021613832853025983,0.0181818181818183,-0.2624380867893842
2008-09-30,-0.027068177973270213,-0.08839141472420953,-0.02499273467015406,-0.16463274234400183,-0.029959514170040502,-0.03546523211795183,0.021186440677966045,0.021186440677966045,0.036363636363636154,0.03703703703703698,0.23545210384959714,-0.002645502645502673,0.1413673232908459,-0.7096774193548387,-0.04958677685950408,-0.04987735077677835,0.005804749340369231,0.018276762402088753,-0.01557093425605538,-0.0820668693009119,-0.06422018348623859,0.0018181818181817189,-0.0031107920555155655,0.020618556701030855,0.0,0.09131001302996888
2008-12-31,-0.05514982901524368,-0.10430379746835439,-0.03233979135618481,-0.12348401323043001,-0.08708959376739012,-0.07746333402189631,-0.11479944674965425,-0.11479944674965425,-0.12280701754385959,-0.1250000000000001,-0.13115942028985506,-0.2015915119363395,-0.039593908629441676,2.0,-0.15652173913043477,-0.23149741824440617,0.00891920251836309,0.012820512820512775,-0.08787346221441128,-0.2218543046357616,-0.26066897347174156,0.001814882032667775,-0.03384541526644258,0.016594516594516495,0.0,0.02185892725936811
2009-03-31,0.006625157194123155,0.04409270774448837,-0.0212536577853073,0.8367924528301887,0.039012496190185875,0.014106583072100332,-0.15000000000000002,-0.15000000000000002,-0.14,-0.12244897959183676,-0.6288573811509591,-0.5348837209302326,-0.7071881606765328,-1.1666666666666667,0.030927835051546282,-0.10302351623740191,-0.02808112324492973,-0.021518987341772267,0.040462427745664664,-0.01276595744680864,-0.10296411856474263,0.0018115942028986698,0.032298136645962705,-0.015613910574875822,0.0,-0.43160165378392956
2009-06-30,0.01032938236996861,0.0037899296155927686,-0.04101757146603724,0.05341551104262976,0.08228219419184502,0.00551998233605655,0.09558823529411775,0.09558823529411775,0.09302325581395343,0.09302325581395343,1.2719101123595506,0.3214285714285714,2.0072202166064983,1.0,0.06000000000000005,0.11568872243029538,-0.0417335473515249,-0.027166882276843385,0.08148148148148149,0.06896551724137945,0.15391304347826074,0.001808318264014508,0.07123947051744883,-0.018745493871665353,-0.017857142857142905,-0.04712207463630602
2009-09-30,0.003226973882622497,0.03991370010787487,-0.03571623912924571,-0.059483178937103864,0.05075213443556037,-0.007685551163812088,0.001677852348993314,0.001677852348993314,0.0,0.0,0.21859545004945602,0.10270270270270276,0.08163265306122458,2.9166666666666665,0.22169811320754707,0.0018649757553153012,-0.06923506420993875,-0.04122340425531923,0.04965753424657526,-0.07258064516129037,0.03767897513187646,0.0018050541516245744,0.0474050775106718,-0.03306392358559884,0.0,0.10570859608363747
2009-12-31,0.06733804298812562,0.08091286307053935,0.09784458309699384,-0.1494729566269224,0.03256593796350038,0.027439699048461996,0.008375209380234505,0.008375209380234505,0.02127659574468077,-0.02127659574468077,0.2142857142857142,9.647058823529411,-2.029966703662597,0.801418439716312,0.326898326898327,0.09568131049888318,-0.06298740251949597,-0.037447988904299456,0.03344208809135396,0.04347826086956519,0.14887436456063918,0.0018018018018017834,-0.03260403260403255,-0.02583586626139811,-0.018181818181818188,0.27089899444694576
2010-03-31,-0.012646106182227834,0.07197696737044157,-0.048101265822784844,-0.12759041040227548,0.029165625780664506,-0.006461339651087639,-0.05813953488372092,-0.05813953488372092,-0.06249999999999989,-0.0434782608695653,-0.7479946524064172,-0.7421731123388582,-1.0592672413793103,-2.0236220472440944,-0.25218234723569355,0.14780835881753318,-0.03585147247119069,-0.0057636887608069065,0.027624309392265234,0.11250000000000004,0.16687737041719353,0.0017985611510793476,0.04235033259423515,0.005460218408736228,0.0,0.22874350495984874
2010-06-30,-0.02096645367412142,0.05863921217546997,-0.04841511072514115,-0.13903120633442012,0.009587960434492393,-0.0013006720138738492,0.25749559082892426,0.25749559082892426,0.2666666666666666,0.27272727272727293,1.6843501326259949,-1.7517857142857143,26.054545454545455,-0.7307692307692308,-0.09079118028534372,-0.04973357015985791,0.01859229747675961,0.04057971014492745,0.022273425499232058,-0.07490636704119835,-0.054712892741061836,0.0017953321364452268,0.031057221867687668,0.04654771140418923,-0.01851851851851849,0.22960115329168684
2010-09-30,-0.009352874333498407,-0.07589852008456655,-0.04654346338124571,-0.174195293481201,0.028731141431748597,0.028434990232255153,0.07293127629733531,0.07293127629733531,0.08771929824561409,0.08928571428571419,-0.3231225296442688,1.36104513064133,-0.16397849462365588,-7.5,0.6490727532097005,-0.06666666666666665,0.041720990873533204,0.06128133704735372,0.042073628850488154,-0.08906882591093124,-0.11060171919770767,0.0017921146953405742,0.03858056529812237,0.05485544848035606,0.018867924528301883,0.11904017508206954
2010-12-31,0.009882352941176453,-0.018073667353008416,0.03206508734146918,0.04651162790697683,-0.011744084136722122,-0.02131701139721398,-0.1869281045751634,-0.1869281045751634,-0.19354838709677413,-0.180327868852459,1.1197080291970805,-1.8501006036217302,-0.545016077170418,-0.9164835164835164,0.03287197231833905,0.11248331108144183,-0.005632040050062459,0.017060367454068137,-0.006488824801730297,0.06666666666666665,0.037371134020618646,0.007155635062611854,-0.021454112038140627,0.007730147575544466,0.0,-0.061744778934134326
2011-03-31,0.010251630941286116,-0.004659832246039164,-0.015186645026663559,-0.0500782472613458,0.03500059122620325,0.01919344403709289,-0.0787781350482315,-0.0787781350482315,-0.06000000000000005,-0.07999999999999996,-0.8409090909090909,-0.29467455621301775,-1.028268551236749,-9.552631578947368,-0.2721943048576214,0.10051005100510046,-0.013215859030837107,0.003870967741935516,0.0319303338171264,0.10833333333333339,0.0795031055900619,0.007104795737122638,0.024563540397888772,-0.0034867503486750717,0.0,0.04786719273431106
2011-06-30,0.005909824723247192,0.02176966292134841,-0.00723955267804588,-0.015815485996705125,0.01925054267108428,0.03068133728311473,-0.39790575916230364,-0.39790575916230364,-0.4042553191489361,-0.3913043478260869,4.363636363636363,-0.7449664429530201,-54.4375,-1.6707692307692308,0.25086306098964317,-0.00027262813522355156,-0.15242346938775508,-0.14010282776349603,0.025316455696202445,-0.03007518796992481,-0.009205983889528202,0.007054673721340388,0.013275212997820418,-0.14975507347795658,0.0185185185185186,0.03815004262574595
2011-09-30,0.0066488980597827485,-0.014432989690721598,0.02472283156459354,0.15232674924673595,-0.010200078462141993,0.006774789570930029,0.9333333333333333,0.9333333333333333,0.9642857142857142,0.9285714285714286,-0.096045197740113,5.467105263157895,-0.8245614035087719,-1.3073394495412844,-0.061637534498620083,-0.12271611671666216,-0.04966139954853266,-0.05082212257100149,0.000685871056241405,-0.14341085271317833,0.009872241579558683,0.007005253940455258,-0.016816581931951347,-0.05102880658436215,0.0,-0.14466570861561623
2011-12-31,-0.0011103202846974858,0.05137145513714558,0.033614903957417175,0.054038349796629914,-0.036068172810146626,0.0393556280587275,0.11544227886056979,0.11544227886056979,0.1090909090909089,0.11111111111111094,0.3366071428571429,-0.6846388606307223,5.466666666666667,-4.835820895522389,0.2519607843137255,0.06185887472800733,0.053048297703879754,0.048818897637795455,-0.02673063742289239,0.05882352941176472,0.1035077630822312,0.006956521739130528,-0.03500397772474151,0.030355594102341676,0.0181818181818183,-0.002560204816385414
2012-03-31,0.0027931368637064136,0.05040902056157415,-0.05188916876574312,-0.24779492833517092,0.05879934210526305,0.025505199136747203,-0.03897849462365588,-0.03897849462365588,-0.016393442622950838,-0.033333333333333326,-0.6773547094188377,-0.34838709677419355,-0.6835051546391753,-0.8054474708171206,0.039154267815191934,0.20755269320843106,0.05338345864661642,0.058558558558558405,0.054225352112676095,0.23931623931623935,0.14330380406461707,0.007772020725388629,0.05585325638911787,0.03451178451178438,0.01785714285714257,0.39640651319483444
2012-06-30,0.0007673942701227343,0.08819195958745518,-0.0003542330853701925,0.07658482960791502,0.0015533980582524975,0.025062177157069154,0.06853146853146863,0.06853146853146863,0.06666666666666665,0.06896551724137945,2.1490683229813663,-0.2376237623762376,1.547231270358306,9.08,0.3798040693293143,0.09745454545454546,0.16630977872947894,0.16595744680851077,0.006012024048096087,0.04137931034482767,0.03190519598906105,0.007712082262210762,0.0007807925043921138,0.14239218877135884,0.03508771929824572,0.01079901200528477
2012-09-30,0.024083383033711048,0.17156673114119925,0.01742263170328373,0.10789652825051066,0.02963496371794161,0.01511758118701012,0.01963350785340312,0.01963350785340312,0.015625,0.032258064516129004,-0.002629848783694988,0.4415584415584415,-0.42838874680306904,0.6686507936507937,0.45931185144729647,0.045283852440910044,0.025091799265605896,0.031630170316301776,0.031872509960159334,0.039735099337748325,-0.10689045936395769,0.007653061224489832,0.005461283401599237,0.012108262108262213,0.016949152542372836,0.057452974938910106
2012-12-31,0.251033029202141,-0.1254746574211656,0.48133743542114127,0.9861751152073732,0.04002582311168501,0.026107740393454648,-0.40564826700898593,-0.40564826700898593,-0.41538461538461535,-0.40625,-0.04943968358602502,45.207207207207205,-18.0,-2.431629013079667,-0.45059880239520955,0.07924767540152144,-0.12179104477611935,-0.15330188679245282,0.032818532818532864,0.047770700636942554,0.035113748763600405,0.0075949367088608,-0.1687681862269641,-0.11400422237860652,-0.050000000000000044,-0.5597055030094582
2013-03-31,-0.027465584890603134,-0.08476496129884836,-0.08197813393941766,-0.3044083526682134,0.04412373267121872,0.01505106611718321,1.1835853131749459,1.1835853131749459,1.2105263157894735,1.1578947368421053,-0.5402219140083218,-1.0243712224605186,-1.1689696012633242,-0.6744186046511628,-0.26702997275204354,0.10260426865087147,0.0774983004758667,0.048746518105849734,0.042990654205607326,0.06686930091185395,0.21165790731008127,0.009212730318258089,0.07374562427071174,0.08737092930897528,-0.0350877192982455,0.31587940925180025
2013-06-30,-0.003099927060539742,0.05734323432343236,-0.03803303880138298,-0.16433177674004895,0.03854347287589799,0.03601059135039719,-0.10484668644906037,-0.10484668644906037,-0.1071428571428571,-0.1097560975609756,1.1191553544494721,-1.804,-0.07320872274143297,-0.9311224489795918,-0.025092936802973975,0.06357662937311304,0.008201892744479578,-0.006640106241699861,0.032258064516129226,0.019943019943019946,-0.03982649842271291,0.009128630705394158,0.04173005868289503,0.02264426588750923,-0.036363636363636376,0.2651887580001855
2013-09-30,0.003841229193341844,0.027116660163870376,-0.025115370962016326,-0.1154869611495476,0.03706530553832943,-0.025387629919918164,-0.07734806629834257,-0.07734806629834257,-0.08000000000000007,-0.08219178082191769,0.19288256227758005,1.626865671641791,-0.273109243697479,-11.0,0.2573879885605339,0.03857071297378534,-0.02127659574468077,-0.0267379679144385,0.0341435185185186,0.005586592178770999,-0.006160164271047264,0.009046052631578982,0.03317337784268726,0.004999999999999893,-0.018867924528301883,0.16121700879765388
2013-12-31,0.03405156705539358,0.23152896486229824,0.0008648156577151234,0.9930806257521059,0.05827966881324742,0.011363636363636465,-0.08143712574850304,-0.08143712574850304,-0.10144927536231874,-0.0746268656716419,0.1449880668257757,0.6231060606060606,-1.0092485549132948,2.8518518518518516,0.7884761182714177,0.03295819935691324,0.04731457800511496,0.09203296703296693,0.05484051482932295,0.0,0.021074380165289286,0.00896495517522422,0.02342487883683364,0.08528784648187648,0.0,-0.3820948292190164
2014-03-31,0.046300579307914314,-0.1910857495373226,0.07080813133839636,0.19939622641509436,0.02368844264788983,0.010371650821088929,0.09387222946544971,0.09387222946544971,0.11290322580645151,0.08064516129032273,-0.6612819176654507,3.05950991831972,192.625,-2.293269230769231,-0.5701568461212378,0.08856031128404673,-0.08485958485958478,-0.06792452830188678,0.023872679045092715,0.030555555555555447,-0.0032375556454877774,0.010096930533117998,-0.021704814522494065,-0.056319580877537634,-0.019230769230769273,-0.32553387146214363
2014-06-30,0.0034104545167470413,0.05662535748331754,-0.012528667289560813,-0.04379562043795615,0.020380434782608647,0.05029940119760479,0.10607866507747321,0.10607866507747321,0.10144927536231885,0.11940298507462677,1.350769230769231,-0.9433745329117562,-1.932214331826985,-0.9278810408921934,-0.0956607495069034,-0.01243923362882482,-0.026017344896597794,-0.013495276653171406,0.022279792746114024,-0.035040431266846306,0.042630937880633324,0.009996001599360316,0.01694231544977809,-0.004857737682165242,0.0,0.10498409331919412
2014-09-30,-0.012420535845414693,-0.006856730422230228,0.004730979312717709,0.008291655698868139,-0.028794940079893472,-0.0008144648965630052,-0.0010775862068965747,-0.0010775862068965747,0.013157894736842035,0.0,0.2801047120418849,0.6192893401015229,-0.049861495844875314,-3.402061855670103,0.2540894220283534,0.09989865353988714,0.009589041095890538,0.009575923392612928,-0.018753167764825163,0.07541899441340782,0.09151090342679136,0.009897070467141722,-0.016660055533518348,0.00976290097629029,0.0,-0.015080888401425852
2014-12-31,-0.006989441482016523,0.09938226744186052,0.04430461024784904,0.07440281947526439,-0.057369323050556975,0.018258884903814776,0.057173678532901784,0.057173678532901784,0.051948051948051965,0.06666666666666665,0.036809815950920255,-0.0658307210031348,0.14212827988338184,-0.4291845493562232,0.11565217391304339,-0.00171120179018025,0.07259158751696049,0.054200542005419905,-0.04907024793388426,0.018181818181818077,-0.030324652158401744,0.009800078400627132,-0.050625252117789454,0.04143646408839774,0.019607843137254832,0.02324610244988845
2015-03-31,-0.016944075991613516,-0.033217649975210706,-0.014059681915068012,-0.039241890414287495,-0.02399890914049363,0.043547870637207886,-0.09897959183673466,-0.09897959183673466,-0.0864197530864198,-0.08750000000000002,-0.492603550295858,-0.12416107382550334,-0.3388640714741544,-3.5037593984962405,-0.25954793452844893,0.15058016877637126,0.03542061986084777,0.019280205655527016,-0.020097772949484005,0.20918367346938793,0.08094186902133926,0.01125776397515521,-0.0072232844699384735,-0.01525198938992045,0.019230769230769162,0.006393687933614611
2015-06-30,-0.0020674646354733595,0.01059829059829065,-0.01097576185922755,-0.007966616084977285,0.009453732594420838,0.04034980055231663,0.2570781426953568,0.2570781426953568,0.2702702702702702,0.2602739726027399,0.814382896015549,0.28735632183908044,0.5878378378378379,-0.6756756756756757,-0.11368421052631583,0.10440064176025676,0.07697006719609045,0.05926860025220693,0.016075388026607573,0.12658227848101267,0.08270932607215786,0.011132437619961522,0.011555745773593085,0.02289562289562297,0.037735849056603765,0.018653690186536842
2015-09-30,-0.009617271835132502,-0.015392422192151534,-0.04413804699651103,-0.11956660293180366,0.027818785753829012,-0.015779383571744576,0.06216216216216219,0.06216216216216219,0.06382978723404253,0.06521739130434767,0.32404927691483665,0.05654761904761907,0.11185410334346502,-3.25,0.2885985748218527,0.02106464667427632,0.07770845150311967,0.07499999999999996,0.025641025641025772,0.005617977528090012,-0.03332285444828664,0.011009870918754716,0.03786756928284318,0.04279131007241599,0.036363636363636154,0.11836518046709132
2015-12-31,-0.007134363852556502,-0.0352173166122659,-0.050705835788733,-0.12581439119733606,0.03725481395035679,-0.0016481869943062444,-0.05089058524173029,-0.05089058524173029,-0.06999999999999995,-0.061224489795918324,-0.1694983818770227,0.48169014084507045,-0.11973756150902137,-1.625514403292181,-0.1400921658986175,0.07052845528455287,0.020526315789473504,0.042081949058693224,0.03563829787234041,0.04283054003724396,-0.0013008130081300084,0.010889973713856582,0.04463921728495723,0.017045454545454364,0.01754385964912286,0.10358329378262932
2016-03-31,0.49321357285429146,0.12197293447293456,0.9457518762160659,1.8641934415369326,0.07633389588472017,0.09305117814798147,-0.08757819481680074,-0.08757819481680074,-0.07526881720430112,-0.07608695652173925,-0.5601558694593278,32.81749049429658,-11.33664596273292,-1.2302631578947367,0.037513397642015,-0.024207328650085458,-0.006188757091284081,-0.07545164718384711,0.07344632768361592,-0.05714285714285705,-0.05731032237056344,0.012258543833580937,-0.27921951219512187,0.0031036623215394687,-0.06896551724137923,-0.6083216858402323
2016-06-30,-0.013679098159782521,-0.004602444056499011,-0.033975381538534744,-0.44379553602405464,0.021790696739436344,0.11396402581353837,0.28207639569049947,0.28207639569049947,0.2790697674418605,0.2705882352941178,1.0952380952380953,-0.9760512705194513,-1.0877298401634419,-1.0,0.0,0.16898530985504423,0.004151530877010812,-0.050574712643677966,0.019138755980861344,0.08901515151515138,0.13091537132987918,0.012110091743119167,0.03600433134813197,-0.0030940594059406523,-0.05555555555555558,0.7897337359319243
2016-09-30,0.024966871461269635,0.055165816326530503,-0.009414896238970738,0.349100738122466,0.0805036395829235,-0.00887464563046958,0.014514896867838134,0.014514896867838134,0.009090909090909038,0.0092592592592593,0.2949260042283297,1.647887323943662,-0.13835616438356169,inf,0.15185950413223148,0.09653794940079896,-0.02067183462532296,-0.06295399515738509,0.0765258215962441,0.07652173913043492,0.050702504581551455,0.011965192168237992,0.05408936503788864,-0.014897579143389073,-0.03921568627450989,-0.21779141104294475
2016-12-31,-0.02095025416507512,0.016772438803263734,-0.019033638535031816,-0.0293596362795715,-0.030370343396089017,-0.003606516602412624,-0.0737951807228916,-0.0737951807228916,-0.07207207207207211,-0.06422018348623859,0.10734693877551016,-0.6303191489361701,0.6287758346581875,0.2108843537414966,0.15964125560538123,-0.0696721311475409,-0.011609498680738795,-0.05943152454780354,-0.03096380287832534,-0.13570274636510515,-0.0956395348837209,0.011823719097097785,-0.009419930589985026,-0.020793950850661602,-0.04081632653061229,0.04745098039215678
2017-03-31,0.018757503001200382,0.04800118888393512,-0.026859766150100217,-0.04628453477294381,0.08465091824088322,0.03869196205691461,0.24634146341463414,0.24634146341463414,0.24271844660194164,0.23529411764705888,-0.6177663103575377,0.17505995203836933,-0.6910688140556369,-1.3426966292134832,-0.04717710750193349,0.03630282264643503,0.0640683395621997,0.10302197802197788,0.08145814581458155,0.06915887850467284,0.01060752169720347,0.013810198300283405,0.0645645645645645,0.06949806949806936,0.02127659574468077,0.09883938599775388
2017-06-30,0.039667108557961406,0.41903006239364715,0.036514804003336065,0.11828852076916663,0.0460164121740938,0.029440038452295036,0.0789302022178735,0.0789302022178735,0.0703125,0.07936507936507953,1.1735776277724206,0.0591836734693878,-2.6998420221169037,-47.01639344262295,2.278409090909091,0.08486184365897831,0.018564977420973516,0.04732254047322537,0.04452767374115685,0.0017482517482518833,-0.014949109414758355,0.013622074746769242,0.00611189468735307,0.04933814681107118,0.0,0.2689948892674616
2017-09-30,0.008132269810010806,-0.10132906965124411,-0.006764062460710596,-0.005285097513771042,0.026282687851704623,-0.02556320765728959,-0.41777509068923824,-0.41777509068923824,-0.416058394160584,-0.4191176470588236,0.2404614019520852,1.4142581888246628,-3.296468401486989,-1.3152832205201284,-0.2191136419905917,-0.14149916551774178,-0.09162561576354677,-0.07372175980975026,0.028685258964143312,-0.17801047120418856,-0.19244430093638998,0.013439007580978712,0.017990654205607415,-0.07224770642201839,0.0,-0.09652302322459405
2017-12-31,0.016540888457917013,0.11019681974869333,0.011240506329113886,0.25233854673351797,0.023867888014449834,0.004432199329180708,0.7892004153686396,0.7892004153686396,0.7999999999999998,0.7974683544303796,-0.2585836909871244,-0.0159616919393456,-0.7535410764872521,-1.2372881355932204,0.06658211794546598,-0.04454399459048264,0.045553145336225453,0.06931964056482665,0.023625096824167358,-0.07006369426751591,0.02039184326269483,0.013260795647738854,0.007344503098462241,0.07972805933250915,0.0,-0.11352154531946501
2018-03-31,-0.0051566345010645165,-0.08112980769230771,-0.03384738634087725,-0.08043023603226773,0.03159652217741926,0.03243887895050679,-0.4724318049912942,-0.4724318049912942,-0.4722222222222222,-0.4718309859154929,-0.4230583695127834,-0.4314679643146796,1.270935960591133,-5.147619047619048,-0.2589179548156956,0.04414366595895247,-0.13381742738589208,-0.11884753901560619,0.02989027620128648,0.020547945205479312,-0.042319749216300884,0.013087248322147582,0.03691045796308945,-0.11505437893531778,-0.02083333333333337,-0.0008380824673148712
2018-06-30,-0.01100596156251299,0.03422716372356671,-0.0057006633499170345,-0.559685489635454,-0.0159098543378019,0.012937507219591193,0.5929592959295931,0.5929592959295931,0.5789473684210527,0.5866666666666667,0.9665551839464883,0.13124108416547786,-0.5177151120751988,-1.896670493685419,0.3132771760930606,0.014064220960772644,-0.05449101796407185,-0.04087193460490468,-0.016899338721528157,-0.015659955257270597,0.1337970540098199,0.012918184829413537,-0.0050538343221270265,-0.04527813712807227,0.02127659574468077,1.3489347424928702
2018-09-30,0.0024027315263668303,-0.06460792580101182,0.014411550088606173,0.09828807556080288,-0.011822751815304455,-0.048694263884137334,-0.7348066298342542,-0.7348066298342542,-0.7333333333333334,-0.7310924369747899,-0.35119047619047616,1.2168978562421184,-0.2353823088455772,-1.9475032010243278,-0.22602321319486862,0.08421756203525788,-0.12032932235592153,-0.11505681818181823,-0.013079222720478345,0.10227272727272707,0.12847347527968234,0.01275343361674297,-0.014134275618374437,-0.1144986449864498,0.0,-0.1482645336380516
2018-12-31,0.002691337258200255,0.016676056338028156,0.026974951830443183,0.11099166890620804,-0.02408541372271944,0.0013186286262287794,-0.33072916666666663,-0.33072916666666663,-0.34375,-0.34375,0.0799475753604193,-0.22468714448236637,0.07843137254901955,-0.5972972972972973,-0.1176006314127861,-0.14633582492101416,-0.32469402447804174,-0.3274478330658106,-0.024990533888678557,-0.13608247422680397,-0.03741605372561552,0.012592831772683333,-0.02665770609318996,-0.3274674827850038,0.0,-0.08494046620828455
2019-03-31,0.02551305709332885,-0.041671284495178984,0.18193871169480924,0.8420416061925495,-0.17571915824699147,0.012929486412067481,-22.63035019455253,-22.63035019455253,-22.904761904761905,-22.904761904761905,-0.8118932038834952,0.20763022743947168,-1.729090909090909,2.033557046979866,-0.40429338103756707,-0.05380032496840592,-2.224946695095949,-2.152744630071599,-0.1766990291262136,-0.02863961813842486,0.40996677740863774,0.012436224489795977,-0.19631760644418872,0.0,-0.02083333333333337,-0.4797031063868781
2019-06-30,0.018784846708562286,-0.058864346015959246,0.034033186589908615,-0.016480630334865354,-0.007143693640941584,0.04006618603001999,-1.1201654973916173,-1.1201654973916173,-1.1195652173913044,-1.1195652173913044,6.0,0.845078979343864,1.2369077306733165,-1.0287610619469028,0.019519519519519468,0.20015264262545318,0.29852045256744986,0.2091097308488612,-0.007547169811320753,0.4570024570024569,0.0,0.012283464566929192,-0.025486827033218806,0.0,0.0,-0.043148996125396244
