Quarter end,Assets,Current Assets,Liabilities,Current Liabilities,Shareholders equity,Revenue,Earnings,Earnings available for common stockholders,EPS basic,EPS diluted,Cash from operating activities,Cash from investing activities,Cash from financing activities,Cash change during period,Cash at end of period,Price,ROE,ROA,Book value of equity per share,P/B ratio,P/E ratio,Cumulative dividends per share,Equity to assets ratio,Net margin,Asset turnover,Current ratio
1994-01-01,0.1326638108301612,-0.0497961569822003,0.13788996278181576,0.18920786575931015,0.12496480503180663,0.1645972373118112,0.11730139230139236,0.11730139230139236,0.13043478260869557,0.09090909090909083,-2.93678094131319,-0.7755361829637205,-0.9066280904786954,-0.8975549692172383,-0.32927888792354476,0.12616822429906538,-0.03715898400752593,-0.06538796861377505,0.10714285714285698,-0.20557491289198604,0.007510109763142925,inf,-0.00673134032864775,0.00439560439560438,0.016260162601626105,-0.20098721940029485
1994-04-02,0.1326638108301612,-0.0497961569822003,0.13788996278181576,0.18920786575931015,0.12496480503180663,0.1645972373118112,0.11730139230139236,0.11730139230139236,0.13043478260869557,0.09090909090909083,-2.93678094131319,-0.7755361829637205,-0.9066280904786954,-0.8975549692172383,-0.32927888792354476,0.12616822429906538,-0.03715898400752593,-0.06538796861377505,0.10714285714285698,-0.20557491289198604,0.007510109763142925,inf,-0.00673134032864775,0.00439560439560438,0.016260162601626105,-0.20098721940029485
1994-07-02,0.10218578071958362,0.11377302709336479,0.05242495659973079,0.2495326040271848,0.1520427772098094,0.1645972373118112,0.11730139230139236,0.11730139230139236,0.13043478260869557,0.09090909090909083,-2.93678094131319,-0.7755361829637205,-0.9066280904786954,-0.8975549692172383,-0.05029360967184804,-0.1203319502074689,-0.03715898400752593,-0.06538796861377505,0.12903225806451601,-0.20557491289198604,0.007510109763142925,inf,0.04524616304564466,0.00439560439560438,0.016260162601626105,-0.1086360257363308
1994-10-01,0.1320115666652184,0.17971313232923358,0.13018911673656675,0.31267091608494124,0.13403504379093034,0.21192776704204697,0.271692719309498,0.271692719309498,0.23076923076923084,0.25,0.43879755190207614,-0.44942173511326344,0.25446009389671365,-2.0559752747252746,0.055921291918236804,-0.028301886792452824,-0.03715898400752593,-0.06538796861377505,0.11428571428571432,-0.13888888888888895,0.007510109763142925,inf,0.0017162471395881784,0.00439560439560438,0.016260162601626105,-0.10128548011388139
1994-12-31,0.12370187911952946,0.11122680336151025,0.06154280839791104,0.16087443730336903,0.1813312768893578,0.2532962380549171,0.12204049283089557,0.12204049283089557,0.15625,0.13333333333333353,0.8919054172400851,1.619234997974654,0.908183632734531,-0.32894308943089434,0.03553898351790297,0.2815533980582525,-0.03715898400752593,-0.06538796861377505,0.15384615384615374,0.1494057724957556,0.007510109763142925,inf,0.05139920045688173,0.00439560439560438,0.016260162601626105,-0.042782630955809475
1995-04-01,0.036904743833017006,0.048677929264087094,-0.12037792082514631,-0.10843085741581082,0.1644052492918897,-0.09894402962157045,0.001502619952738149,0.001502619952738149,-0.027027027027027084,0.0,-0.7836044614909845,-0.8524401829308706,-1.8264905857740585,-1.3907196510782651,-0.013409228875786883,-0.09848484848484862,-0.03715898400752593,-0.06538796861377505,0.11111111111111116,-0.21861152141802065,0.007510109763142925,inf,0.12294043092522178,0.00439560439560438,0.016260162601626105,0.1762385505114663
1995-07-01,0.07157267066923745,0.07492309953547793,0.021547528876194155,0.031010953358930893,0.10220720928064164,0.030907280592632924,0.02333901847886022,0.02333901847886022,-0.02777777777777779,0.02941176470588225,-1.5403891209127023,1.5689474472226381,-2.093497864261984,3.8350387596899225,-0.06571533329680845,0.11764705882352944,-0.04616511968734727,-0.06538796861377505,0.08000000000000007,0.005671077504725952,0.007510109763142925,inf,0.028539180909384232,0.00875273522975939,-0.008000000000000007,0.04257375092366278
1995-09-30,0.07375030654437231,0.1212916528127268,0.06161314484192504,0.11191905048879325,0.08063897818316557,-0.00018891405119103588,-0.1112266763574391,-0.1112266763574391,-0.11428571428571421,-0.11428571428571421,-0.023562676720075393,-0.3477678051054901,-0.5436921296296297,-0.18610915154235874,-0.05724712208148386,0.0601503759398494,-0.10729833546734957,-0.06538796861377505,0.07407407407407396,-0.018796992481203145,-0.02752293577981657,inf,0.006427339708418245,-0.029826464208242975,-0.032258064516129115,0.008423290807981765
1995-12-30,0.11061212752773453,0.15712220294106816,0.0759530114272513,0.16627991886409732,0.12993721585616713,0.4657115256983464,0.38368699330278466,0.38368699330278466,-0.16129032258064513,-0.22580645161290325,-34.40656370656371,-0.39433473326780444,0.6131896005072923,-14.445039791978568,0.8164279870045981,-0.2836879432624113,-0.04589787722317851,-0.00792910447761197,0.06896551724137945,-0.33333333333333326,-0.2889150943396227,inf,0.017445482866043527,-0.027389603130240414,0.016666666666666607,-0.007839320952612638
1996-03-30,0.061138355380474296,0.02971519119302779,0.04376077749955409,-0.009074465716829905,0.07036475456918834,-0.17949246823897957,-0.13850903829301597,-0.13850903829301597,0.34615384615384603,0.45833333333333326,-0.19186805820417696,4.335497196813219,-1.696933962264151,-0.41903288382533066,0.26112668190965893,0.15841584158415833,-0.06825015033072757,-0.05500705218617763,0.06451612903225823,0.08333333333333326,0.2520729684908789,inf,0.008726270667483327,-0.030459770114942497,-0.024590163934426257,0.03915211290630172
1996-06-29,0.046077108277641665,0.01040240091654221,-0.0029149167144045807,-0.015563087793001418,0.07144226562384781,0.047234398567119085,0.02967650363711627,0.02967650363711627,0.028571428571428692,0.028571428571428692,-0.2531678155659163,1.37620285366663,-1.3223350253807107,-0.784093774903915,0.04470516481152309,0.09829059829059839,-0.06001936108422068,-0.04626865671641789,0.07575757575757569,0.03183023872679058,0.08940397350993368,inf,0.0242828957353165,-0.032009484291641854,-0.01680672268907568,0.026376507603566024
1996-09-30,0.0777860230279861,0.10844611433851492,0.09327863128491609,0.11299446309729944,0.07032153278643394,0.005708552514369858,0.037827095825579526,0.037827095825579526,0.0277777777777779,0.0277777777777779,-0.014046342397548872,-0.8620320482236161,1.454068241469816,3.3566322478157264,0.1864295968106333,-0.023346303501945553,-0.02437349811191214,-0.0146061554512259,0.05633802816901423,-0.08997429305912596,-0.031003039513677777,inf,-0.006963994665876494,0.0024494794856093627,-0.017094017094017144,-0.004087263066469116
1996-12-31,0.09815178082795195,0.15320683665835255,-0.046593395107519364,0.07005700108671142,0.16938725353611983,0.19265158620792544,0.37561844886935924,0.37561844886935924,0.32432432432432434,0.29729729729729737,0.3218804929447525,19.311234817813766,1.9647058823529413,-2.040591988846587,-0.16351340648155477,0.4103585657370519,-0.023223082336382816,0.000529380624669118,0.10666666666666669,0.33333333333333326,0.34567126725219577,inf,0.06475678901820348,0.06353084911423323,-0.05217391304347807,0.07769455702046901
1997-03-31,0.2856986517820004,0.34724559555245427,0.6089284164462656,0.09307979362973118,0.15600361439379173,-0.06049775326222573,-0.10793913890073459,-0.10793913890073459,-0.10204081632653061,-0.08333333333333326,-0.7136381668846148,0.39831402350400724,59.48617123617124,-3.1039781510872926,0.4112781212666985,0.2655367231638419,-0.046829971181556185,-0.05820105820105825,0.15662650602409633,0.14406779661016955,0.07086247086247077,inf,-0.10075672645739908,0.025847214244687056,-0.0825688073394496,0.23251219802451506
1997-06-30,0.03147575851810003,0.009061665873973723,-0.04706745214943098,-0.10482225772027964,0.0753387445075242,0.1557846563488101,0.16173287152289206,0.16173287152289206,0.13636363636363646,0.13636363636363646,-0.49821698863490593,-1.0961339716328906,-0.9841551640845084,-0.7129547536358248,0.08365142764151501,0.020089285714285587,-0.013605442176870763,-0.01573033707865168,0.07291666666666674,-0.11851851851851858,-0.03526338702655629,inf,0.0423874084463145,0.02911534154535267,-0.050000000000000044,0.12722076317009123
1997-09-30,0.04401298647926688,0.052312964451640465,-0.02379982918545298,-0.06136696317982204,0.07757269552780888,0.02798803762647384,0.029681907468225743,0.029681907468225743,0.020000000000000018,0.020000000000000018,9.008078122603406,-0.9303388835686263,0.747176913425345,2.6197098976109214,0.27942001723034116,0.38074398249452934,-0.018773946360153282,-0.01084474885844744,0.07766990291262132,0.28781512605042026,0.27256317689530674,inf,0.03214232321722221,0.020130576713819348,-0.03157894736842093,0.12111971493181661
1997-12-31,0.09907523108201044,0.04686747832961924,0.1330990106564256,0.3192387131770007,0.08382131801702242,0.19516380021542146,0.2534798148120221,0.2534798148120221,-0.23529411764705876,-0.3921568627450981,0.2911294112838956,-128.33170731707315,0.35037701974865354,-1.0784762982344482,-0.01713889755477782,0.11251980982567344,-0.009761811792268649,-0.017888055395268387,0.08108108108108092,0.030995106035889064,0.03191489361702127,inf,-0.013760139049826314,0.0031999999999998696,-0.021739130434782594,-0.20645762660065392
1998-03-31,0.0515313418578045,0.06988510962586592,0.021995712007814694,0.06440587502718098,0.065375135557322,-0.055494875106353536,-0.12105462617075413,-0.12105462617075413,-0.2564102564102565,-0.09677419354838701,-0.10277127120790075,-1.0963246997036216,-1.116358221654967,-16.12267211342064,0.2637055505214254,0.13675213675213693,-0.009463722397476393,0.008225616921269108,0.05833333333333335,0.05221518987341778,0.0597938144329897,inf,0.013070935526509064,-0.005847953216374213,0.022222222222222143,0.0051414376769174375
1998-06-30,0.07990280000403271,-0.015984752097049193,0.0534908421014717,0.11605327132831023,0.09177841188283375,0.1400724377832896,0.29689628032713955,0.29689628032713955,0.3103448275862071,0.2857142857142856,-0.3049849622070717,-15.480656591221347,-10.365173674588666,-1.8840473201658907,-0.1844798300958198,0.2994987468671677,0.02428343949044587,0.0343822843822843,0.0866141732283463,0.22857142857142843,0.22827496757457855,inf,0.011017686285879957,0.030481283422459926,0.0,-0.11829955170696205
1998-09-30,0.07369551718195333,0.01867816663406474,0.018142155244013525,0.04951243052551013,0.09779801252024689,0.029368038640781302,0.0622387807658209,0.0622387807658209,0.05263157894736836,0.05555555555555558,0.35188416464153605,-0.23117506354461603,-0.26977697525743005,-0.6402582871624809,-0.08137761947744626,0.2825458052073291,0.02098717450446963,0.0304225352112677,0.09420289855072483,0.17992656058751533,0.16552270327349516,inf,0.022512188127330024,0.03528801245459268,0.0,-0.029376616039806014
1998-12-31,0.07362683769228218,0.1020342897058828,0.019233352334899312,0.035673401047100484,0.0955137515295863,0.1849470187332285,0.2740921059168364,0.2740921059168364,0.30000000000000004,0.23684210526315774,0.20972397576280977,0.5433052198792541,0.44763750584775774,1.4800644532713783,-0.21970044017766444,0.22330827067669157,0.03654358583936057,0.05412793876435207,0.0927152317880795,0.11721991701244794,0.10826727066817665,inf,0.020333754031692797,0.04912280701754379,0.0,0.06406841127353324
1999-03-31,0.06348965573699084,0.012951182567194852,0.016159944071004073,0.08388944768238482,0.08120816958150923,-0.05816209078011658,-0.1395372413846886,-0.1395372413846886,-0.15384615384615385,-0.12765957446808507,0.0421346679857999,-0.6634225073809008,-0.9033747287752181,-1.559589824174385,0.1575576061045667,0.6650276582667487,0.0025706940874037354,0.020228215767635005,0.07878787878787885,0.5246053853296195,0.4862047823421214,inf,0.016630016492578337,0.026278069756330513,0.0,-0.06544926682515317
1999-06-30,0.08447590554370499,-0.003936058993508462,0.09331340521689624,0.14930740449357272,0.08136651268209438,0.14629585067822726,0.3091047508564593,0.3091047508564593,-0.34090909090909094,-0.3414634146341463,0.11654287894864201,1.7412501719330273,-6.851887243191591,-2.3456428995733805,-0.18315829191591637,0.06312292358803995,0.02417582417582409,0.03812913065582091,0.0786516853932584,-0.014616321559074441,-0.022139713971397135,inf,-0.00283898877923483,0.039571694599627616,-0.010869565217391353,-0.13333483409121605
1999-09-30,0.07378121165709661,0.020671030391250733,0.008579835433808913,0.0034742662194895413,0.09697516107593396,0.028468521481559872,0.07156406635097334,0.07156406635097334,0.034482758620689724,0.07407407407407396,-0.11041682643735262,-0.3302049027031465,-4.536822338340954,-1.0802159067347117,0.0179866041567307,0.1131944444444446,0.021101573676680863,0.0352595494613126,0.09375,0.03213844252163156,0.001828153564899404,inf,0.02155639913232088,0.040304523063143805,0.0,0.017143302423439533
1999-12-31,0.2678530240341559,0.35122161756427106,0.593152926765949,0.7120317345234188,0.16145945845785192,1.5760574856920608,-0.38156492075900794,-0.38156492075900794,-0.43333333333333324,-0.4482758620689654,1.0102663478189164,-0.05041661984588297,-0.07474780119578017,24.04402568164763,0.6344474613527176,0.35152838427947586,-0.15201401050788077,-0.16698202459791867,0.1333333333333333,0.23532934131736516,0.2164514317798989,inf,-0.08387524883875241,-0.35213086526043913,0.2857142857142856,-0.2107561480119513
2000-03-31,0.08167914072319427,0.06938484342638951,-0.15431586377144835,0.07091990571672824,0.18755273349858004,-0.4929481464474642,0.7341206828106392,0.7341206828106392,0.8823529411764706,0.875,0.0006022445261939513,-0.04241807026288513,0.5959182655123376,0.09901349412191651,0.29753859938039073,0.3803369489960766,-0.023543990086741018,-0.014764338444065994,0.1386554621848739,0.21812893843916625,0.4922686360489268,inf,0.09792843691148767,0.023255813953488413,-0.03418803418803418,-0.0014236717789425368
2000-06-30,0.08706172649846722,0.1134173534024534,-0.042011211009379434,0.07331794757039645,0.12829761107333093,0.19073214937183436,0.29233072379340164,0.29233072379340164,-0.375,-0.3666666666666666,-0.10445728128202736,-0.3544439368179809,-0.24869461901635248,0.07674224155689924,0.24690778262745217,0.1452934291924426,-0.017343485617597243,0.002305475504322807,0.12177121771217725,0.005968961400716344,0.0385864522115682,inf,0.037867792584773685,0.022727272727272707,-0.0265486725663715,0.03735986002203351
2000-09-30,0.14710829339427178,0.11286420577223977,0.20708504397523453,0.16608062155218772,0.11408852077826515,0.05946921474451705,0.0679218808634221,0.0679218808634221,0.04999999999999982,0.05263157894736836,0.21974102827132325,2.3763719052370234,8.174892837820966,0.24072656883046717,0.2456838029444126,0.29751824817518235,-0.02281532501076189,-0.017826336975273138,0.11184210526315774,0.1566455696202531,0.17124562579108038,inf,-0.02873124841088226,0.015873015873015817,-0.027272727272727337,-0.04563485866000305
2000-12-31,0.09847498998247439,0.06555464450424697,0.07716158634400427,0.1280743692749604,0.10623388869085026,0.5904452072664568,0.2285028962542941,0.2285028962542941,0.19047619047619047,0.25,-0.1381527433516604,0.410448658697079,-0.8668577791788663,-1.5730094515900803,-0.11301354393224416,-0.12454995499549948,0.11806167400881074,0.14344262295081966,0.0976331360946745,-0.21272229822161415,-0.20221219248617384,inf,0.007068062827225052,0.2550000000000001,-0.09345794392523377,-0.05544282254369315
2001-03-31,-0.01625963861531743,-0.05154071662679538,-0.11233375696231529,-0.09195007491790252,0.02459200932738792,-0.28102972903029566,-0.2915009247201411,-0.2915009247201411,-0.28,-0.28,0.012048359704996292,-0.48163216581845825,-2.628964671413484,-0.9461153675679098,-0.006865598942326634,-0.2937925716488883,-0.04728132387706874,-0.03379416282642089,0.02425876010781658,-0.35664639443961765,-0.44573705179282863,inf,0.04146087860670655,-0.04033864541832666,0.010309278350515427,0.04452529452529452
2001-06-30,0.018201278959677714,-0.007931520226767907,0.00330585116881843,-0.019569665351428123,0.021894290526375038,-0.13815280227056093,-0.7270226557504482,-0.7270226557504482,-0.7222222222222222,-0.7222222222222222,-0.007453535197466832,0.06752171297514753,-1.473156959113249,-8.286794947121034,0.050374059773406366,-0.35395814376706103,-0.2220843672456576,-0.21727609962904082,0.021052631578947434,-0.36934503713706957,-0.3776595744680852,0.0,0.003619118931736054,-0.1800726517903477,-0.05102040816326525,0.01184275999336526
2001-09-30,-0.06117304301128901,-0.13998927829921837,0.1166397084966937,0.20301455516897415,-0.10445610354904489,-0.40011876161327753,-9.682616523672172,-9.682616523672172,-9.6,-9.6,-0.4157894736842105,0.14895462329897913,-0.9391354314002829,-3.1994617857826784,-0.10548225028542813,-0.4047887323943662,-0.9186602870813397,-0.9187542315504401,-0.10824742268041232,-0.41648822269807273,-0.28228228228228225,0.0,-0.046008455608057774,-0.910126582278481,-0.08602150537634412,-0.2850960592748015
2001-12-31,-0.010501676155962314,-0.0026364110775454197,-0.016486040406826996,-0.03725797424370192,-0.008685327282444866,0.24782949055204573,-0.9257707570934197,-0.9257707570934197,-0.9302325581395349,-0.9302325581395349,0.06578836417848022,-0.7857895523360297,28.41902687000726,-2.2758495857467556,0.150449206148499,-0.30998580217699945,-5.124183006535948,-5.133333333333333,-0.011560693641618491,-0.22752293577981653,8.385259092372063,0.0,0.0018248175182480342,0.0,-0.18823529411764706,0.03595340731908636
2002-03-31,-0.01867440001577414,-0.11977392133070042,-0.040923359904579404,-0.03342641645873612,-0.01197462905318114,-0.13930760026707034,0.09545052877626059,0.09545052877626059,0.0,0.0,0.22754489122935828,5.1173797939324555,-0.9093063441125648,-2.0666867800920192,-0.1394952323112194,-0.01989026063100141,0.9889064976228208,0.9717741935483872,-0.011695906432748537,-0.0071258907363420665,0.0,0.0,0.006765547749154388,0.0,-0.13043478260869557,-0.08933156263833553
2002-06-30,-0.0018379276888746965,-0.05813918606524049,0.034664617299326794,0.036838662390508814,-0.012507784824715151,0.06571539611268395,-1.0105127571266865,-1.0105127571266865,-1.0,-1.0,0.10265876402148044,-0.3338104483809279,-24.574033750680456,-0.3276597034223605,-0.10899215133368378,-0.36529041287613706,0.15219123505976095,0.1370143149284253,-0.002958579881656709,-0.3588516746411482,0.0,0.0,-0.01072628586197999,0.0,-0.08333333333333326,-0.091629399183356
2002-09-30,-0.0014151788225906792,0.016336911654599495,-0.014087880513005469,-0.017165354114406117,0.0024660619816523344,-0.09232179587153644,25.31311881188119,25.31311881188119,inf,inf,0.01741145223248619,-0.3550493245986547,-0.7995924305226818,-1.5460919384806462,0.06680046117447569,-0.2359426681367145,-0.8845089903181189,-0.8848920863309353,0.0029673590504450953,-0.23134328358208955,0.0,0.0,0.003919007184846501,0.0,0.0181818181818183,0.03408786857173429
2002-12-31,-0.008575986575979577,0.016621519626005554,0.05591123083395044,-0.04892449951669442,-0.02800020446156659,0.18258937716664092,-4.006255585344057,-4.006255585344057,-4.0,-4.0,-0.5519149542460831,-0.5137694598043385,2.1855970041768686,-1.5025403055703306,-0.03146785682291675,-0.17893217893217883,-0.041916167664670656,-0.0390625,-0.020710059171597628,-0.18446601941747576,0.0,0.0,-0.01951854261548469,0.0,0.0,0.0689298281929207
2003-03-31,-0.0011276846637074955,-0.0034266422083785164,-0.02030117004201837,0.006648054269830839,0.005146137518367677,-0.07066412067157335,-1.5504568496151199,-1.5504568496151199,-1.6666666666666667,-1.6666666666666667,-0.4523811965987302,1.0637059017012969,-0.9661807791080407,2.5094893974232635,-0.1140242073096257,0.28119507908611596,-0.94375,-0.943089430894309,0.0030211480362536403,0.30952380952380976,0.0,0.0,0.006237558062375692,0.0,0.01785714285714257,-0.010021301316808562
2003-06-30,0.036423215422053845,0.07006429289827709,0.09883511105815646,0.07300375676994664,0.016518228634588628,0.06874177745058163,1.323252707273399,1.323252707273399,1.0,1.0,3.7260858978441256,-0.5805619139664615,-7.675668449197861,-3.133360719244149,0.2745614123142506,0.2784636488340193,-12.222222222222221,-12.0,0.015060240963855609,0.2772727272727271,9212301459992980.0,0.0,-0.01925613294645201,-0.07042253521126762,0.01754385964912286,-0.0027385202210378212
2003-09-30,0.012802973404080209,-0.0647567198093596,0.020542235178106383,-0.011918311747084909,0.010134816202757468,0.02132562698573648,0.9463047015500556,0.9463047015500556,0.7500000000000002,0.7500000000000002,-0.2102817442860483,3.8340475073977656,-4.810029238594945,-1.7258313366953224,-0.1563559629058291,0.2650214592274678,1.8613861386138613,1.8181818181818183,0.011869436201780381,0.24555160142348753,-0.9999999999999999,0.0,-0.002555137170521804,1.7424242424242427,0.034482758620689724,-0.053449713136860644
2003-12-31,0.40148421765714626,0.11442344155481354,0.23500256767774919,0.1686799184388652,0.459471117553121,0.23275884321840667,0.38348345894436453,0.38348345894436453,0.2857142857142856,0.2857142857142856,0.2829433536164607,-0.5037296957371082,-1.3557950065703022,-1.8820238491012091,0.1634690487556083,0.13486005089058528,1.0830449826989619,1.096774193548387,0.31964809384164217,0.11999999999999988,-0.5460559796437658,0.0,0.0413913981394094,1.1961325966850826,-0.050000000000000044,-0.04641765528674291
2004-03-31,0.029050242463204867,-0.05301597677470893,0.06724147550963355,0.059016017488903616,0.01779384147742502,0.004896081094866611,-0.36480279149647654,-0.36480279149647654,-0.33333333333333337,-0.33333333333333337,-0.17352357295833043,1.6148987941574942,-1.0768798936327375,-2.355322721267661,-0.19042476139734865,0.0433482810164425,0.08471760797342198,0.08791208791208804,0.017777777777777892,-0.2091836734693877,-0.5257847533632287,0.0,-0.011004660797514165,0.1232704402515723,-0.0350877192982455,-0.10582930406910418
2004-06-30,-0.000884620680871806,-0.04693496128009311,0.00980501825571678,0.004945092637055115,-0.004188329688704195,0.05319163146114958,0.37909230714209086,0.37909230714209086,0.3333333333333335,0.3333333333333335,0.09355247121744581,-0.7299735274481955,77.37855495772483,-1.1380282877087518,0.03246641263187655,-0.15042979942693424,0.07810107197549776,0.08282828282828292,0.0021834061135370675,-0.1645161290322581,-0.28100866824271087,0.0,-0.0032726796701139094,0.10414333706606937,-0.018181818181818188,-0.05158272069992098
2004-09-30,0.021002755663576123,0.030589057898336103,0.041752689136150156,0.015203211924353921,0.01449972543514777,0.02926921078904865,0.13086346756291367,0.13086346756291367,0.125,0.125,0.2303628891769478,1.1693403273305236,-0.49581986947205314,-0.774238847281016,0.007099170152894851,-0.1205733558178752,-0.008522727272727293,-0.005597014925373123,0.017429193899782147,-0.12355212355212353,-0.2378342832091187,0.0,-0.0064355135277121,0.011156186612576002,-0.01851851851851849,0.015118513773222375
2004-12-31,0.042528500211237885,0.10804282601809723,0.08269006468178164,0.07172686611755519,0.02960374332902993,0.1621176028733109,0.47015387437796674,0.47015387437796674,0.44444444444444464,0.44444444444444464,0.14165759383129273,0.3746471435957801,-0.8593991616661641,0.7653475164518164,-0.06155483678280704,0.2770853307766059,0.11318051575931243,0.10506566604127587,0.025695931477516032,0.2555066079295154,0.19729651998849573,0.0,-0.012293456708526107,0.06218655967903719,0.05660377358490565,0.03388867853085964
2005-03-31,0.02476569590711364,0.07866255868957639,0.04655839455085231,0.03773357750873263,0.017390784417675276,-0.048632282012523564,-0.1582024364753779,-0.1582024364753779,-0.15384615384615385,-0.15384615384615385,-0.0749607910199881,-0.5363837742323747,5.399598810264924,9.629423479548588,0.14095041789595508,0.009009009009008917,0.13384813384813365,0.12393887945670623,0.018789144050104456,-0.01403508771929829,-0.10329089598846997,0.0,-0.007226980728051391,0.09915014164305958,0.01785714285714257,0.03943111762192508
2005-06-30,0.023336928217988495,0.13391156565064377,0.015808912081533233,0.024864663484713168,0.025957535880780203,0.045331280250685335,0.0872017610827398,0.0872017610827398,0.09090909090909083,0.09090909090909083,-0.28652132638275907,-0.324062694193192,-0.5521136199051005,-0.1953919176002613,0.0993994512626124,-0.033482142857142794,0.07604994324631109,0.07099697885196399,0.02254098360655754,-0.053380782918149405,-0.15135279935708545,0.0,0.002561337287678711,0.054982817869415834,0.01754385964912286,0.1064067179517294
2005-09-30,0.01062249075690902,0.1606290609307155,0.012483784395293629,-0.014557484733980663,0.009980957771547061,0.008924797905165205,0.4373679115365212,0.4373679115365212,0.5,0.41666666666666674,0.3782289201062574,2.3344620822096918,6.7114725614170565,-3.293842993957632,-0.2073920763014031,0.0323325635103926,0.16139240506329133,0.155148095909732,0.018036072144288484,0.011278195488721776,-0.059343434343434365,0.0,-0.000672314105150007,0.1416938110749184,0.0,0.17780372591688343
2005-12-31,0.027217020554945126,-0.041395420728915444,0.12567171703214242,0.188798073516121,-0.0068015003224796144,0.14563084224737954,-0.6483167011326338,-0.6483167011326338,-0.611111111111111,-0.588235294117647,0.011215649743828493,-1.8066464377562759,-0.09209571019064433,-3.2231884887891677,0.5817146951393519,0.01640566741237892,-0.1416893732970027,-0.1501831501831502,0.0,-0.0037174721189590088,-0.13691275167785244,0.0,-0.033100107642626386,-0.16333808844507836,0.01724137931034475,-0.19363706006939752
2006-03-31,-0.007642887002637155,-0.08707485393922942,-0.03769095692592073,-0.010176495662053364,0.004124262458942596,-0.058879807782775684,0.8372568191779899,0.8372568191779899,0.714285714285714,0.5714285714285714,0.06721581383040198,-3.075799235893268,0.059506616250573074,-1.889330284542137,-0.32707320538932216,0.019809244314013208,-0.005291005291005346,-0.010057471264367734,0.007874015748031482,0.02238805970149249,0.14968895800933124,0.0,0.011828555524631135,-0.02898550724637683,0.016949152542372836,-0.07767966916284785
2006-06-30,-0.03626155139557807,-0.09783725798743925,-0.014224306197786807,-0.02313506693714873,-0.044532191031903645,0.009344933345408535,0.024359896643861845,0.024359896643861845,0.0,0.09090909090909083,-0.38474963040155186,-1.5821744754266018,2.435167201829639,-0.9968390634359552,-0.0015363597679782792,-0.13309352517985606,-0.004255319148936176,-0.011611030478955175,-0.015625,-0.14233576642335766,-0.13290497125464995,0.0,-0.008527025168477476,-0.03511852502194912,0.03333333333333344,-0.07646631119728553
2006-09-30,0.1250531826648924,0.0414964022611668,0.585223425428959,0.6956218448623035,-0.05312821930470579,0.0935252860432787,0.016378053193738307,0.016378053193738307,0.08333333333333348,0.08333333333333348,0.16904832357202615,-3.643996555722811,-2.0678844449158644,41.50895460224906,-0.06540954021574175,-0.10622406639004156,-0.10042735042735051,-0.14537444933920696,-0.011904761904761862,-0.08936170212765959,-0.10647425897035878,0.0,-0.15841309474268273,-0.16014558689717928,0.016129032258064502,-0.3857761448628788
2006-12-31,0.027692757497238762,0.15632721823711448,0.15977842365196215,-0.35566513879889305,-0.05793189838586654,0.1418204628555475,0.3705263974279429,0.3705263974279429,0.3076923076923077,0.3846153846153846,0.4246871556530183,-0.9065678881455672,-1.13858292715805,-4.623079636306631,0.25356986121015956,0.18291550603528317,0.29334916864608074,0.21305841924398616,-0.016064257028112428,0.19626168224299056,0.29332169358358784,0.0,-0.08323718477006758,0.18851570964247033,0.015873015873015817,0.7945951719718007
2007-03-31,0.0030195116977598246,0.1225466357553393,0.00509553985539779,-0.029750040194748695,0.001362715405347048,-0.0745258936331844,-0.19590553773577624,-0.19590553773577624,-0.11764705882352955,-0.16666666666666663,0.23855040456283771,-1.469599343582437,1.3737177230985824,0.40423920862336593,0.28404698633449055,0.08477237048665631,0.0743801652892564,0.004249291784702569,0.006122448979591688,0.1015625,-0.13634829564630435,0.0,-0.001797914419273683,-0.004557885141294404,0.015625,0.1569549431581454
2007-06-30,0.02483714693151895,0.06334977443633671,0.01980059233108733,0.007917642706779526,0.02887160633429464,0.05030815074260375,0.06973612235170679,0.06973612235170679,0.06666666666666665,0.06666666666666665,-0.23138609319102788,3.3154180606536725,-0.673668006545727,0.5535734919155426,0.3436695643727843,0.15774240231548475,0.0675213675213675,0.001410437235542794,0.028397565922920975,0.15248226950354615,0.0781555295037124,0.0,0.00396253602305463,-0.003663003663003761,0.0,0.054995369894021984
2007-09-30,0.1119811737414731,0.2052164604447282,0.08445919027804205,0.0764669647072711,0.11753828429794821,0.056032121131433854,0.4740122066822763,0.4740122066822763,0.5,0.4375,0.15457755826019803,-2.911350489480639,-11.487054508203492,0.7253982479692485,0.4413040824705661,0.1875,0.1337069655724581,0.11126760563380289,0.11834319526627213,0.15384615384615374,0.1109097499093874,0.0,0.005023322569070787,0.11397058823529416,0.0,0.1196176915199687
2007-12-31,0.05007446290931927,0.07168661058802406,0.04524419219564901,0.07894028978753376,0.053210558048676804,0.1609271479025407,0.06657064026616899,0.06657064026616899,0.04166666666666674,0.0,0.3637787485455901,0.5540657709348038,-1.0771606786112669,-1.0458354138004116,-0.014034065037252463,0.12684210526315787,0.03672316384180796,0.03929024081115351,0.051146384479717755,0.008000000000000007,-0.02969004893964111,0.0,0.003034630489110901,0.03877887788778889,0.0,-0.006750871080139276
2008-03-31,-0.0030788900738597524,-0.07390833197554347,0.005987665584365143,-0.01942081680356278,-0.011732871230717978,-0.094162432970465,-0.48864254546976227,-0.48864254546976227,-0.48,-0.4347826086956522,-0.0617313215674935,-1.0491289320105202,3.903929596014252,-8.77809997021897,0.1107121016837449,-0.23867351704810835,-0.0681198910081744,-0.06707317073170738,0.005033557046979942,-0.2777777777777778,-0.2881640887693341,0.0,-0.008720412884854811,-0.061159650516282804,0.0,-0.055557991668493734
2008-06-30,0.02974022105287699,0.05356261709065446,0.004200203142194159,0.012777735236479293,0.04579193538663584,0.058735312569613285,0.40407234096370304,0.40407234096370304,0.3846153846153846,0.3846153846153846,-0.32638311125437225,-12.449649417129091,-1.349934941238927,-0.5145425050631254,0.04838879441496413,-0.0018404907975461127,-0.021198830409356773,-0.01699346405228752,0.04340567612687818,-0.003663003663003539,0.02456306093528582,0.0,0.01561938958707354,-0.013536379018612599,-0.015384615384615441,0.04030086358993423
2008-09-30,0.010590533131626279,-0.008339784195098066,0.00971533473695363,0.01846691168912451,0.009009003439750751,0.011355315941700805,0.08956785740778028,0.08956785740778028,0.11111111111111116,0.11111111111111116,0.5543303420592747,-0.37876169365443135,-3.207518770153374,0.055840365959460625,0.04873272461095235,-0.17025199754148734,-0.07094846900672136,-0.06914893617021267,0.02400000000000002,-0.20588235294117652,-0.19179345320424157,0.0,-0.0015909492663956915,-0.07547169811320742,0.015625,-0.026332232437739966
2008-12-31,0.032680697792281777,0.09643964961729057,0.07567043139021723,0.1704006235036193,-0.001200599802108182,0.0810223512161723,-0.29978092623706165,-0.29978092623706165,-0.2500000000000001,-0.35,0.10949137417275367,1.4141271809137916,-1.4023441395164573,0.45461229079271726,0.06759321848110056,-0.2407407407407407,-0.15836012861736326,-0.16571428571428581,0.012499999999999956,-0.2592592592592593,-0.2099258414147177,0.0,-0.03275495750708213,-0.16048237476808913,0.0,-0.06321048771543825
2009-03-31,0.0011528582184185954,-0.006457366407536247,-0.050135719728646166,-0.06274945213470084,0.0408579598025236,-0.2155723269062335,-0.32611186732596253,-0.32611186732596253,-0.33333333333333326,-0.23076923076923073,-0.19034990522579887,-0.6339193562932753,-1.465413186327374,0.2967201373028636,0.0821000789741404,0.08292682926829276,-0.07736389684813749,-0.07191780821917815,0.04012345679012341,0.06874999999999987,0.25198555956678703,0.0,0.03953871499176276,-0.0353591160220994,-0.04615384615384621,0.06008709693203507
2009-06-30,0.024484586060830926,0.008503173932521424,0.006067791867733874,0.0033488162499881735,0.03536928010374485,0.03382991162137916,0.05752077869211458,0.05752077869211458,0.0,0.0,-0.33496123034742753,0.9603688370342491,-2.0274171727929535,-0.7930078558967165,0.015704713185139996,0.1099099099099099,-0.1532091097308489,-0.14944649446494462,0.03115727002967361,0.07017543859649122,0.16493656286043823,0.0,0.010741327698538417,-0.10996563573883156,-0.048387096774193616,0.005123471036233562
2009-09-30,0.043467863301726695,-0.0989772663256806,0.024554807459848282,0.002183454610329205,0.05353532414137274,0.07990478155262304,0.4528923364777422,0.4528923364777422,0.4999999999999998,0.40000000000000013,0.5453822155058949,2.135141031525926,-1.2002185271828205,-10.10703065211262,-0.14081189395213278,0.20860389610389607,-0.1308068459657702,-0.12581344902386116,0.044604316546762446,0.1693989071038251,0.3905940594059407,0.0,0.009581881533101244,-0.09009009009009017,-0.03389830508474578,-0.10093681116825859
2009-12-31,0.04932183885373931,0.0944831342988286,0.04531175805572829,0.04678475891791822,0.05014263138700925,0.16560468269829398,0.30993359715608015,0.30993359715608015,0.26666666666666683,0.357142857142857,0.1363241551559231,-0.7584146532234853,-16.693696214930384,-1.8670269051007242,0.14209659067124836,0.16051040967092,0.05625879043600568,0.07196029776674928,0.0440771349862259,0.11214953271028016,0.30900676397294413,0.0,0.0008628127696288512,0.09759547383309775,-0.01754385964912264,0.045561344366125134
2010-03-31,0.024465162114147176,-0.01548418331530066,0.01603185928252615,0.018831945428343655,0.027402265817837,-0.051089151024617085,-0.045806920705793175,-0.045806920705793175,-0.052631578947368474,-0.10526315789473684,0.30603961505249067,2.050331827818232,-1.1469305871338773,-1.0585010329788047,-0.007278541416666617,0.02662037037037024,0.11717709720372849,0.12499999999999978,0.02506596306068598,-0.01680672268907568,-0.08974707642099544,0.0,0.0027586206896552667,0.10567010309278357,0.01785714285714257,-0.03365901319003406
2010-06-30,0.019786250622224832,0.016498885555595644,0.016965467265525058,0.031530659849913656,0.017985371041933984,0.034134030655729175,0.1435777453421483,0.1435777453421483,0.16666666666666674,0.17647058823529416,-0.42546605068068677,-0.2261698453300618,4.594514230232417,9.285222244021538,-0.07541029302374791,0.04565952649379956,0.13349225268176412,0.1358024691358024,0.019305019305019266,0.021367521367521514,-0.0761876307140722,0.0,-0.0017193947730398396,0.1165501165501166,0.01754385964912286,-0.014609979273039753
2010-09-30,0.032681527279682765,0.004734360467359977,0.026810781130096828,0.025521860368147298,0.034074104681467876,0.04691789256957324,0.1086303658239014,0.1086303658239014,0.09523809523809534,0.09999999999999987,0.2715693787490421,0.7477341419221817,-0.7739066296424852,0.7893068031046133,-0.1459373269174521,0.07008086253369283,0.08201892744479489,0.08333333333333326,0.030303030303030276,0.05020920502092041,-0.08279430789133257,0.0,0.0013778849466070664,0.06889352818371619,0.0,-0.020264723989328992
2010-12-31,0.06590320679970363,-0.076716980458999,0.11040835018837436,0.6901631677265465,0.03487824213336177,0.16057727529876398,0.3302385527685836,0.3302385527685836,0.3043478260869563,0.3181818181818181,0.5713185785536159,0.30579628625227406,-1.3646852811360584,-0.02696690436142235,-0.1662663097863576,0.07304785894206556,0.11175898931000972,0.10200668896321075,0.030637254901960675,0.03984063745019917,-0.03702397743300423,0.0,-0.029067767457860327,0.09082031249999978,0.01724137931034475,-0.4537361889301985
2011-03-31,0.011485899458520299,0.039775446417893656,0.014868344140310796,-0.002079651405937355,0.007055086060477889,-0.05748971191732055,-0.24088589933482774,-0.24088589933482774,-0.23333333333333328,-0.27586206896551724,-0.24960373274823988,-0.7714892776050551,-42.43820298625271,-0.9795411550738081,-0.004079979840442394,0.18356807511737094,0.030594405594405627,0.022761760242792084,0.013079667063020217,0.149425287356322,0.04906627608934455,0.0,-0.004428697962798878,0.011638316920322467,0.016949152542372836,0.041986196319018454
2011-06-30,0.03669523030944011,0.005991865486198122,0.029854051836359252,0.03810103979147961,0.03860333647385228,0.05159281867550658,0.1453343616655629,0.1453343616655629,0.17391304347826098,0.1428571428571428,-0.06287314600137295,1.4306723200329468,-1.0405327110962959,11.255325478995596,-0.0502063216726486,0.07298690995636647,0.030534351145037997,0.022255192878338326,0.03521126760563398,0.05666666666666664,0.02617801047120416,0.0,0.00177935943060481,0.01327433628318575,0.0,-0.030910763569457322
2011-09-30,0.0030560875213434535,-0.02791708726612141,0.029223845076751687,0.026412134537234788,-0.01627304010603281,0.027833558773402434,0.10824455529246424,0.10824455529246424,0.07407407407407396,0.12500000000000022,0.20966119067545574,-0.2111943982570027,-41.033483454082635,2.742220690123954,-0.1978146833628951,-0.11127541589648804,0.046090534979423836,0.03338171262699552,-0.0045351473922903285,-0.13880126182965302,-0.14829931972789112,0.0,-0.019182948490230722,0.020960698689956425,0.016666666666666607,-0.0529713309284221
2011-12-31,0.056659573895341264,0.16435519967735335,0.05251679022185618,0.040568305668976734,0.05873823015060542,0.11931847730643796,0.37380892232960017,0.37380892232960017,0.4137931034482758,0.40740740740740744,0.6979438583944215,-0.3296124784837736,-0.9102014663660242,-2.823431189256304,0.4496485486033126,-0.061564059900166446,0.06687647521636508,0.061797752808988804,0.05125284738041014,-0.05860805860805862,-0.10782747603833864,0.0,0.0019920318725099584,0.05218135158254911,0.0,0.11898556535685656
2012-03-31,-0.00825637685620817,-0.024384074052618,-0.1039774822734475,-0.14350962441970627,0.05782573404455804,-0.08611695077040149,-0.29470005264132026,-0.29470005264132026,-0.31707317073170727,-0.2894736842105263,-0.2270972952333512,-0.6811509563388671,13.599257056330817,-0.9002871727148921,0.030928688273498706,0.14361702127659592,0.009587020648967437,0.022486772486772333,0.034669555796316365,0.08949416342412442,0.04968666069829908,0.0,0.06651003072474237,0.020325203252032464,0.016393442622950838,0.13903072650721127
2012-06-30,0.028649489331371125,-0.032363531780270294,0.005418403708664199,0.03447065664887772,0.04398187356762051,0.04259891982887809,0.10679535547898755,0.10679535547898755,0.10714285714285698,0.07407407407407396,-0.26724630195215227,6.1499787604313685,-0.7545255520203438,-5.839173962993884,-0.14517910375869025,0.02248062015503871,0.0036523009495983416,0.02069857697283317,0.04502617801047126,-0.014285714285714346,-0.030277185501066173,0.0,0.014912726656499009,0.01673306772908356,0.0,-0.06456940621313412
2012-09-30,0.04424651937068513,0.01617654670971813,0.05657416798869552,0.05169659026424078,0.036594710190006596,-0.006253914933427085,-0.03568206382002548,-0.03568206382002548,-0.032258064516129115,-0.0344827586206895,0.16235794558885575,-0.2678036633293981,-0.6485620575298576,-1.2474338538126126,0.042023101323359846,-0.03411675511751322,-0.03930131004366799,-0.02281368821292773,0.03206412825651306,-0.07608695652173914,-0.07387862796833777,0.0,-0.0073468024711971225,-0.00626959247648895,-0.016129032258064502,-0.03379855389271902
2012-12-31,0.042814306514941114,0.09874456156222022,0.06552502892212764,0.06570204597496665,0.030111054264486015,0.14243159000381955,0.3888970491970789,0.3888970491970789,0.3999999999999999,0.3928571428571428,0.3209413666215304,-0.1496363898110623,2.150041084634347,2.5354382326473934,0.14257848879198476,0.0031397174254317317,-0.02651515151515149,-0.011673151750972721,0.031067961165048397,-0.027450980392156765,-0.005223171889838563,0.0,-0.012111017661900703,-0.007886435331230346,0.0,0.030978071702053578
2013-03-31,0.004349296541238612,-0.013072824266875949,-0.010285602631411428,-0.033806107843985966,0.013577987133686964,-0.10656331597831159,-0.3332137819728044,-0.3332137819728044,-0.33333333333333326,-0.33333333333333337,-0.09821421990188162,-0.3815572929491915,0.3518913100782004,-0.0052154007716904704,0.11574212357437652,-0.05086071987480423,-0.031906614785992216,-0.03149606299212593,0.016007532956685555,-0.08064516129032262,-0.058711217183770925,0.0,0.009194619444917285,-0.015103338632750374,-0.016393442622950838,0.02152261985145154
2013-06-30,0.16120995891197776,0.4253455554183381,0.42171492052505233,0.05558065574369864,-0.003120290857637764,0.04206439378822702,0.20851650719765535,0.20851650719765535,0.2142857142857142,0.23076923076923084,-0.28292452808156954,5.5220776462898105,-11.032229236231284,2.7648983561778464,0.41884752102301803,-0.035037098103874786,0.0,-0.042005420054200604,0.006487488415199305,-0.04824561403508765,-0.02687626774847862,0.07194244604316546,-0.14155559304875986,0.004842615012106588,-0.050000000000000044,0.35024374122118496
2013-09-30,0.004594801567638251,-0.04233143123325955,0.01910485683572749,0.023789133123989004,-0.01208499335989377,-0.013359458496615573,-0.16405135520684733,-0.16405135520684733,-0.17647058823529405,-0.15625,0.4590410062172081,-0.712558960389353,-1.2091369144267623,-1.1669778936571353,-0.04929577464788737,0.08073472874839815,-0.02170418006430863,-0.06364922206506374,-0.0018416206261510082,0.07373271889400934,0.054715997915580905,0.06711409395973167,-0.01650943396226434,-0.025702811244979862,-0.0350877192982455,-0.06455758169134751
2013-12-31,0.02795838751625479,0.05052593178087195,0.057822313851464635,0.0966632586671623,-0.0007169422413406679,0.2062857916591443,0.7439419795221842,0.7439419795221842,0.7499999999999998,0.7777777777777777,0.2220982142857142,-0.9150442477876106,0.2952565343659246,-2.9838274932614555,0.10286512928022362,-0.03201581027667988,0.056696795398520905,0.009063444108761365,0.01568265682656822,-0.030042918454935785,-0.02420948616600782,0.06289308176100628,-0.027977617905675323,0.025556471558120242,-0.018181818181818188,-0.04206188264538502
2014-03-31,-0.03930292918057099,-0.17843500405139479,-0.09114807596428409,-0.2062886685312315,0.006770996816286345,-0.17998891585674548,-0.6164195899995107,-0.6164195899995107,-0.6122448979591837,-0.6041666666666666,-0.3890410958904109,7.541666666666666,0.5807174887892377,-3.1739130434782608,-0.2027626409833988,0.056349530420579885,-0.06298600311041991,-0.09580838323353291,-0.0036330608537692433,0.039823008849557695,-0.0151898734177216,0.059171597633136175,0.04790296052631593,-0.06832797427652726,-0.03703703703703709,0.03509969953564607
2014-06-30,0.008876881512929424,-0.017611835153222954,0.026431278675443926,0.05605979711692477,-0.005834669517192248,0.07318853805438952,0.5025510204081634,0.5025510204081634,0.5263157894736841,0.47368421052631593,-0.06278026905829592,0.07073170731707323,-0.5366430260047281,-0.6225,-0.09601017326339212,0.02473908001546188,-0.03900414937759333,-0.04139072847682124,0.0027347310847765094,0.029787234042553123,0.08174807197943434,0.06703910614525133,-0.014518344123994664,-0.052631578947368474,0.019230769230769162,-0.06979812640190008
2014-09-30,0.013276925154147357,0.033990677662244506,0.007530852200952287,0.02477249747219412,0.015590699341427428,0.02585034013605436,-0.00339558573853993,-0.00339558573853993,0.0,0.0,0.35566188197767135,0.034168564920273425,-0.65,-1.609271523178808,0.06470898540531045,0.06601282534892494,-0.003454231433505983,-0.0017271157167531026,0.012727272727272698,0.06198347107438007,0.10076045627376429,0.0628272251308899,0.002189926338841408,-0.02003642987249543,0.018867924528301883,0.009007092198581645
2014-12-31,0.019032601936572746,0.0911297593453082,0.07826590152866864,0.15540207202762701,-0.034099430940932596,0.1686007957559681,0.9522998296422487,0.9522998296422487,0.9655172413793103,1.0357142857142851,0.3123529411764705,-1.0605726872246697,4.82798833819242,-0.21739130434782605,0.04756399669694478,0.009200283085633254,0.05285961871750433,0.04671280276816603,-0.011669658886894196,-0.0038910505836574627,0.0012953367875647714,0.05418719211822687,-0.05204608661104482,0.03159851301115246,0.0,-0.055598509875588786
2015-03-31,-0.056489048708728395,-0.2014873196466027,-0.04789803220035782,-0.1049530315969257,-0.06608512970405556,-0.20371683926798123,-0.7801047120418848,-0.7801047120418848,-0.7719298245614035,-0.7719298245614035,-0.5159121470192738,-21.2,-0.08904452226113058,-7.788194444444445,-0.3082137789689421,-0.033660589060308554,-0.02962962962962956,-0.04793388429752066,-0.043596730245231696,-0.0234375,-0.09961190168175948,0.05607476635513997,-0.010268231349539025,-0.05675675675675673,0.0185185185185186,-0.10791902351890426
2015-06-30,0.03635691682258102,0.12130860463265147,0.0946967917703978,0.19330216582387183,-0.018191598611179027,0.068412613575628,0.9325396825396826,0.9325396825396826,0.9230769230769229,0.9230769230769229,-0.04351851851851851,-0.6903690369036903,-1.3827567270730368,-1.7237851662404093,0.3224703737465815,-0.03918722786647311,-0.014418999151823653,-0.04166666666666663,-0.009496676163342821,0.0040000000000000036,0.006704980842911823,0.053097345132743445,-0.05250899851789115,-0.04393505253104113,0.0,-0.060320373769397695
2015-09-30,0.010653709853567284,-0.02484560232838784,0.0036472859901308663,-0.01567122411449584,0.018279623449718674,0.01367350341837592,-0.014373716632443578,-0.014373716632443578,0.0,0.0,0.3581800580832526,3.636627906976744,-1.3185078909612624,-1.3385159010600707,-0.08254351197656384,-0.04342900302114816,-0.01721170395869187,-0.04528985507246386,0.010546500479386323,-0.03187250996015922,-0.020456707897240745,0.050420168067226934,0.007597765363128506,-0.044955044955044876,0.0,-0.009322560596644047
2015-12-31,0.02794133862608894,0.09652762611924004,0.021504916631038817,0.04662496953943629,0.034044218352572875,0.1539726928771179,0.60625,0.60625,0.56,0.52,0.3328581610833927,-1.1855799373040752,3.2612612612612617,-3.55741127348643,0.23009015777610808,0.035925779707856265,-0.15148861646234668,-0.16129032258064502,0.030360531309297834,0.024691358024691468,0.062166100048567374,0.040000000000000036,0.005766245287203375,-0.15690376569037656,0.0,0.04767879548306153
2016-03-31,-0.01950141594439203,-0.03073756887738166,-0.06026869794500478,-0.12409778812572758,0.020482497634815466,-0.2195295794725588,-0.6523994811932555,-0.6523994811932555,-0.641025641025641,-0.631578947368421,-0.5016042780748663,-0.472972972972973,-0.5306553911205074,-0.44897959183673475,0.10306917086578093,-0.03849085365853655,-0.00515995872033026,-0.004524886877828149,0.016574585635359185,-0.0682730923694781,0.14220393232738915,0.04615384615384621,0.040793825799338546,0.013647642679900596,-0.018181818181818188,0.10658682634730532
2016-06-30,0.02279937859659098,0.13356164383561642,0.006101634525453203,0.010366826156299913,0.02619014508876827,0.09899543378995435,1.167910447761194,1.167910447761194,1.1428571428571428,1.0714285714285712,0.7253218884120172,3.1089743589743586,-0.8333333333333334,2.1555555555555554,0.29485049833887045,0.06103844629409427,0.021784232365145373,0.036363636363636376,0.0244565217391306,0.0431034482758621,0.050840672538030374,0.04411764705882337,0.003389830508474523,0.04528763769889843,-0.01851851851851849,0.12198515769944329
