Quarter end,Assets,Current Assets,Liabilities,Current Liabilities,Shareholders equity,Revenue,Earnings,Earnings available for common stockholders,EPS basic,EPS diluted,Cash from operating activities,Cash from investing activities,Cash from financing activities,Cash change during period,Cash at end of period,Price,ROE,ROA,Book value of equity per share,P/B ratio,P/E ratio,Cumulative dividends per share,Equity to assets ratio,Net margin,Asset turnover,Current ratio
1996-06-30,0.017946161515453696,-0.05973154362416111,0.017111368909512814,-0.00966850828729282,0.019783024888321732,-0.05962933118452862,-0.1428571428571429,-0.1428571428571429,-0.13475177304964536,0.2872340425531916,0.047808764940239,0.18376068376068377,0.5333333333333334,-19.5,0.03389830508474567,-0.12306261624302539,-0.0139732685297691,-0.013806706114398382,0.026973026973026837,-0.04946996466431097,0.06326889279437609,1.0476190476190474,0.0016000000000000458,0.013093289689034338,-0.02409638554216853,-0.0505344995140915
1996-09-30,0.017946161515453696,-0.05973154362416111,0.017111368909512814,-0.00966850828729282,0.019783024888321732,-0.05962933118452862,-0.1428571428571429,-0.1428571428571429,-0.13475177304964536,0.2872340425531916,0.047808764940239,0.18376068376068377,0.5333333333333334,-19.5,0.03389830508474567,-0.12306261624302539,-0.0139732685297691,-0.013806706114398382,0.026973026973026837,-0.04946996466431097,0.06326889279437609,1.0476190476190474,0.0016000000000000458,0.013093289689034338,-0.02409638554216853,-0.0505344995140915
1996-12-31,0.031537708129284914,-0.039971448965025025,0.03421727972626165,0.0976290097629009,0.025657071339173942,0.0,0.0,0.0,0.0,0.2872340425531916,0.047808764940239,0.18376068376068377,0.5333333333333334,-19.5,-0.6065573770491803,-0.02332979851537642,-0.0139732685297691,-0.013806706114398382,0.024319066147859836,-0.04946996466431097,0.06326889279437609,0.0,-0.005750798722044759,0.013093289689034338,-0.02409638554216853,-0.12538382804503578
1997-03-31,0.03797949107481968,0.06394052044609655,0.043010752688172005,-0.11054637865311312,0.02684563758389258,0.003427592116538092,-0.25,-0.25,-0.24590163934426224,0.2872340425531916,-0.7984790874524714,-0.31768953068592054,-8.08695652173913,-1.7297297297297298,1.125,0.0,-0.0139732685297691,-0.013806706114398382,0.019943019943019946,-0.026022304832713727,0.06326889279437609,0.5116279069767442,-0.01060411311053977,0.013093289689034338,-0.02409638554216853,0.19619660620245738
1997-06-30,0.030552506403219937,0.018867924528301883,0.03039915411049421,0.1100000000000001,0.030897207367795554,0.0315969257045261,0.25,0.25,0.23913043478260843,0.2872340425531916,2.9622641509433962,0.20105820105820116,-0.9631901840490797,-1.4074074074074074,-0.21568627450980393,0.042707202316322856,-0.0139732685297691,-0.013806706114398382,0.030726256983240274,0.022900763358778553,0.06326889279437609,0.33846153846153837,0.00032478077297826147,0.013093289689034338,-0.02409638554216853,-0.08213080271975726
1997-09-30,0.011539144328066797,0.004115226337448652,0.005387378142637234,0.07464607464607464,0.025360230547550433,-0.05215231788079466,0.06666666666666665,0.06666666666666665,0.07017543859649122,0.2872340425531916,0.17142857142857149,-0.31277533039647576,-16.666666666666664,-0.6363636363636364,-0.09999999999999998,0.053106560222145216,-0.0139732685297691,-0.013806706114398382,0.024390243902439046,0.02238805970149249,0.06326889279437609,0.25287356321839094,0.013636363636363669,0.013093289689034338,-0.02409638554216853,-0.06560434875293109
1997-12-31,0.014040014040014093,0.01775956284153013,0.02704771625414648,0.14251497005988023,-0.014614952220348476,0.007860262008733576,-0.7083333333333333,-0.7083333333333333,-0.6885245901639344,0.2872340425531916,-0.23170731707317072,0.10897435897435903,-0.7553191489361702,0.75,-0.19444444444444442,0.0023071852340144083,-0.0139732685297691,-0.013806706114398382,-0.014991181657848296,-0.021897810218978075,0.06326889279437609,0.201834862385321,-0.02818705957719403,0.013093289689034338,-0.02409638554216853,-0.10922260879484402
1998-03-31,0.022845275181723856,0.04630872483221471,0.01291925465838517,-0.1352201257861635,0.0456360524814603,-0.005199306759098743,1.6428571428571428,1.6428571428571428,1.5,0.2872340425531916,-0.7354497354497355,-0.10404624277456642,-6.173913043478261,-3.0,0.48275862068965525,0.026964814205853394,-0.0139732685297691,-0.013806706114398382,0.036705461056401045,0.04477611940298498,0.06326889279437609,0.16793893129770998,0.022412656558997934,0.013093289689034338,-0.02409638554216853,0.2099500576258162
1998-06-30,0.012182741116751217,0.026298909557408656,0.0009811135638950752,-0.06545454545454543,0.037097654118930734,0.014808362369338024,0.31081081081081074,0.31081081081081074,0.28421052631578947,0.2872340425531916,2.18,-0.14193548387096777,-1.3025210084033614,-1.7142857142857144,-0.2325581395348837,0.0691642651296831,0.0006161429451632117,0.010000000000000009,0.03540587219343694,0.028571428571428692,0.06326889279437609,0.14379084967320255,0.024500322372662975,0.03392568659127626,-0.024691358024691357,0.09816372969254394
1998-09-30,0.026245402875292534,0.04937499999999995,0.019603038470962897,0.27367055771725024,0.040504997369805285,-0.029184549356223166,-0.17525773195876293,-0.17525773195876293,-0.17213114754098358,-0.17355371900826444,0.5723270440251573,-0.007518796992481258,0.8055555555555556,-6.3,1.606060606060606,-0.16621743036837378,-0.07943349753694584,-0.07128712871287135,0.0408673894912428,-0.19444444444444442,-0.18181818181818177,0.12571428571428567,0.013845185651352843,-0.05156250000000007,-0.025316455696202556,-0.17607941403238248
1998-12-31,-0.042840853559211634,-0.1572364502680167,-0.052631578947368474,0.003054989816700715,-0.022244691607684497,-0.08311229000884168,-1.025,-1.025,-1.0297029702970297,-1.03,0.08800000000000008,-0.05303030303030298,2.1384615384615384,-2.0754716981132075,-0.6627906976744187,-0.04669540229885061,-0.1284280936454849,-0.11087420042643914,-0.022435897435897578,-0.0818965517241379,0.012794612794612803,0.11167512690355319,0.02141527001862209,-0.08401976935749589,-0.025974025974025983,-0.15984325652123044
1999-03-31,0.002552756977535653,0.03957597173144878,0.026636225266362334,-0.15939086294416238,-0.04653567735263697,-0.013500482160077154,-13.5,-13.5,-11.666666666666668,-11.333333333333334,-0.9338235294117647,-0.128,-1.5735294117647058,-1.456140350877193,0.896551724137931,-0.16352675207234368,-0.1980046047582502,-0.19664268585131894,-0.03360655737704921,-0.14553990610328627,-0.053856382978723305,0.10045662100456632,-0.048921300516560295,-0.17446043165467617,-0.026666666666666727,0.23675600417681864
1999-06-30,0.04583262603972171,-0.04282800815771581,0.06770447244872746,0.03864734299516903,-0.002169197396963085,0.09677419354838701,0.72,0.72,0.71875,0.741935483870968,13.333333333333334,2.871559633027523,0.7008547008547008,0.34615384615384626,0.6363636363636365,0.1333333333333333,-0.2641148325358852,-0.27462686567164185,-0.0025445292620864812,0.17032967032967017,0.4202389318341533,0.0912863070539418,-0.04568690095846639,-0.2614379084967321,-0.013698630136986356,-0.07846448271980189
1999-09-30,0.007953254341827698,-0.012073863636363646,0.0071742652163850895,0.09302325581395343,0.009782608695652284,0.06060606060606055,-0.2325581395348837,-0.2325581395348837,-0.23636363636363644,-0.22222222222222232,-0.22093023255813948,-0.8720379146919431,-1.814070351758794,-1.4285714285714286,-0.16666666666666663,-0.08227344992050878,-0.31079323797139136,-0.32510288065843607,0.010204081632653184,-0.07981220657276988,0.25531914893617014,0.08365019011406849,0.0016739203213926857,-0.33333333333333337,0.0,-0.09613975079403858
1999-12-31,0.01497584541062813,0.0704529115744068,0.044117647058823595,0.7106382978723405,-0.05328310010764259,0.054621848739495826,-2.606060606060606,-2.606060606060606,-2.6190476190476195,-2.6190476190476195,0.32835820895522394,1.4074074074074074,-0.8395061728395061,-8.4,1.48,-0.07968817669987005,-0.5037735849056604,-0.524390243902439,-0.05050505050505061,-0.08673469387755095,0.3508080409932992,0.07719298245614037,-0.0671791443850267,-0.5353982300884955,0.04166666666666674,-0.37423976213001764
2000-03-31,-0.010312549579565289,-0.07320349227669576,-0.009242957746478875,-0.07649253731343286,-0.013075611142694732,-0.030278884462151434,-2.283018867924528,-2.283018867924528,-2.2941176470588234,-2.2941176470588234,-0.46816479400749067,-0.3153846153846154,6.1923076923076925,-2.2072072072072073,-0.7204301075268817,-0.002823529411764669,0.9239543726235742,0.8717948717948718,0.0035460992907803135,0.05027932960893855,1.096002334403268,0.07166123778501632,-0.002866356144751059,0.8095238095238093,0.026666666666666616,0.003563714902807824
2000-06-30,0.0014427701186277009,0.10507246376811596,-0.0028876055086628494,-0.22962962962962963,0.012672811059907918,0.08134757600657361,0.2647058823529411,0.2647058823529411,0.27272727272727293,0.27272727272727293,0.6619718309859155,-0.8539325842696629,-0.4331550802139037,-1.873134328358209,2.25,0.1595092024539877,0.49011857707509865,0.4657534246575341,0.011484098939929188,0.1542553191489362,-0.4102742586662954,0.06686930091185395,0.011139058569888505,0.4157894736842105,0.038961038961039085,0.4344129990315293
2000-09-30,0.051224587802145116,-0.0019672131147541183,0.06683002895967927,0.022727272727272707,0.011376564277588264,0.053951367781154946,0.12790697674418605,0.12790697674418605,0.1339285714285714,0.1339285714285714,-0.21610169491525422,20.0,-0.9339622641509434,-1.811965811965812,-0.5621301775147929,-0.12128612128612126,0.49336870026525226,0.4579439252336448,0.011353711790393017,-0.12903225806451613,-0.41406987724268174,0.06267806267806275,-0.03802416488983651,0.4237918215613383,0.02499999999999991,-0.02408102025506398
2000-12-31,-0.0025887010811633804,0.0006570302233903647,-0.010649404886197589,0.07521367521367517,0.01912260967379087,-0.010814708002883977,-0.4639175257731959,-0.4639175257731959,-0.4645669291338582,-0.4645669291338582,0.44864864864864873,-0.6703296703296704,20.571428571428573,-1.2842105263157895,0.3648648648648649,0.0037054191755443444,0.5195381882770869,0.5160256410256412,0.021588946459412783,-0.01058201058201047,-0.32594681708299755,0.05898123324396787,0.02179534540081285,0.49608355091383793,0.012195121951219523,-0.06933661311399786
2001-03-31,-0.005038167938931304,0.03676953381483905,-0.006753904601097482,-0.18441971383147848,-0.0005518763796908965,-0.020408163265306145,-0.28846153846153844,-0.28846153846153844,-0.2941176470588236,-0.2941176470588236,-1.462686567164179,-0.23333333333333328,-1.9072847682119205,-3.074074074074074,-0.5544554455445545,0.11998154130133809,-0.11163062536528345,-0.11205073995771664,-0.00591715976331364,0.09625668449197855,-0.26539151225343705,0.05569620253164542,0.004699927693420092,-0.12390924956369975,0.012048192771084265,0.27116544148013544
2001-06-30,-0.012735921436243691,0.048765041165294454,0.025074373140671513,0.11793372319688111,-0.11098840419657652,0.04315476190476186,-4.972972972972973,-4.972972972972973,-5.0,-5.0,-2.5161290322580645,3.579710144927536,0.11678832116788329,-1.4464285714285714,0.5555555555555556,0.05315203955500625,-0.8532894736842105,-0.8571428571428572,-0.11224489795918369,0.05853658536585371,0.17168429617575276,0.052757793764987904,-0.09967614249730117,-0.8585657370517928,0.0,-0.06185834957764791
2001-09-30,-0.004196456325769371,-0.005434782608695676,-0.010986733001658422,-0.04184829991281602,0.016149068322981464,-0.024964336661911557,-1.1564625850340136,-1.1564625850340136,-1.1614583333333333,-1.1614583333333333,-0.07978723404255317,-0.8037974683544304,-1.6928104575163399,-0.8,0.0714285714285714,-0.24491392801251954,-1.9147982062780269,-1.9,0.016283524904214586,-0.14746543778801835,4.25625,0.0,0.020383693045563644,0.0,0.011904761904761862,0.037955395484138954
2001-12-31,-0.04916497580771029,-0.11111111111111116,-0.01278557954307269,-0.12647861692447682,-0.15525672371638144,-0.06583760058522314,-4.826086956521739,-4.826086956521739,-4.67741935483871,-4.67741935483871,0.12138728323699421,0.22580645161290325,0.19811320754716988,-2.8,-0.12,-0.04922279792746109,4.328431372549019,4.092592592592593,-0.15268614514608858,-0.06486486486486487,0.0,0.05011389521640108,-0.1112416764590679,0.0,0.0,0.017616442012545086
2002-03-31,-0.009356533158240365,0.023224043715847076,-0.007855626326963905,-0.048958333333333326,-0.01447178002894356,-0.03210649960845735,-1.0681818181818181,-1.0681818181818181,-1.0614035087719298,-1.0614035087719298,-0.5463917525773196,-0.3026315789473685,-0.8425196850393701,-2.666666666666667,0.2272727272727273,0.18256130790190728,0.26586936522539095,0.19999999999999996,-0.020022246941045596,0.3930635838150289,0.0,0.04772234273318876,-0.005288673424415968,0.0,0.0,0.07586885245901653
2002-06-30,0.024855012427506207,0.07743658210947935,0.011983736357800145,0.14567360350492886,0.06901615271659334,0.12864077669902918,6.333333333333333,6.333333333333333,7.285714285714285,7.285714285714285,1.8068181818181817,0.1132075471698113,8.75,-1.4666666666666668,-0.0864197530864198,0.06405529953917055,-0.9251453488372093,-0.9272727272727272,0.0692395005675368,0.08713692946058083,0.0,0.04554865424430643,0.042977403633141176,0.0,0.0,-0.05954775400743584
2002-09-30,-0.013742926434923253,-0.028500619578686548,-0.01733981814337071,0.031548757170172026,-0.002060439560439553,-0.01505376344086018,-0.4545454545454546,-0.4545454545454546,-0.4655172413793103,-0.4655172413793103,-0.21862348178137647,0.2881355932203389,-0.4717948717948718,-3.0,0.18918918918918926,-0.06886097877869202,-0.03883495145631066,-0.04166666666666663,-0.002123142250530785,-0.12977099236641232,0.0,0.0435643564356436,0.011894647408666081,0.0,0.0235294117647058,-0.05819831497083605
2002-12-31,0.028360655737704965,-0.024872448979591844,0.07639337206800079,0.13438368860055605,-0.125258086717137,-0.04294032023289662,-1.5416666666666665,-1.5416666666666665,-1.5483870967741935,-1.5483870967741935,0.4145077720207253,2.6710526315789473,-0.9514563106796117,-1.7857142857142856,-0.125,-0.11720930232558135,-5.444444444444444,-5.304347826086957,-0.12340425531914889,-0.11403508771929816,0.0,0.041745730550284854,-0.14945424013434083,0.6197183098591548,0.0,-0.1403798513625103
2003-03-31,0.010521281683405048,0.06801831262262925,0.010595761695321837,0.29738562091503273,0.010228166797797034,0.09581749049429655,-2.6153846153846154,-2.6153846153846154,-2.5882352941176467,-2.5882352941176467,-1.6153846153846154,-0.989247311827957,-35.0,-0.9090909090909091,-0.012987012987012991,-0.12697576396206534,0.26363636363636367,0.23232323232323226,0.00728155339805836,-0.004950495049505066,-0.4457656229356586,0.04007285974499086,0.0,0.19999999999999996,0.02298850574712641,-0.17683317323086778
2003-06-30,0.002524057422306436,0.018983466013472228,-0.005539070227497556,-0.038413098236775856,0.03426791277258556,0.027758501040943795,0.6666666666666667,0.6666666666666667,0.7037037037037037,0.7037037037037037,-1.4345238095238095,18.666666666666668,-1.1235294117647059,6.0,-0.09210526315789469,-0.052504526252263206,-0.09712230215827333,-0.12295081967213128,0.033734939759036076,-0.05970149253731338,-0.24386174016686535,0.038528896672504365,0.031589338598223105,-0.1376811594202898,0.011235955056179803,0.05971020130312166
2003-09-30,-0.10275373721479153,-0.09014423076923073,-0.062263775611696826,-0.06876227897838905,-0.25602409638554213,-0.024983119513842023,-10.6,-10.6,-10.456521739130434,-10.456521739130434,0.9315068493150684,0.0847457627118644,3.428571428571429,1.2857142857142856,-0.23188405797101452,0.08407643312101909,-5.792828685258964,-5.4392523364485985,-0.2552447552447553,0.04761904761904767,0.23360655737704938,0.03709949409780777,-0.17081339712918653,0.0,0.022222222222222143,-0.02294209415435433
2003-12-31,0.0925990880392844,0.3276089828269484,0.1003394145099703,0.03867791842475388,0.055668016194331926,-0.006925207756232732,-1.0297619047619047,-1.0297619047619047,-1.0275862068965518,-1.0275862068965518,0.4042553191489362,-0.46875,-4.666666666666666,-32.5625,9.528301886792454,0.04289071680376022,-0.03325020781379884,-0.07578947368421052,0.05477308294209715,0.404040404040404,0.0,0.03577235772357712,-0.034045008655510745,0.0,0.021739130434782483,0.27820043204658584
2004-03-31,-0.0746388443017657,-0.21194029850746265,-0.08020050125313283,-0.3838862559241706,-0.046979865771812124,0.11366806136680618,-1.6,-1.6,-1.5833333333333335,-1.5833333333333335,-1.1717171717171717,0.8529411764705883,-2.228739002932551,-2.021782178217822,-0.9247311827956989,0.1509859154929578,0.1732588134135855,0.12528473804100226,-0.04747774480712175,0.08992805755395694,0.0,0.03453689167974883,0.029868578255675127,0.0,0.05319148936170226,0.2790800205746198
2004-06-30,0.007458803122289748,0.08396464646464641,-0.0016767973171243344,0.10879120879120885,0.05130784708249503,0.049467752035065704,-15.0,-15.0,-16.42857142857143,-16.285714285714285,-7.352941176470588,0.015873015873015817,-0.8878281622911695,-1.2034883720930232,2.5,0.08712677435144411,-0.10699890069622564,-0.14574898785425094,0.04517133956386288,0.14191419141914197,0.0,0.03338391502276172,0.04350348027842221,0.0,0.06060606060606055,-0.022404779686333032
2004-09-30,-0.03391873278236912,-0.09551543389633077,-0.04010077682133106,-0.05946481665014869,-0.005741626794258381,-0.01610978520286399,-0.5476190476190477,-0.5476190476190477,-0.5370370370370371,-0.5420560747663552,-0.44907407407407407,-1.78125,1.9148936170212765,-0.6952380952380952,0.217687074829932,0.012606933813597454,-1.5018465326220762,-1.5094786729857819,-0.005961251862891204,-0.03179190751445082,0.0,0.032305433186490484,0.029460811561978772,0.6638655462184875,0.03809523809523818,-0.03831462654992057
2004-12-31,0.04651577258955619,0.13844172569220858,0.025371828521434825,0.15806111696522662,0.13955726660250245,0.00545785324439052,0.42105263157894735,0.42105263157894735,0.3799999999999999,0.40816326530612246,0.6218487394957983,-2.42,-1.1751824817518248,3.5625,0.8156424581005586,0.14539795464650962,0.30417007358953385,0.37209302325581395,0.11844077961019495,0.15223880597014916,-0.18221313570150788,0.031294452347083945,0.08855291576673863,0.303030303030303,0.04587155963302725,-0.016987473266116715
2005-03-31,0.02162806539509532,0.09954751131221728,-0.007252559726962482,-0.031847133757961776,0.13597972972972983,0.06272617611580222,2.0,2.0,1.956521739130435,1.8985507246376816,-0.47150259067357514,-0.2816901408450704,-0.29166666666666663,-0.5342465753424658,0.20923076923076933,0.08889751552795033,0.8376175548589344,0.9694915254237289,0.12198391420911525,-0.025906735751295318,-0.1959375,0.030344827586206824,0.11210317460317465,0.941860465116279,0.01754385964912286,0.13576179523839116
2005-06-30,-0.07167861310218371,-0.05504115226337447,-0.12720240653201542,0.009398496240601517,0.12044609665427508,-0.005675368898978461,0.27160493827160503,0.27160493827160503,0.25,0.2549999999999999,0.0490196078431373,-8.568627450980392,-38.94117647058823,-3.235294117647059,-0.38676844783715014,-0.035650623885918,0.23712043671102,0.37349397590361444,0.10513739545997614,-0.14095744680851063,-0.5052467936261174,0.02945113788487297,0.2069580731489742,0.34530938123752497,0.01724137931034475,-0.06387170926605001
2005-09-30,0.00035913090321426644,0.003810560696788201,-0.02117183653372723,-0.04562383612662946,0.058394160583941535,0.0365296803652968,-0.40291262135922334,-0.40291262135922334,-0.40784313725490196,-0.40239043824701193,0.5420560747663552,-1.2720207253886011,-0.9767441860465116,-1.2960526315789473,0.18672199170124482,-0.05286506469500918,0.06756756756756754,0.18671679197994995,0.058378378378378226,-0.14241486068111453,-0.2922230950510605,0.02860858257477239,0.058019216555802,0.1572700296735905,0.025423728813559254,0.05180074836295612
2005-12-31,0.036259199425596744,0.04338394793926237,0.04652917505030185,0.025365853658536608,0.010658307210031248,-0.0479074889867841,-0.46341463414634143,-0.46341463414634143,-0.4635761589403973,-0.4666666666666667,1.393939393939394,1.361904761904762,-7.4,4.4,0.8321678321678321,-0.06206088992974235,-0.050116249031258,0.026399155227032622,0.008171603677221695,-0.1155234657039711,-0.2042175360710322,0.027812895069532217,-0.02479916171847707,0.011538461538461497,0.016528925619834656,0.017565314063368476
2006-03-31,0.0015589814654426437,0.0025987525987525295,-0.023071377072819033,-0.05137963843958138,0.06513647642679898,0.04279930595720072,0.5909090909090908,0.5909090909090908,0.5802469135802468,0.5874999999999999,-0.9063291139240506,-0.6935483870967742,-1.0,-1.1604938271604939,-0.07442748091603058,0.052018310445276716,-0.15420179494152852,-0.09362139917695467,0.06382978723404253,0.04489795918367334,0.03486750348675027,0.027060270602705883,0.06375358166189105,-0.10773130544993659,0.016260162601626105,0.05692122801267341
2006-06-30,0.03804911795226573,0.09797822706065329,0.02091020910209096,0.05616850551654973,0.07862550960978454,0.06988352745424287,0.08571428571428563,0.08571428571428563,0.0859375,0.07874015748031504,2.4054054054054053,0.19736842105263164,-inf,-1.3076923076923077,0.024742268041237025,0.06962025316455689,-0.2254019292604501,-0.19863791146424525,0.07238095238095243,0.0078125,0.19811320754716988,0.026347305389221587,0.03905723905723901,-0.2031250000000001,0.008000000000000007,0.0395906553648957
2006-09-30,0.010663112295901334,0.019357884796978198,0.0033734939759035854,0.005698005698005604,0.02699784017278617,0.019180922757905616,-0.16666666666666663,-0.16666666666666663,-0.16546762589928055,-0.16058394160583955,-0.4444444444444444,0.23076923076923084,0.0,-6.583333333333333,-0.13480885311871227,-0.04400887573964485,-0.10917393109173923,-0.0892351274787535,0.026642984014209725,-0.10852713178294582,0.17772778402699663,0.025670945157526104,0.01620220349967605,-0.08734402852049905,0.0,0.013572635974942848
2006-12-31,0.017639301022090326,0.12181565539601658,-0.004803073967339144,0.0,0.06677181913774977,-0.10885045778229907,0.0,0.0,0.0,-0.017391304347826098,4.371428571428571,-2.6517857142857144,1.04,-8.597014925373134,1.1837209302325582,0.11141199226305609,0.016309412861136963,0.059097978227060644,0.049307958477508684,0.0826086956521741,0.19579751671442214,0.025028441410694047,0.048150510204081565,0.072265625,-0.015873015873015928,0.12184235051748682
2007-03-31,-0.009233759922242069,-0.01651527663088359,-0.03209459459459463,-0.062322946175637384,0.037456875308033544,0.024543378995433685,-0.18947368421052635,-0.18947368421052635,-0.2068965517241378,-0.19469026548672552,-1.175531914893617,-1.491891891891892,-2.0,-1.2082514734774068,-0.11288604898828536,0.0643926209537069,-0.11416781292984857,-0.08076358296622599,0.03132728771640547,0.012048192771084265,-0.007188498402555865,0.02441731409544956,0.04715546090660183,-0.06739526411657548,-0.016129032258064502,0.048839141270604625
2007-06-30,0.020274689339437435,0.04995801847187242,0.014709548740962308,0.10775427995971798,0.030878859857482288,0.055710306406685284,0.36363636363636354,0.36363636363636354,0.34782608695652173,0.34065934065934056,-3.5,-0.39560439560439564,-1.9607843137254903,-1.5471698113207548,0.06962785114045622,0.08567691301504277,-0.06159420289855089,-0.033546325878594296,0.031974420463629194,0.051587301587301626,0.17135961383749,0.024918743228602436,0.01045903544450888,-0.01953125,-0.016393442622950838,-0.05219276304819076
2007-09-30,-0.04727564102564108,-0.08156737305077966,-0.028501228501228493,-0.023636363636363678,-0.08248847926267278,-0.043271767810026396,-0.8095238095238095,-0.8095238095238095,-0.8064516129032258,-0.8032786885245902,0.8909090909090909,1.7818181818181817,4.551020408163265,-2.896551724137931,-0.12345679012345678,0.008734939759036164,-0.21014892443463873,-0.19834710743801653,-0.04802478698683199,-0.02264150943396226,0.043269230769230616,0.02325581395348819,-0.03709028177113294,-0.18525896414342635,-0.008333333333333304,-0.05933321604503872
2007-12-31,0.010765349032800575,-0.0017414018284719335,-0.006828528072837625,0.04469273743016755,0.04570567553992966,-0.26806398234969664,3.9000000000000004,3.9000000000000004,4.083333333333333,4.0,0.028846153846153744,-0.7647058823529411,-0.34558823529411764,-1.9727272727272727,0.1370038412291934,-0.04598387578381613,0.0034916201117318746,0.01855670103092777,0.06183889340927595,0.0038610038610038533,0.20210664911125753,0.022727272727272707,0.03463720513586144,0.07334963325183375,-0.05882352941176461,-0.04441950717725729
2008-03-31,-0.0337826593443169,-0.027038813781072868,-0.0043290043290042934,-0.012477718360071277,-0.08933717579250722,0.3014318010550112,0.3571428571428572,0.3571428571428572,0.39344262295081966,0.3999999999999999,-1.1651090342679127,-6.055555555555555,0.2640449438202248,-1.8878504672897196,-0.10698198198198194,-0.029107981220657275,0.21781489213639516,0.2004048582995952,-0.046743295019157194,-0.08461538461538465,-0.048192771084337505,0.022222222222222143,-0.05743145743145739,0.19817767653758533,0.008928571428571175,-0.01477711992953945
2008-06-30,0.004133654839820977,-0.0443747198565666,-0.02352941176470591,-0.0009025270758122872,0.06118143459915615,0.0619571511291257,-0.13533834586466165,-0.13533834586466165,-0.11176470588235288,-0.11904761904761907,-3.490566037735849,-1.9670329670329672,-0.16888888888888887,1.431578947368421,-0.29129886506935687,0.1318504190844616,0.04800000000000004,0.04721753794266448,0.0586816720257235,0.18487394957983194,-0.0690448791714614,0.021739130434782705,0.056644213104715346,0.03802281368821303,0.008849557522123908,-0.043506332257263525
2008-09-30,-0.05162950257289878,-0.17213883677298314,-0.028548978522786816,-0.0794941282746161,-0.09542743538767395,-0.008178844056706658,-0.13043478260869568,-0.13043478260869568,-0.10596026490066224,-0.10135135135135132,0.6212121212121211,-0.14204545454545459,0.53475935828877,-0.025974025974025983,-0.400355871886121,-0.12873825121048132,0.2453653217011995,0.23993558776167467,-0.04783599088838275,-0.17730496453900713,-0.17799752781211364,0.021276595744680993,-0.04607360185453502,0.21794871794871806,0.01754385964912286,-0.10062827768835347
2008-12-31,-0.04485440405136554,-0.19376770538243626,0.0051226745753572,-0.18351324828263005,-0.14670329670329674,-0.2600329851566795,-1.02,-1.02,-1.0222222222222221,-0.9924812030075187,0.6822429906542056,0.5298013245033113,-0.7212543554006969,-1.2222222222222223,0.1483679525222552,-0.3373651520104609,-0.16768826619964972,-0.1987012987012987,-0.14673046251993616,-0.30172413793103436,-0.46466165413533833,0.02083333333333326,-0.10662211421628198,-0.2270676691729323,0.034482758620689724,-0.012585878413486573
2009-03-31,-0.015906078394243517,-0.08432888264230498,-0.014484978540772575,-0.07572115384615385,-0.019317450096587252,-0.16121842496285288,-2.0,-2.0,-2.0,2.0,-0.7722222222222223,-0.5324675324675325,-0.7375,-1.94,-0.12144702842377264,-0.3596447952639368,-0.3450815360336664,-0.36142625607779577,-0.020560747663551315,-0.25308641975308654,-0.1896067415730338,0.020408163265306145,-0.003400204012240504,-0.31712062256809337,-0.06666666666666654,-0.009296614629012434
2009-06-30,0.030594573792572577,0.07828089025326168,0.029123571039738616,-0.06762028608582571,0.034143138542350515,0.10983170947741372,31.5,31.5,28.666666666666668,28.666666666666668,2.1097560975609757,0.09259259259259256,0.2857142857142858,-3.3404255319148937,0.32352941176470584,0.386748844375963,-0.1807228915662651,-0.21573604060913698,0.03435114503816794,0.42148760330578505,1.1889081455805894,0.020000000000000018,0.003411804844762667,-0.15384615384615385,-0.07142857142857151,0.15651558073654392
2009-09-30,0.03696788648244964,0.12455516014234869,0.033853477915895214,0.15481171548117145,0.04444444444444451,0.06703910614525133,0.5538461538461539,0.5538461538461539,0.5730337078651684,0.5505617977528088,0.29803921568627456,-0.2627118644067796,-0.03703703703703709,0.9818181818181819,0.48444444444444446,0.2566666666666668,0.03431372549019618,0.003236245954692629,0.04335793357933593,0.21511627906976738,0.5851148060174187,0.019607843137254832,0.007140428425705725,0.10437710437710446,-0.08653846153846156,-0.026229842825066352
2009-12-31,-0.007021966150522196,0.09810126582278489,0.02379125095932455,-0.033816425120772986,-0.08024316109422491,-0.006731488406881092,-1.316831683168317,-1.316831683168317,-1.3142857142857143,-1.318840579710145,-0.7280966767371602,-0.3563218390804598,-4.538461538461538,-0.42201834862385323,0.18712574850299402,0.23563218390804597,-0.17535545023696686,-0.18709677419354842,-0.07692307692307698,0.1818181818181821,0.20879120879120872,0.019230769230769384,-0.07393652937204598,-0.17987804878048785,-0.021052631578947323,0.1365684938685674
2010-03-31,0.024116047144152386,0.08184438040345832,0.019240379810094854,0.08749999999999991,0.03701255783212165,0.17771084337349397,-4.15625,-4.15625,-4.159090909090908,-4.113636363636363,-3.5,-0.1607142857142857,-1.4130434782608696,-3.4603174603174605,-0.3909205548549811,0.07835420393559933,0.7149425287356324,0.6904761904761905,0.03831417624521083,0.17004048582995956,0.3392561983471074,0.018867924528301883,0.012759752096245025,0.5947955390334572,0.06451612903225801,-0.005210254518627777
2010-06-30,0.026735127478753506,0.017048481619605704,0.010541799460652035,0.01839080459770126,0.06883365200764824,0.10230179028132991,0.4653465346534653,0.4653465346534653,0.474820143884892,0.4744525547445255,-1.9155555555555557,3.4680851063829783,0.18421052631578938,-0.8419354838709677,-0.0993788819875776,0.0384870603848706,0.33109919571045565,0.32629107981220673,0.07103321033210319,0.0,-0.39648256710891694,0.01851851851851838,0.04103671706263512,0.2447552447552448,0.07070707070707072,-0.0013441483198147752
2010-09-30,0.03276426970167279,0.10057621791513882,0.013828238719068464,0.060948081264108334,0.07930828861061423,0.0029002320185613772,0.14864864864864868,0.14864864864864868,0.1560975609756099,0.15346534653465338,0.5339805825242718,-0.6857142857142857,-0.0444444444444444,-5.224489795918367,0.4758620689655173,0.005750798722044648,0.18680765357502516,0.19292035398230079,0.08096468561584858,-0.06228373702422152,-0.2566462167689162,0.0181818181818183,0.044951590594744184,0.14232209737827706,0.04716981132075482,0.03736192332683563
2010-12-31,-0.0005009183503088543,-0.025702046644454968,0.043072505384063264,0.13829787234042556,-0.1011049723756906,-0.5228455754771544,-0.888235294117647,-0.888235294117647,-0.8987341772151899,-0.9227467811158798,-0.120253164556962,0.803030303030303,5.627906976744186,-1.608695652173913,-0.19626168224299068,0.25635324015247773,0.11243105642766227,0.10979228486646897,-0.08366533864541836,0.16236162361623618,0.030261348005502064,0.018668831168831224,-0.10059563203176713,0.2295081967213115,-0.0990990990990992,-0.1440651424992171
2011-03-31,0.003842298696959512,0.1890571568148509,-0.0383115393438862,-0.014018691588784993,0.11677934849416105,1.1309090909090909,10.578947368421053,10.578947368421053,11.958333333333334,15.88888888888889,-1.5251798561151078,-3.5798319327731094,-0.8701754385964913,-1.9841269841269842,0.24031007751937983,0.16890012642225027,0.2261632341723876,0.25267379679144386,0.11130434782608689,0.2761904761904761,0.04606141522029361,0.019123505976095467,0.11258278145695377,0.23066666666666658,0.020000000000000018,0.20594846061366368
2011-06-30,0.017473789316025945,0.030402629416598215,0.003578244274809128,0.12985781990521317,0.049532195927352696,0.0722411831626848,-0.040909090909090895,-0.040909090909090895,-0.041800643086816636,-0.042763157894736836,-2.417808219178082,-1.2605863192182412,2.5945945945945947,-1.0483870967741935,-0.009375000000000022,0.1051265412070086,0.0771384136858475,0.09818569903948782,0.06259780907668233,-0.004975124378109319,-0.13848117421825146,0.01798279906176714,0.03141534391534395,0.08342361863488645,0.009803921568627416,-0.08803259503272509
2011-09-30,0.011285574092247286,-0.06140350877192979,0.015925837889232186,0.007550335570469802,0.001048767697954922,-0.03872679045092842,-0.2180094786729858,-0.2180094786729858,-0.6006711409395973,-0.6013745704467355,0.024154589371980784,2.0375,0.1729323308270676,30.0,-0.2933753943217665,-0.16069680955177135,-0.021657522379439853,-0.01554907677356665,0.02209131075110471,-0.20999999999999996,-0.24888888888888883,0.019969278033794113,-0.01025969862135312,-0.02100000000000002,0.0,-0.0684410646387833
2011-12-31,0.0001617337861878898,-0.022090059473237056,0.009358914365933613,-0.07243963363863448,-0.020429544264012556,-0.049116997792494455,-0.3939393939393939,-0.3939393939393939,-0.39495798319327735,-0.34482758620689646,0.6603773584905661,-0.4814814814814815,-0.3782051282051282,-1.6935483870967742,0.2879464285714286,-0.11590485074626877,0.0953364817001181,0.12240868706811447,-0.016570605187319898,-0.13607594936708867,-0.11538461538461542,0.01957831325301207,-0.020408163265306034,-0.009193054136874323,0.13592233009708732,0.05428571428571427
2012-03-31,0.0011319534282017152,-0.01650738488271064,-0.03430690774223455,-0.10502692998204666,0.08288770053475947,0.05687753917585603,0.5800000000000001,0.5800000000000001,0.5972222222222221,0.47368421052631593,-0.9460227272727273,-0.9206349206349207,-0.8247422680412371,-1.062015503875969,-0.013864818024263426,0.24373516222632552,-0.11371597952034485,-0.09586631486367625,0.07545787545787541,0.2637362637362639,0.0735785953177257,0.019202363367799125,0.08167989417989419,-0.09690721649484546,0.0,0.09891598915989164
2012-06-30,0.3836213858827331,1.0450530035335688,0.5465674507921268,-0.09829488465396186,0.04839506172839503,0.0175727622185613,0.13291139240506333,0.13291139240506333,0.1304347826086958,0.1339285714285714,15.631578947368421,-0.09999999999999998,-125.94117647058823,-304.875,4.272407732864675,0.029268292682926855,-0.0763149893584677,-0.13618677042801552,0.04632152588555849,-0.04057971014492756,0.12149532710280364,0.018840579710144967,-0.24243350657291352,-0.04680365296803646,-0.0940170940170939,1.2680112735599787
2012-09-30,0.359444314732664,-0.4226781857451404,0.3402141859382275,0.6284760845383759,0.41780499293452666,0.21910415542363726,-0.13966480446927376,-0.13966480446927376,-0.22307692307692306,-0.22047244094488194,0.11708860759493667,307.44444444444446,-1.1610169491525424,-2.1365693130399013,-0.921,0.08942921903976919,-0.13791968400263332,-0.18355855855855863,0.27799479166666674,0.0392749244712991,0.13611111111111107,0.01849217638691325,0.04317998385795008,-0.07544910179640718,-0.1132075471698114,-0.6454894955535707
2012-12-31,-0.0022327179046801593,-0.029554807332585087,-0.005095541401273884,-0.06830601092896171,-0.022259136212624542,-0.03984063745019917,-1.3506493506493507,-1.3506493506493507,-1.3564356435643563,-1.3636363636363638,0.2464589235127479,-0.9398414985590778,-0.23684210526315785,-1.004343105320304,0.05063291139240511,0.14582939285038776,-0.33906071019473083,-0.3655172413793103,-0.02598064187468152,-0.1017441860465117,0.19233903830480847,0.020949720670391025,-0.02011605415860729,-0.30181347150259064,-0.0957446808510638,0.041625588782999046
2013-03-31,0.0058524830019794916,0.05512721665381659,-0.010708881387498592,-0.05205278592375362,0.05504587155963292,0.0636237897648686,-5.574074074074074,-5.574074074074074,-5.444444444444445,-5.361111111111112,-0.9886363636363636,-0.5029940119760479,-1.0383141762452108,-6.916666666666667,-0.285140562248996,0.1756355232750082,0.08723281340265743,0.050000000000000044,0.04864016736401666,0.2038834951456312,0.611756664388243,0.020519835841313228,0.048953809711804075,0.13543599257884953,-0.07058823529411762,0.11305079398464613
2013-06-30,0.006417386840078754,0.036901717208622564,-0.012942699141075376,0.012374323279195742,0.05958132045088571,0.057650628521889846,0.06882591093117418,0.06882591093117418,0.06874999999999987,0.07643312101910826,71.4,0.3012048192771084,-21.0,-1.788732394366197,0.3146067415730338,-0.030468969390620604,0.05154091392136029,0.0828157349896479,0.06384039900249361,-0.07526881720430112,-0.1560644614079728,0.020107238605898248,0.05269100489273626,0.08823529411764719,0.0,0.02423469387755106
2013-09-30,-0.0029756844074136923,-0.02501761804087388,-0.03945643104064844,0.010695187165775444,0.09057750759878425,-0.041803278688524625,0.16666666666666674,0.16666666666666674,0.16959064327485374,0.16568047337278102,0.1795580110497237,0.08333333333333326,0.635,-1.2142857142857142,-0.05128205128205132,0.10543084721216522,0.1960586154623547,0.25047801147227533,0.09282700421940926,0.04069767441860472,-0.014070351758793898,0.019710906701708275,0.09402931712549156,0.24174174174174157,0.0,-0.03533047368663811
2013-12-31,0.01006224950967849,0.026382363570654155,-0.010920824025812848,0.11111111111111116,0.05797101449275366,-0.03122326775021389,0.12337662337662336,0.12337662337662336,0.1299999999999999,0.12182741116751261,0.17798594847775173,0.2735042735042734,0.04587155963302747,-2.25,0.06756756756756754,0.019127472815406943,0.4288128432615126,0.5152905198776758,0.06821106821106815,-0.06703910614525144,-0.18603465851172274,0.022551546391752497,0.04738562091503273,0.5066505441354294,0.012658227848101333,-0.07626105665790106
2014-03-31,0.00861122836639927,0.03838028169014085,0.021204516938519546,-0.14353741496598638,-0.017650158061116916,0.017660044150110465,-0.3265895953757225,-0.3265895953757225,-0.3185840707964601,-0.31221719457013575,-1.0596421471172963,-0.20134228187919467,-1.286549707602339,-4.466666666666667,-0.21940928270042193,0.04062218794189487,-0.054701360141927946,-0.017154389505549927,-0.003212851405622441,-0.026946107784431073,-0.3187226048841578,0.022054190296156184,-0.026209048361934495,-0.012038523274478297,-0.012499999999999956,0.21237060041407863
2014-06-30,0.024357579308613042,0.012546625974906744,0.017201130359995043,0.011914217633042012,0.04102976669348357,0.06724511930585675,0.2532188841201717,0.2532188841201717,0.2727272727272727,0.26973684210526305,-14.966666666666667,2.403361344537815,-1.2755102040816326,-0.8076923076923077,-0.05405405405405406,0.06880790611488563,-0.016265248670628618,0.013347022587268942,0.04875100725221593,0.0738461538461539,0.07628676470588225,0.02157829839704073,0.016340916372957315,0.022745735174654946,-0.012658227848101222,0.0006403961917773593
2014-09-30,-0.008416407909789148,-0.0321500334896182,-0.01485686677134923,0.09733124018838302,0.00489438433797007,-0.019105691056910623,-0.2808219178082192,-0.2808219178082192,-0.2806122448979592,-0.27979274611398963,0.33651551312649164,-0.5209876543209877,10.925925925925926,-4.7,0.21142857142857152,-0.033633841886269056,-0.10174880763116068,-0.09017223910840921,0.008835958509412212,-0.08022922636103158,-0.06404782237403928,0.02112251056125536,0.013556116015132513,-0.09054805401111998,0.0,-0.11801348237904252
2014-12-31,0.3244334569427276,0.09792387543252601,0.530407062285434,0.446351931330472,-0.10023071007433992,-0.026523000414421904,-0.9238095238095239,-0.9238095238095239,-0.9219858156028369,-0.9136690647482014,-0.18035714285714288,16.38659793814433,-10.0527950310559,-0.9459459459459459,0.009433962264151052,-0.047243152732926674,-0.2920353982300884,-0.36191536748329634,-0.10091393754760103,-0.05607476635514019,0.031021897810219023,0.02364066193853409,-0.32068429237947116,-0.3117903930131005,-0.06410256410256421,-0.24090557275541802
2015-03-31,-0.014808362369338024,-0.002206114087614286,-0.013619612241627999,-0.12759643916913943,-0.019088319088319095,0.040017028522775666,9.6875,9.6875,9.454545454545453,8.5,-0.8017429193899782,-0.9638304180254966,-0.9941680960548885,-10.0,-0.08411214953271029,-0.09741400954054724,-0.06500000000000006,-0.14485165794066313,-0.019059720457433316,0.0066006600660066805,0.2831858407079646,0.023094688221708903,-0.0045787545787545625,-0.09517766497461921,-0.0547945205479452,0.14376752485342847
2015-06-30,0.003284072249589487,0.00031585596967786955,-0.022011046133853185,0.03231292517006801,0.09323264594830083,0.03683995088006542,0.736842105263158,0.736842105263158,0.7391304347826089,0.736842105263158,5.4945054945054945,0.1721311475409837,-23.11764705882353,-5.0,0.36734693877551017,0.054520166898469835,0.015508021390374438,-0.055102040816326525,0.09326424870466332,0.0721311475409836,0.14137931034482754,0.02257336343115135,0.0896964121435142,0.0,-0.05797101449275355,-0.030978381992422532
2015-09-30,-0.00037769104872209525,0.00473634354278496,-0.009716800930155256,-0.011532125205930832,0.03002125398512212,-0.0339518357678642,-0.13804713804713808,-0.13804713804713808,-0.135,-0.13636363636363635,-0.377326565143824,0.4125874125874125,-0.675531914893617,-0.4305555555555556,0.15298507462686572,-0.03969928778686349,0.06793048973143767,0.004319654427645814,0.03041074249605047,-0.11926605504587162,-0.04954682779456199,0.02207505518763786,0.030392570704938837,0.06171107994389913,-0.06153846153846154,0.01644434222631097
2015-12-31,-0.016939546599496258,-0.09553739786297921,-0.028010734652801128,0.14222222222222225,0.016507608976012333,-0.09072333469554561,-0.515625,-0.515625,-0.5202312138728324,-0.5146198830409356,0.5271739130434783,0.11881188118811892,1.877049180327869,-1.3902439024390243,-0.05177993527508096,-0.05466282104106579,0.1134122287968442,0.1548387096774193,0.021847451130701412,-0.08333333333333326,-0.11570247933884303,0.024838012958963374,0.034412126177795876,0.16116248348745055,0.0,-0.2081683448353887
2016-03-31,0.0003202869771314898,-0.005211952744961779,-0.02234685073339082,-0.10165369649805445,0.06673433138797269,0.004943820224719175,1.024193548387097,1.024193548387097,1.0481927710843375,1.036144578313253,-0.9163701067615658,-0.4424778761061947,-0.9658119658119658,4.6875,-0.31058020477815695,-0.048380066831323565,0.04118689105403006,0.09683426443202992,0.06676669167291838,-0.06818181818181823,-0.16822429906542058,0.02423603793466822,0.0661386138613862,0.11831626848691679,-0.016393442622950838,0.10737248178311187
2016-06-30,-0.0021772540983606703,0.023402025847013563,-0.01782719971758895,0.18516513264753653,0.04067554709800181,0.027280858676207442,0.015936254980079667,0.015936254980079667,0.01764705882352935,0.01183431952662728,9.51063829787234,-0.31746031746031744,29.75,-1.4175824175824177,0.18811881188118806,0.09908396946564868,-0.08081667375584867,-0.04074702886247872,0.04149085794655405,0.028455284552845406,0.0017286084701815252,0.023662551440329027,0.043090638930163516,-0.020345879959308255,-0.01666666666666672,-0.13650732210825112
2016-09-30,-0.005968425105891462,-0.010238907849829393,-0.014017431934585267,0.007766103243490141,0.015085714285714369,-0.004353504571179778,-0.09019607843137256,-0.09019607843137256,-0.09248554913294793,-0.08771929824561397,-0.08906882591093113,0.7093023255813953,-0.08943089430894313,-1.868421052631579,-0.13749999999999996,-0.058202528128906805,-0.05923183711244784,-0.02123893805309729,0.02160702228224176,-0.09486166007905128,-0.015530629853321765,0.02311557788944718,0.02101139601139601,-0.010384215991692591,-0.016949152542372947,-0.017855808741128132
2016-12-31,-0.002065982310026415,-0.01172413793103444,-0.011300464777180386,-0.18631006346328194,0.020490880432335157,-0.04328815041539136,-0.5,-0.5,-0.4968152866242038,-0.4935897435897436,-0.12444444444444447,1.0136054421768708,-0.6398809523809523,-0.21212121212121215,-0.12560386473429952,0.037463126843657824,-0.0427939006394491,-0.005424954792043413,0.022471910112359605,0.013100436681222627,0.06485539000876428,0.025049115913555964,0.022671782350889513,-0.005246589716684125,0.0,0.21458998935037266
2017-03-31,0.019279290936145443,0.10432658757850666,0.016499216517651405,-0.08802228412256263,0.026257722859664545,0.052559414990859255,1.396551724137931,1.396551724137931,1.4050632911392404,1.3924050632911391,-0.868020304568528,-0.5405405405405406,-1.84297520661157,-1.6153846153846154,0.08839779005524862,0.11515496161501271,0.006166495375128589,0.029090909090909056,0.03070458952811883,0.09482758620689657,0.12263374485596712,0.024436990896022914,0.006821282401091366,0.02426160337552763,0.0,0.21087242437527398
2017-06-30,0.013265629958743252,0.03064770932069516,0.004171200580340928,-0.02504581551618812,0.03461621156740491,0.05036908380373428,0.050359712230215736,0.050359712230215736,0.05789473684210522,0.058201058201058364,7.288461538461538,0.0808823529411764,-3.549019607843137,0.5625,0.12690355329949243,0.03505864354920951,0.01736465781409602,0.035335689045936425,0.04139228598306688,0.003937007874015741,0.0007331378299120228,0.023854069223573582,0.02100271002710019,0.02780638516992795,0.01724137931034475,0.05715320161373727
2017-09-30,0.0037584565271862047,-0.005211526670754085,-0.01345493949792309,0.10964912280701755,0.04384871155444725,0.019016122364613475,0.10616438356164393,0.10616438356164393,0.11442786069651767,0.1100000000000001,0.22505800464037118,0.0,0.5769230769230769,-2.08,-0.1216216216216216,0.06466313585416916,0.06526104417670697,0.09044368600682584,0.05239385727190604,0.019607843137255054,0.0146520146520146,0.023298309730470423,0.04014598540145986,0.07815631262525047,0.0,-0.10352756984196865
2017-12-31,-0.001560159760359503,-0.03143297380585519,-0.037162471395881025,0.11914172783738008,0.07565200079633683,-0.041784989858012156,0.5201238390092879,0.5201238390092879,0.53125,0.5180180180180178,0.2234848484848484,0.44897959183673475,0.06829268292682933,-0.8518518518518519,-0.02051282051282055,0.05009254974548827,0.31149858623939686,0.3599374021909234,0.08125894134477818,0.0,-0.049819494584837476,0.025000000000000133,0.07719298245614037,0.3466542750929369,0.016949152542372836,-0.1345303716640288
2018-03-31,0.0229389336833552,0.10817690104995226,0.02157999809867861,0.023713420787083717,0.0262816953544327,0.10372565622353935,-0.4093686354378818,-0.4093686354378818,-0.40816326530612257,-0.4065281899109793,-1.0541795665634675,-0.6338028169014085,-1.2648401826484017,-1.75,0.015706806282722585,0.12008372810399925,-0.03449514911965501,-0.0011507479861910808,0.02884360942048181,0.03461538461538449,-0.18541033434650456,0.024390243902439046,0.0032573289902280145,-0.022084195997239542,0.016666666666666607,0.08248202799848636
2018-06-30,-0.006476842233899549,0.004306632213608941,-0.02419504932067751,0.01922129127649086,0.027412082957619432,0.00537015726889134,0.18620689655172407,0.18620689655172407,0.19211822660098532,0.19500000000000006,-13.657142857142857,0.29487179487179493,-3.9224137931034484,-1.3333333333333333,-0.005154639175257714,0.02321235369332153,-0.005210271678451894,0.032258064516129004,0.03703703703703698,-0.0037174721189590088,0.012126865671641784,0.023809523809523725,0.03423848878394331,0.016231474947071334,0.016393442622950838,-0.01462192706512866
2018-09-30,0.006273062730627332,0.04259576901086337,-0.011348464619492682,0.04110251450676983,0.039143408811655345,-0.028233498664631873,0.19767441860465107,0.19767441860465107,0.21074380165289264,0.20920502092050208,-0.10835214446952601,0.3465346534653466,-0.2359882005899705,-1.0,0.0,-0.041814861097760225,0.019453797231575143,0.0558035714285714,0.048363095238095344,-0.07835820895522383,-0.07926267281105981,0.023255813953488413,0.03253424657534243,0.052777777777778034,0.0,0.0014188590008867852
2018-12-31,-0.022430020779855786,-0.0773238278036743,-0.02411498022571623,-0.14026939154667906,-0.019763513513513464,-0.06713780918727918,-0.9174757281553398,-0.9174757281553398,-0.9146757679180888,-0.9134948096885813,0.8734177215189873,0.08823529411764697,1.1544401544401546,inf,0.17098445595854916,-0.1684390048154094,-0.30972477064220194,-0.2970401691331924,-0.017743080198722505,-0.20647773279352233,-0.22122122122122123,0.025162337662337775,0.0027639579878386833,-0.29815303430079165,0.0,0.0732038491056144
2019-03-31,0.0228821506720851,0.05527488855869245,0.032124147474547726,0.27066450567260936,0.006892986386351829,0.0016835016835017313,5.147058823529412,5.147058823529412,5.0,4.96,-1.0067567567567568,-0.15540540540540537,-1.1827956989247312,-1.9393939393939394,-0.13716814159292035,-0.056339727349499324,-0.08665603402445499,-0.07518796992481214,0.015414258188824581,-0.04081632653061229,0.3354755784061696,0.02454473475851149,-0.015711135611907512,-0.05357142857142849,-0.016129032258064502,-0.16948126959678755
