Quarter end,Assets,Liabilities,Shareholders equity,Revenue,Earnings,Earnings available for common stockholders,EPS basic,EPS diluted,Cash from operating activities,Cash from investing activities,Cash from financing activities,Cash change during period,Cash at end of period,Price,ROE,ROA,Book value of equity per share,P/B ratio,P/E ratio,Cumulative dividends per share,Equity to assets ratio,Net margin,Asset turnover
1996-03-31,0.07965209564258235,0.07375235713874284,0.09455326697702682,0.06533046152688549,0.10296835924758074,0.15840093668980515,0.03125,0.23684210526315774,-0.30293002634453514,1.0247632839478666,5.277295669883999,-1.6914030819140309,0.40136534839924676,0.03806451612903228,-0.1335453100158982,-0.11720698254364081,-0.0015723270440252124,0.07936507936507953,-0.07706626954579299,1.0,0.013876651982378974,0.015786278081360017,-0.05555555555555547
1996-06-30,0.07965209564258235,0.07375235713874284,0.09455326697702682,0.06533046152688549,0.10296835924758074,0.15840093668980515,0.03125,0.23684210526315774,-0.30293002634453514,1.0247632839478666,5.277295669883999,-1.6914030819140309,0.40136534839924676,0.03806451612903228,-0.1335453100158982,-0.11720698254364081,-0.0015723270440252124,0.07936507936507953,-0.07706626954579299,1.0,0.013876651982378974,0.015786278081360017,-0.05555555555555547
1996-09-30,0.16320341167060337,0.19436348958159289,0.15418400663531706,0.09881077454156983,-0.03351735015772872,-0.09544437224749114,-0.12121212121212133,0.23684210526315774,0.5224685440383463,0.12251118214378054,0.9650582949520028,40.243108504398826,11.812447505459431,0.07271597265382246,-0.1335453100158982,-0.11720698254364081,0.0771653543307087,0.07936507936507953,-0.07706626954579299,0.5084745762711866,-0.007820986313273881,0.015786278081360017,-0.05555555555555547
1996-12-31,0.07226954546466513,0.013638535729458834,0.1469781191769728,0.07937553732554492,1.2100163198694411,1.7354138398914518,1.4482758620689657,0.23684210526315774,-0.40638149729058815,-0.21535943067475039,-0.5850777447559978,-1.0375002666401212,-0.034573404569143484,0.14658169177288505,-0.1335453100158982,-0.11720698254364081,0.029970760233918092,0.06617647058823528,-0.07706626954579299,0.348314606741573,0.0696299540179548,0.015786278081360017,-0.05555555555555547
1997-03-31,0.04256617350836045,0.033831156567344145,0.059573082538746824,0.05247212255653655,-0.23935016384363317,-0.302608543417367,-0.352112676056338,0.23684210526315774,0.5734101688000408,-0.06661211435995773,-0.7813216377304302,10.839590443686006,-0.4239938616564022,0.11975745325922182,-0.1335453100158982,-0.11720698254364081,0.02058197303051812,0.08275862068965534,-0.07706626954579299,0.2583333333333333,0.016376663254861867,0.015786278081360017,-0.05555555555555547
1997-06-30,0.5221253776216701,0.3327590543789707,0.722598346290475,0.1665641112690699,0.08333838966082152,-0.0029287477511401594,-0.13043478260869568,0.23684210526315774,0.362817230091077,1.4838884538938748,19.317061592626292,-4.627830626821691,2.670419314149642,0.0013537906137184308,-0.1335453100158982,-0.11720698254364081,0.2566063977746871,-0.019108280254777066,-0.07706626954579299,0.20529801324503305,0.13172205438066453,0.015786278081360017,-0.05555555555555547
1997-09-30,0.062312001475499645,0.00856904263328051,0.10379151262410402,0.23291923582943785,0.32274776666946714,0.2960429692417439,0.04999999999999982,0.23684210526315774,0.29072228696458735,-0.07082120918202395,-0.6056756783068371,-1.1492479991524265,-0.1085856152724517,0.1460117169896349,-0.03669724770642202,-0.11720698254364081,0.04869950193691186,-0.0844155844155845,0.10286405808793875,0.17582417582417587,0.03897490656700486,0.04781829049611486,-0.05882352941176472
1997-12-31,0.40933875034912504,0.6367494963624141,0.2555055242377804,0.16861728807891652,0.28481602235677683,0.26147769215825933,0.19047619047619047,0.23684210526315774,-0.29250428405594153,0.9655381385665489,0.7618542091515532,6.224526013783312,-0.880039200285355,0.006291781360597826,-0.17333333333333323,-0.11720698254364081,0.016358839050132135,-0.04255319148936154,-0.059253840526700796,0.1588785046728971,-0.10911270983213428,-0.10268111808328584,-0.0625
1998-03-31,0.03308290452315288,-0.0264100182803213,0.08362378119621439,0.20492082661807842,-0.05108178028243282,-0.07871772496278429,-0.24,0.23684210526315774,0.711614339848684,-0.767854271438329,-0.8032515358055693,-1.1812866933601907,1.3299294188316564,-0.02852676826885503,-0.10138248847926268,-0.05932203389830504,0.06230529595015577,-0.04444444444444451,0.08592534992223944,0.13306451612903225,0.04902903287829252,-0.07692307692307687,0.0
1998-06-30,0.09150848739218342,0.20000623249161897,0.013114714739949074,0.07232285980701336,0.17622032750447159,0.2827134698425964,0.26315789473684204,0.23684210526315774,0.02009281801582463,1.441774750100087,5.246228793641297,3.2533875338753386,2.4278440219142765,-0.023732904263877752,0.06153846153846154,0.021021021021021102,0.011241446725317683,-0.07751937984496127,0.022198353025420836,0.12099644128113884,-0.07184750733137835,0.010330578512396604,0.0
1998-09-30,0.07907061453075426,0.16656110666607993,-0.01747987288083297,0.1050284969874613,-0.1648040156492212,-0.24242555871685167,-0.25,-0.23404255319148937,0.3008256203339772,0.2177412848573177,-0.5858806305073614,-1.5941488796856749,-0.4208186826617528,-0.1532756489493201,-0.04347826086956508,-0.08235294117647074,-0.1817303044949251,-0.16806722689075626,-0.18669001751313496,0.10476190476190483,-0.08945497630331745,-0.09270620313565103,0.0
1998-12-31,0.23951663732636042,0.15719567381324184,0.33924402120400754,0.19292718221981198,0.34893586933465315,0.3895817207075485,0.19444444444444442,0.16666666666666674,-0.4654962847445189,-0.9190935883105975,-2.1311944843688906,0.34088756233132567,-0.9742554199970133,-0.0014598540145985828,-0.037878787878787956,-0.04487179487179482,0.3248670998227998,0.2222222222222221,0.033591731266150004,0.10057471264367823,0.08045977011494254,-0.07137490608564989,0.0
1999-03-31,0.00015896809984061733,-0.0016673284817327882,0.001296326555727978,0.028357615272297743,0.2259408743054827,0.3240561171858882,0.2558139534883721,0.2857142857142858,1.077167313839487,0.3211030985022585,-0.3337455030498936,-1.0451388888888888,1.7081967213114755,-0.003411306042884976,0.0866141732283463,0.03691275167785246,-0.00490414623272406,-0.2479338842975206,0.04541666666666666,0.09399477806788514,0.0010036130068244997,0.06715210355987056,0.0
1999-06-30,0.013067511645762808,0.028054614361877395,0.0031131513218995988,0.01461907519033634,0.03322145498856277,0.07402963678576446,0.05555555555555536,0.05555555555555536,0.15749873480474674,1.5705916461719953,-0.9209118807540553,11.514100103351543,7.893276215310113,0.08361858190709048,0.04589371980676327,0.02265372168284796,-0.01926523297491034,0.08791208791208782,-0.013152650458349902,0.08353221957040557,-0.009825546420693776,0.0371493555724034,0.0
1999-09-30,0.019120517618415933,0.036676584091608566,-0.0036873551659674098,0.02999133362694817,-0.007976247129171776,-0.015146239554317598,0.01754385964912286,0.0,-0.02535412344687593,1.2642984373420036,-4.691056910569106,-1.38569810519361,-0.34232847449107817,-0.03068592057761732,0.07852193995381063,0.06012658227848089,-0.0360895386021014,-0.010101010101010055,-0.08198707592891763,0.08370044052863435,-0.02227622519238559,0.08625730994152048,0.06666666666666665
1999-12-31,0.06032875046044439,0.09503625141214544,0.03200142625994262,0.10249248255124277,0.12392195305085973,0.17400271050615745,0.051724137931034475,0.07017543859649122,-0.3181148208841812,-0.8149464969684478,-4.223468161794154,0.030497690495855156,-0.5363904147758937,-0.05121042830540046,0.11563169164882225,0.06268656716417897,0.019905213270142053,-0.010204081632653073,-0.14606247250329962,0.0772357723577235,-0.026719138359569183,0.07738896366083425,0.0
2000-03-31,0.005844897385036463,0.0035255108992773287,-0.002107563869067297,0.012175465155315868,-0.061564013583981336,-0.08714364585424617,-0.06557377049180335,-0.06557377049180335,0.43936871500879393,-0.11717096714312236,-0.04129394955895138,-2.288084777962479,1.4902977641927397,0.02060843964671255,0.0249520153550864,-0.005617977528089901,-0.004182156133828996,0.0,-0.06388459556929404,0.07169811320754715,-0.007874015748031482,-0.008744534665833803,0.0
2000-06-30,-0.0031757020394994617,-0.015913236801620156,0.006253581614946935,0.015869059145876774,0.509397957266732,0.7235914282965183,0.7017543859649125,0.7017543859649125,-0.03701665446303226,0.3864334076285798,-1.1944826915912072,2.792224552347153,2.269424906909392,0.06394230769230758,0.1853932584269662,0.11581920903954801,-0.017265515632291173,0.061855670103092786,0.05008255365987879,0.06690140845070425,0.009438009438009543,0.15059861373661,0.0
2000-09-30,0.006309749008725163,-0.005842655024649868,0.009348579016351222,0.08951497932522567,0.3492489797522582,0.4197921734068091,0.41237113402061865,0.38144329896907236,0.28725784579620295,1.4037854889589907,-12.99904214559387,-2.098859962565935,-0.7627580505007044,0.10619069136918213,0.30331753554502394,0.2202531645569621,0.006172839506172867,0.12621359223300965,-0.05660377358490554,0.06765676567656764,0.002974925626859415,0.2513691128148958,0.0625
2000-12-31,0.03748491438272428,0.06776854149547051,0.007202616930505057,-0.04223514389841676,-0.5646170651778128,-0.6554889008717534,-0.6642335766423357,-0.35074626865671643,-0.4438792594236869,0.8275729355945891,-1.3796321684292363,-0.8204331283457948,-0.5773265531097755,0.03921568627450989,-0.044848484848484915,-0.04149377593361003,-0.0014157621519584884,0.034482758620689724,-0.18999999999999995,0.063369397217929,-0.029237288135593342,-0.05689277899343548,0.0
2001-03-31,-0.0015061196353610695,-0.008362179057299857,0.001297969391482967,0.045354990545375395,0.5085082182921117,0.7405354289627286,0.7608695652173914,-0.08045977011494243,0.5634145846441112,-1.18463524854745,-2.8606326567928324,-3.496427471512165,3.409851926636379,0.031053459119496862,0.07106598984771595,0.051948051948051965,-0.00472589792060496,0.03333333333333344,-0.040466392318244115,0.058139534883721034,0.002837189000436613,0.050580046403712275,0.0
2001-06-30,-0.013699650361214455,0.00557164070658156,-0.03631824677470008,0.012102598805356468,-0.23912625665286813,-0.30646158457762707,-0.32098765432098764,-0.32499999999999996,-0.2119060291744016,-1.2643319247597322,0.20974763654946038,-1.9649391184199163,-0.7461247150175043,0.02744948532215008,-0.10545023696682465,-0.09259259259259256,-0.04368471035137689,0.032258064516129004,-0.03216583273766982,0.05631868131868134,-0.02285092491838958,-0.1303003533568905,0.0588235294117645
2001-09-30,0.009677393180311356,0.02495823557265142,-0.005058567254417001,0.014641511652042194,-0.08821443491270853,-0.06114427726302707,-0.509090909090909,-0.6666666666666667,0.5243159842524008,-12.51163613213553,0.44661112984001017,-2.076402828029712,3.1634853836326746,0.07421150278293132,-0.2516556291390728,-0.21541950113378683,-0.010923535253227312,0.125,0.20457902511078285,0.05591677503250958,-0.014699331848552322,-0.26358557643473846,0.0
2001-12-31,0.0033627952398997962,0.0034143826794816867,0.003502467259827169,-0.029749340130561852,0.5079540974523447,0.6855317863359756,0.5555555555555554,1.8333333333333335,-0.28336209039202054,-1.8895477448691165,-0.681640274034142,-1.7031938522204935,-0.5342983746514209,-0.05734024179620034,0.1893805309734513,0.12427745664739875,-0.0005020080321286313,-0.04861111111111105,0.30226854690374005,0.05295566502463078,0.00022603978300184124,0.1675862068965519,0.0
2002-03-31,0.007570352965214244,0.01646143223901375,-0.0013943608640640814,-0.03684678952661535,-0.28719713403475056,-0.3483181550489489,-0.33333333333333326,-0.4509803921568627,0.31528841707380817,-0.9097917314267951,-0.5550107155141242,-4.347054253091008,3.8400674379396547,0.010993037742762946,-0.07291666666666663,-0.07455012853470433,-0.011049723756906049,0.014598540145985162,-0.044726930320150626,0.05029239766081872,-0.009039548022598876,-0.0732427643236857,0.0
2002-06-30,-0.017557475499569986,-0.03198715074762859,-0.0016164172801832466,-0.013465684878564699,0.12310910208370518,0.16617552682933212,0.1785714285714286,0.1428571428571428,-0.24535108570205677,-0.4491155524925339,5.9584984937371175,-1.8115705065124472,-0.6438929861227889,0.0666908300108735,0.0465489566613162,0.022222222222222365,-0.00507872016251909,0.07194244604316546,0.16954164613109923,0.04788418708240538,0.01641961231470912,0.06182281708094317,-0.05555555555555547
2002-09-30,-0.009379613269703935,-0.007999762098631846,-0.010833208896740887,-0.02340500736377027,-0.21744618127576198,-0.275917835603823,-0.303030303030303,-0.5,0.2739578269324259,10.030303030303031,-0.3181248540293593,-0.5822285785350081,-0.7553911537856131,-0.1301393136255521,-0.012269938650306678,-0.00815217391304357,0.006125574272588086,-0.12080536912751672,-0.16392751790981885,0.04569606801275228,-0.0015705631590755553,0.01200480192076836,0.0
2002-12-31,-0.015608929875791322,-0.005858693428885897,-0.026607978591501213,-0.052399709650112314,0.33629216904839776,0.46255021481860625,0.5217391304347825,1.625,-0.29156778802008176,-1.6339852807742716,-0.07934253670558256,-1.1208436281368142,0.37318440889869464,-0.05742187500000007,-0.05590062111801242,-0.043835616438356095,-0.029426686960933646,-0.06870229007633588,-0.04233870967741937,0.04369918699186992,-0.011235955056179803,-0.03558718861209964,0.0
2003-03-31,0.01861438870495835,0.03971884339351783,-0.0027861568794889102,0.031359875740285315,0.14239050617419413,0.17892783286494507,0.17142857142857149,-0.023809523809523836,0.0875261613390117,0.024409636638307974,-1.1591488589446939,33.540460647863036,9.386912133891213,0.017405719021964527,0.11842105263157898,0.08882521489971351,-0.005750130684788246,0.049180327868852514,0.09526315789473672,0.04186952288218104,-0.020909090909090877,0.124231242312423,-0.05882352941176472
2003-06-30,0.001074079215212409,-0.007671806467749898,0.011569193556260737,-0.02790865137331555,0.007713506764095213,0.008878534097348956,0.0,0.0,-0.08672995562893404,-2.5203352995963986,-5.7074804720907695,-1.237029033569396,-0.21420906257955774,0.05906313645621175,0.07205882352941173,0.05263157894736836,0.006834910620399537,0.0703125,-0.046131667467563586,0.040186915887850505,0.010445682451253546,0.08479212253829327,0.0
2003-09-30,-0.00444996434648115,-0.015592544127069452,0.00884885024649984,-0.05668116448141214,0.0064667023483955255,0.003753767141608799,0.04878048780487809,-0.24390243902439024,0.2853680583017908,-3.2547222789462937,0.6680110701330475,-2.9369048156338855,0.5280062992642656,0.06692307692307686,0.12894375857338813,0.10250000000000004,0.0026109660574413773,0.058394160583941535,-0.002015113350126052,0.038634321653189474,0.013324144268320737,0.15683308119011596,0.0
2003-12-31,-0.043636423989195094,-0.040340794549754255,-0.051720998685383046,-0.05978182829860179,-0.017752944861698983,-0.19393293359982233,-0.2558139534883721,0.32258064516129026,-0.3423609920755264,0.021838312710147134,1.3713408147779709,-3.508831205144934,-0.8669327349927265,0.051189617880317284,0.0,0.038548752834467015,-0.061979166666666585,0.048275862068965614,-0.05047955577990915,0.037197231833909994,-0.008388120607571992,0.02005231037489108,-0.0625
2004-03-31,0.08636471971963111,0.17032425989949962,0.0013253071863470467,0.10404740143989266,-0.13179714616274585,0.0833783322129531,0.09375,-0.14634146341463417,0.189550084208838,-2.989236649678706,-1.310883327847142,-1.0679489918175147,0.44268742814498063,0.01851851851851838,-0.021871202916160293,-0.04366812227074235,-0.0049972237645752315,0.08552631578947367,0.02551834130781505,0.03586321934945791,-0.07841792409693649,-0.01752136752136757,0.0
2004-06-30,0.007511061048252499,0.012084400648516791,0.0029539506277069805,0.0440430466367383,0.08734463759449884,0.10420205678015249,0.11428571428571432,0.11428571428571432,0.050620821394460336,-0.9033158171747466,-1.396720100465391,2.2679515217787496,1.002768185440463,-0.02760942760942764,0.001242236024844745,-0.0273972602739726,0.0016741071428569843,-0.024242424242424176,0.01140487299118731,0.0346215780998389,-0.0044653932026792464,-0.014354066985645897,0.0
2004-09-30,-0.001381346759308899,0.007691185440862114,-0.004550992739019488,-0.004299868747386304,-0.3924031738549768,-0.31680377327204223,-0.28205128205128205,-0.5128205128205128,0.14783957219251342,2.5515999884789307,1.105330453349223,-2.0910979435343324,-0.5463030184569848,0.07271468144044335,-0.08188585607940457,-0.12441314553990612,-0.012256267409470722,0.07453416149068315,0.08764736032803677,0.033463035019455134,-0.0032394717169199616,-0.11120917917034423,0.0
2004-12-31,0.008921480408679017,0.007749623409487816,0.011672915835660103,-0.037674572366574455,0.9476474315046353,0.8548063050308106,0.714285714285714,1.8947368421052633,-0.3565498541785078,-0.6038862036526422,-0.5827874313814514,-1.2365478730880792,0.2848306740725923,0.09102646868947706,0.12297297297297294,0.008042895442359255,0.0,0.10404624277456653,0.18850141376060314,0.032379518072289226,0.00275000000000003,0.09980139026812318,0.0
2005-03-31,0.00411695277485058,-0.003883666220701132,0.025444314945131996,0.0554423657368297,0.5072328108714559,0.5558091859433838,0.5625,0.34545454545454524,0.697995858493708,-2.525038899353042,3.2601967268718735,-0.5914541918755403,0.09056942698042025,-0.007988165680473225,0.26474127557160054,0.228723404255319,0.02368866328257191,-0.010471204188481686,-0.10150674068199839,0.03209336250911732,0.02144103714784351,0.2595936794582394,0.0
2005-06-30,0.016594112071548928,0.04057171103171475,0.002169911344501063,0.009037834031385694,-0.3774461656367408,-0.4003850215406469,-0.4,-0.3918918918918919,-0.4403561362289301,-2.104176455584046,-0.8762187212839575,0.5448895940764247,0.12829973206834455,0.029824038174768752,0.028544243577545148,0.017316017316017396,0.0,0.005291005291005346,-0.1849073256840248,0.030388692579505383,-0.014400781059311751,0.03154121863799264,0.0
2005-09-30,0.031282295772958824,0.04754932524804523,0.009004232207826757,-0.02444833511524258,0.8927156441023318,0.9500880569798793,0.9777777777777779,0.5777777777777777,0.6395928256861161,-3.4710573988741507,4.741993407123522,16.475265320095858,1.987124338212395,0.11642050390964376,0.30249768732654947,0.2978723404255319,0.005509641873278293,0.11578947368421066,0.08121277747698974,0.029492455418381303,-0.021545319465081647,0.3179291174426686,0.0
2005-12-31,0.05912906483399083,0.08380368618434697,0.02576514025194787,0.024509946637940816,-0.15564211061437483,-0.14002965070510331,-0.1685393258426966,0.2535211267605635,-0.38037083507597935,-4.953134686728137,-3.1096751006996466,-2.068194396148515,-0.7105948203679631,0.007522697795071531,0.08948863636363646,0.06557377049180335,0.01808219178082182,0.004716981132075304,-0.20630946419629437,0.02931379080612917,-0.031384459630473316,0.08937516477722118,0.0
2006-03-31,0.005813342771391783,-0.019135119548309487,0.048146548688312585,0.05749900538311015,0.6725914841999947,0.7086963592853326,0.7162162162162162,0.4044943820224718,0.2080352187673431,-1.2890920700037216,-1.8747721238938053,-0.9905962724375874,-0.023089566352951785,0.11457260556127702,0.16492829204693593,0.1430769230769231,0.04520990312163642,0.0938967136150235,-0.020820189274447953,0.028478964401294604,0.042069506140580026,0.17086156824782184,0.0
2006-06-30,0.01953090870703833,0.03226916408263203,0.003317532276577717,-0.1501787979937771,-0.5760967669361989,-0.5918524964647014,-0.5905511811023623,-0.592,0.2581187879088882,-2.5532938101942144,-1.3629845446475315,6.12091662603608,-0.16830496560148422,0.027027027027026973,0.0011191941801902416,-0.009421265141319024,0.004119464469618972,-0.01716738197424894,-0.13208762886597936,0.027690371302705907,-0.016048144433299827,0.049193881769326264,-0.06666666666666654
2006-09-30,0.035426580382882156,0.07916659560788775,-0.026310622665173033,0.16064995403612503,-0.5641089680750764,-0.6245036113109992,-0.6153846153846154,-0.9019607843137255,0.09328214592359396,0.6108869067747282,1.534597242253855,-1.2842862033550153,0.05752923571468149,0.07287449392712553,-0.2068194522079374,-0.21467391304347827,-0.030256410256410238,0.06986899563318794,0.05419450631031908,0.026944274341702545,-0.059633027522935866,-0.21079590228526401,0.0
2006-12-31,0.006155817883501724,-0.031203478435764764,0.0650975593641876,-0.0019693888472653853,5.661715202475254,7.119916246717297,6.8,32.8,-0.2319076720317027,-1.7746666689608537,-2.1997701863524783,43.30467244701349,2.410159320790315,0.1626834381551363,0.2790697674418605,0.2647058823529411,0.05817028027498683,0.19591836734693868,0.4464788732394367,0.027429934406678624,0.05880758807588071,0.29405891163255116,0.0
2007-03-31,0.017240155650372735,0.05413847518826698,-0.03208427554228921,0.02595675563953015,-0.7285581891407793,-0.7403596106694406,-0.7371794871794872,-0.7633136094674556,-0.018081174306751158,-1.7174803429434498,-1.1544046888031454,-1.4812914168292988,-0.34015683291262766,-0.07032095203750444,-0.24242424242424232,-0.24897400820793436,-0.020989505247376417,-0.11945392491467577,-0.2828627069133398,0.026697620429483537,-0.04863066291272078,-0.2432484567901234,-0.07142857142857151
2007-06-30,0.022632319476952434,0.09063411514482245,-0.0811364407715588,-0.018927522735263658,1.2370699557182125,1.3144352890676947,1.3658536585365852,1.4,0.1292220227408738,-0.5876250681063946,-3.388550060098829,0.1913480544417463,-0.614153788822769,-0.06322730799069054,0.18254545454545434,0.12568306010928976,-0.036242981112812656,-0.04263565891472865,0.23761031907671426,0.026003391746749482,-0.1014258810868981,0.11827682895743052,0.0769230769230771
2007-09-30,0.007717377818555526,0.02056424295653758,-0.018035191400341377,-0.06641340860044243,0.6207697564810324,0.6264378056984927,0.6907216494845361,0.4479166666666665,0.23503786573958751,-2.663771423423694,1.8466408220573798,-0.9665137092798362,-0.05330033501343068,-0.14616977225672867,0.4551045510455105,0.39320388349514546,0.004237288135593209,-0.11740890688259109,-0.2704333516182117,0.025344352617080013,-0.025449101796407025,0.4531570549350352,-0.07142857142857151
2007-12-31,-0.006321128769375517,-0.0016290152148037418,-0.014871160200352618,0.06612467136866274,-0.7306639400315049,-0.7325140973871203,-0.725609756097561,-0.5179856115107913,-0.12337208154718227,-0.8467688809074747,-0.45404964196935405,2.3700453001132504,-0.18973762234195168,-0.04461687681862281,-0.2311918850380389,-0.2636469221835075,-0.010021097046413519,-0.04587155963302758,-0.3330827067669174,0.025792584631918247,-0.008602150537634468,-0.26054901960784316,0.0
2008-03-31,0.02046988940633132,0.03116480298928459,0.00206023958828383,0.01755970338075863,0.13956374668429627,0.14391634345325666,0.1333333333333333,-0.23880597014925375,-0.18511248604938035,1.7985571260306243,-1.7607443385101238,-38.95832983281526,8.888630953551967,-0.05025380710659888,0.04947773501924124,0.003154574132492094,-0.0010655301012253426,-0.04326923076923084,0.23337091319052994,0.02514405447878465,-0.018283235202974812,0.02036487059821801,0.0
2008-06-30,0.00451428694558631,0.005252401704332055,0.0036714352285889262,0.01401842344858184,-0.056021411995842874,-0.05745748964186803,-0.05882352941176472,-0.07843137254901966,0.33731791560294333,-4.243605256789317,-1.7535837397006895,-1.5069497009857953,-0.45568378729491155,0.10448957776590051,-0.14353064431639595,-0.1556603773584907,0.0021333333333333204,0.1055276381909549,0.07038391224862894,0.02452733776188043,-0.0006313131313132603,-0.15488565488565487,0.0
2008-09-30,0.01766443206066337,0.021521070712934964,0.012673882904163492,-0.016742715617166004,0.3440789672126203,0.3537360643790799,0.35416666666666674,0.1276595744680853,-0.18531195256703947,-0.8464685064018763,-1.853531831810892,-2.1196294242716625,0.9373172514619883,0.038470844422937356,-0.3278287461773701,-0.33333333333333337,0.00851516764236293,0.036363636363636154,0.20580700256191276,0.024438902743141977,-0.005053695514845247,-0.3402214022140221,0.0
2008-12-31,0.010251278706280953,0.03175991375358311,-0.030800199297802977,0.014812043778116735,-1.175285147637188,-1.1996586737528134,-1.2,-1.2452830188679245,0.017499751893876647,0.7588370766337764,1.1195212613863812,0.40668356404757255,0.6805848504858032,-0.2423112767940354,-0.2738853503184714,-0.276536312849162,-0.03324538258575194,-0.24561403508771928,0.056657223796034106,0.023369036027263812,-0.04063492063492058,-0.2811334824757643,0.0
2009-03-31,-0.030205665399262505,-0.043155041105450764,-0.0028517433635083522,-0.026167044118369898,-3.7340844349134206,-3.2136649169606746,-3.153846153846154,-3.153846153846154,-0.22810867633352838,-0.1543054154053145,-3.0592429848905334,-2.281235446743397,-0.5188607018008653,-0.29981549815498165,-0.1428571428571428,-0.13127413127413123,-0.0065502183406114245,-0.2790697674418604,0.10589812332439674,0.022835394862036118,0.028127068166776903,-0.14367219917012453,0.0
2009-06-30,-0.007021477637085716,-0.007152674696056738,-0.010849595317560023,-0.019400400664668527,0.1730721953617962,0.2515063168124392,0.24999999999999978,0.24999999999999978,0.5665667492681694,-4.32790238497706,-0.5909386991109031,-1.5168758843612478,0.5573990424548994,-0.03469477382520858,-0.07602339181286544,-0.0888888888888888,-0.05329670329670322,-0.024193548387096753,0.1581818181818182,0.022325581395348904,-0.046025104602510414,-0.0829800121138703,0.0
2009-09-30,-0.008268886976638079,-0.018161518282362343,0.006222789750169433,-0.02453330693853306,0.35702809241055844,0.3704198374488792,0.37142857142857144,0.37142857142857144,-0.2531871894030714,-0.7181931099833107,0.20154570538251404,-1.125186794419399,-0.04480482999872659,0.17970882620564144,-0.11708860759493678,-0.11707317073170731,-0.0017411491584445882,0.2396694214876034,0.3171114599686029,0.015468607825295688,0.015182186234817818,-0.12285336856010576,0.0
2009-12-31,-0.023676247495788227,-0.04587441236267753,0.017680276293634334,-0.12601951874859207,-0.7009435141674205,-0.6851664374971669,-0.6666666666666666,-0.6666666666666666,-0.15879225719737422,-2.913377359062131,0.7448274286236563,13.856053766676698,-0.6968449845354681,0.2325491708445817,0.2921146953405016,0.26519337016574585,-0.0017441860465114978,0.24,0.29558998808104886,0.015232974910394326,0.04287138584247274,0.34713855421686746,-0.07692307692307698
2010-03-31,0.006544375017634163,0.009080372993859998,-0.005034534038629079,0.13474666790507595,0.3643584321054443,0.24455269725475137,0.125,0.125,0.10887056507411152,1.2020265188996637,-0.9773271434776251,-0.7004231375196939,-0.6886200902280535,0.12359198998748422,-0.06380027739251026,-0.07423580786026196,-0.00931857891671517,0.12365591397849451,-0.13278135541245006,0.015004413062665423,-0.01147227533460815,-0.05980994969256581,0.0
2010-06-30,0.006885948969137523,0.02384871171697922,-0.028823591258178127,0.045523747160776784,-0.820467530594957,-0.8776970094286871,-0.8888888888888888,-0.8888888888888888,0.3203265211601922,-0.23631866729457784,-0.51636503658067,-0.9083109194452375,-0.20277140863323695,0.21553884711779459,-0.2785185185185186,-0.2688679245283019,-0.031746031746031855,0.22966507177033502,0.31930693069306937,0.014347826086956506,-0.03675048355899413,-0.28180737217598095,0.0
2010-09-30,0.029539133782759075,0.053293765059610365,-0.0263584802523098,0.03213507731873011,1.8895693203493624,2.967523253980766,3.5,3.5,0.0034932327750007985,1.0143903518269202,-44.318471337579616,-0.6458538184201901,-0.09007544495852615,0.036426116838488065,-0.45585215605749485,-0.44516129032258067,-0.030965391621129212,0.07003891050583655,0.44358080943446776,0.014573510501500353,-0.05555555555555558,-0.4710264900662252,0.0
2010-12-31,0.006052466896987685,-0.025158224251164207,0.07192885179556252,-0.1115375571720052,5.5796824514470345,6.385758563140746,6.222222222222222,7.222222222222223,-0.19400789431521914,-1.6365975346147104,-1.2328655712395236,-90.71494678389634,8.881081081081081,0.10145888594164454,1.147169811320755,1.081395348837209,0.04197994987468667,0.13454545454545452,1.0558856294095804,0.019433882551753268,0.0708717221828492,1.1111111111111112,0.08333333333333348
2011-03-31,-0.006726624754992416,-0.0316776368149857,0.0370619069715723,0.1111696860006488,-0.3276534852653089,-0.33359337171141124,-0.3538461538461539,-0.43243243243243246,0.12961189318780075,-1.1395145659579466,4.4235087511592575,-1.3232408677801046,-0.29052776026406557,0.06401766004415022,0.25131810193321624,0.24022346368715097,0.036680697534576145,0.022435897435897356,-0.5350853427255486,0.014090343970161623,0.045334215751158036,0.24759080800593036,0.0
2011-06-30,0.02008002448970103,-0.01680624256937957,0.08934883017815665,-0.0433403825801012,3.3659752927409663,3.4601542001372465,3.4761904761904763,3.404761904761905,0.09289812721300295,-12.631637109930011,0.26730529946372306,-3.383130146167103,0.975888026346742,0.10505469634100328,1.4845505617977528,1.509009009009009,0.08584686774941996,0.0658307210031348,-0.10392385392385384,0.013485901103392095,0.0715416270971827,1.617349970291147,-0.07692307692307698
2011-09-30,-0.03910844180815343,-0.05562419998389556,-0.002573169340522985,0.027906332382308108,-0.8060022593016312,-0.8110585982257443,-0.8138297872340425,-0.8108108108108109,0.08111774148690643,-1.0810818147270127,1.1373701299633394,-2.870749802472112,-0.9239604209245259,-0.02508960573476715,0.03787450537026582,0.09335727109515268,-0.0032051282051280827,-0.10294117647058831,-0.6004769130717538,0.013709677419354804,0.03781388478581982,0.097616345062429,0.0
2011-12-31,0.0572759079451135,0.08996867455305169,-0.011626133100778091,-0.10378781071884802,-0.04975521103775682,-0.05140733076584081,-0.02857142857142847,-0.05714285714285705,-0.16830043236119763,14.708347282669346,-1.9626518452454507,-1.6047750627261632,7.348649589005349,-0.047794117647058765,-0.11383442265795207,-0.09523809523809523,-0.023579849946409492,-0.04590163934426217,-0.12154096581660323,0.022673031026253065,-0.06547110731568462,-0.08541882109617371,0.0
2012-03-31,-0.010688082208481386,-0.036124420305813754,0.02698758073492491,0.15002735259566324,0.41780019905934696,0.4324250626161428,0.38235294117647034,0.4242424242424241,0.2753590944362747,-0.8531498090755706,-1.4417958928536547,-1.4861674582390105,-0.42793439275267564,0.06949806949806958,-0.0049170251997543435,0.012704174228675091,0.026344676180021898,0.09621993127147754,0.2180358245830758,0.01322442629327103,0.03898872982028645,0.01673450927182274,0.0
2012-06-30,0.014147291160674813,0.015283752665773642,0.010863949345311763,0.030553823586824125,-0.28929999518234817,-0.2963767247396586,-0.2978723404255318,-0.2978723404255318,0.49338586630472236,2.759530259784239,-0.3204310312156545,0.06543188084702334,-0.7969976505727867,0.05312016503352246,-0.5071031500926497,-0.49820788530465954,0.010160427807486716,0.028213166144200663,0.03549695740365122,0.01305182341650668,-0.0029316915860451154,-0.5153469750889679,0.0
2012-09-30,-0.0027441587535356193,-0.011568043422789387,0.017928525818239338,0.022735255553246514,1.1899112953207314,1.1904766676352998,1.1818181818181817,1.1818181818181817,-0.21083177106779183,-1.0368663001483016,0.3356926423021154,-1.005929971492719,0.023281372658966015,-0.00032647730982693357,0.23433583959899762,0.23928571428571432,0.03864478560084694,-0.012195121951219412,1.0264446620959844,0.012504736642667602,0.047927080270508515,0.22992198256080765,0.08333333333333348
2012-12-31,0.031943699945016224,-0.07618712499287883,0.21684033376666645,-0.107909102678443,0.6229708276767829,0.6741719006601008,0.6388888888888888,0.625,-0.33841299411163706,9.560907504363001,-1.913986687960363,545.2109826589596,12.42721872739627,-0.0785434356629654,0.3705583756345179,0.4466858789625361,0.13353720693170223,-0.11111111111111116,-0.26292895118414694,0.028817365269460993,0.180976430976431,0.45149253731343286,0.0
2013-03-31,0.38335899075635127,0.3986613797758638,0.3887774624671443,0.0867331410454093,1.7728579330112773,1.7778916276616963,1.5508474576271185,1.5726495726495728,0.05600515140435802,-9.606049839706515,0.10989462784748438,-1.9815438993803873,-0.9084428410519271,-0.0035442140705299607,0.7414814814814814,0.8366533864541832,0.2580935251798562,-0.12152777777777779,-0.3147540983606558,0.014550745725718572,0.005939653124257482,1.048071979434447,-0.15384615384615385
2013-06-30,-0.013144480906577716,-0.041449396927369264,0.01960266805532407,0.1778982940192373,-0.6808848701858923,-0.6815787144051542,-0.7009966777408638,-0.7009966777408638,0.15911510278326113,-1.4599053546894938,-3.081428610627118,-1.1733629468304754,1.720131224704477,0.010848301618353373,-0.022968949383241233,0.03470715835141003,0.018942101501072228,-0.19762845849802368,-0.4799043062200957,0.014342058085335285,0.03330184222957011,0.0852265595581776,0.0
2013-09-30,0.01401254719335765,0.006192475025485367,0.02676251920099082,-0.008868202016130255,0.16145203058267832,0.16196563111054818,0.15555555555555567,0.15555555555555567,0.5571387173714362,0.29510150827201076,-0.7537080643912117,7.501477035977487,5.376084790645238,-0.03553835327234345,-0.04919460165433165,-0.009433962264150941,0.026657313223430235,-0.054187192118226535,-0.13063477460901562,0.014139271827500854,0.012571428571428456,0.04730511219060829,-0.09090909090909083
2013-12-31,-0.041025925741296265,-0.07083900495692974,-0.008627147056739504,-0.07217457891542722,-0.7057837918089461,-0.7077268679134932,-0.7019230769230769,-0.7019230769230769,-0.7084724313862469,-1.104475278294481,5.397804138816965,-2.120739285805727,-0.9449669548840877,-0.03192265596497623,-0.19093406593406603,-0.17460317460317465,-0.010591048855483343,-0.05729166666666663,-0.08253968253968247,0.022655977692575657,0.0338600451467268,-0.1552733296521258,0.0
2014-03-31,0.002412397531897481,0.011920656826539755,-0.012433377832973824,0.0846312429796443,-0.2869178921568627,-0.2896216117882482,-0.29032258064516125,-0.29032258064516125,2.308712177013052,3.694576872637507,-0.9488107002985667,-0.982240512952731,-0.30494638921059514,0.045411720369323394,-0.5166949632144878,-0.5076923076923077,-0.012776243093922668,0.06077348066298338,0.21683967704728957,0.017041581458759447,-0.015065502183406076,-0.5323571708720094,0.09999999999999987
2014-06-30,0.0044461616703213025,0.013424456027588016,-0.008367223013482028,0.030193766753704443,0.4240222404751375,0.42964698651711286,0.40909090909090917,0.40909090909090917,-0.16108494136294427,-0.372618550737974,0.07889844532063983,-3.3842572741194488,1.0460641242710098,0.08795962509012267,-0.23887587822014056,-0.234375,-0.009793634137810425,0.09895833333333326,1.3165876777251184,0.016756032171581836,-0.012635779206384368,-0.24405926754263363,0.0
2014-09-30,0.0007260105321111876,-0.005217763410452991,0.008610326132696411,0.017638008605999733,0.967734492856509,0.9767048202482669,0.967741935483871,0.967741935483871,0.3966345048172011,-0.15680543114421763,4.272083467459431,-2.1472394214217814,-0.5865339147795934,0.06312127236580523,-0.22615384615384626,-0.22108843537414957,0.006711409395973256,0.07582938388625604,0.396481178396072,0.016479894528675043,0.007858105074090682,-0.2403846153846153,0.0
2014-12-31,-0.002498251267575635,-0.009984214018218251,-0.0009519830539308494,0.0008764030731329697,-0.01806136806407388,-0.018141699175830417,-0.016393442622950838,-0.032786885245901676,-0.21516460410148586,-1.071301214549747,0.12302459558084067,-1.1926367178752184,0.27327022047144034,0.0610877357020414,0.21073558648111335,0.20087336244541487,-0.0049122807017544234,0.052863436123347984,0.37591561675944907,0.01621271076523989,0.0015593673423923704,0.16796494644595916,0.0
2015-03-31,0.0034175120543615822,0.006088175842406507,-0.0035775818501809775,0.002574248487948738,-0.1617395138215938,-0.17471377876632999,-0.18333333333333335,-0.1694915254237288,0.12295918037972631,-16.615753245621676,-0.49041662802188846,0.0855614973262031,0.23298403193612782,0.1352621530327507,0.16091954022988508,0.16363636363636358,-0.003173483779971731,0.14225941422594146,-0.048551959114139676,0.01786853860880666,-0.006005338078291733,0.14589412255106282,0.09090909090909083
2015-06-30,0.0022919749005689827,-0.005474541064687144,0.016396870035141564,0.019119979711001767,0.5692354894204534,0.596867626172823,0.6122448979591837,0.5918367346938775,-0.05962431193319828,-0.8531039716106281,0.6200709197602536,3.5717498393660314,0.8638755109474281,-0.03505821474773596,0.23196605374823198,0.234375,0.01627166607711361,-0.03296703296703296,-0.16517457475380493,0.017241379310344973,0.01409711344819864,0.22662786467806484,0.0
2015-09-30,-0.003163787273366081,0.0027777874713410533,-0.0021169888210038623,0.025293324223397695,-0.3132742126946443,-0.31418797074096505,-0.31645569620253167,-0.3205128205128205,0.18690700347239209,6.792874235575645,-0.07846699776085286,-2.282307746363402,-0.5943284586739623,-0.03552755061000146,-0.02985074626865658,-0.027848101265822933,-0.002436477549599747,-0.053030303030303094,-0.2190348525469169,0.016949152542372836,0.0011032656663725326,-0.039145907473309594,0.0
2015-12-31,0.006455094319548271,0.009560283001692094,-0.0007793074870969807,0.009915423049911665,0.039625404185223534,0.03640373942479025,0.0185185185185186,0.05660377358490565,-0.2450328226444055,0.30510374677695307,-0.9138889939843365,-1.0896918327457392,0.13140287962318675,0.08951904364748398,-0.017751479289940808,-0.01822916666666663,-0.003140265177948409,0.09200000000000008,0.12564366632337798,0.016666666666666607,-0.007053118800969815,-0.029320987654321007,0.0
2016-03-31,-0.08014897055480663,-0.20368709428721077,0.056674607807481125,-0.11961154334585244,16.545250041567638,16.67083438018809,16.89090909090909,16.428571428571427,-0.31304813527407194,-22.47915102760318,273.6946397188049,65.34887983706722,7.7058614816917395,-0.05345751467211024,3.8602409638554214,4.0106100795755975,0.056002800140007025,-0.04761904761904756,-0.04117108874656905,0.2536512667660211,0.14894561598224176,4.034658187599364,0.0
2016-06-30,-0.0033505009930853147,-0.013356178014943154,0.008749818777899598,-0.038652329332254265,-0.939003968495088,-0.9392060463035111,-0.9390243902439024,-0.9395491803278688,0.3590787657288139,-0.9790008617278094,-0.9529628059774172,-0.6015814693053139,0.352654130292434,-0.0659118479579458,-0.03098661378284573,0.0047644256220220615,0.00861783228372559,-0.11538461538461553,-0.8104325699745547,0.011887779362814932,0.012171561051004698,0.01578880889225731,0.0
2016-09-30,0.0031946419774881996,0.12542084029160416,-0.09363968425291236,0.018348192232598537,-0.048085578895900594,-0.04826039703393914,-0.050000000000000044,-0.03389830508474578,0.25777327964807406,-1.9923077560010267,-0.22673810126534455,-0.847889732961462,0.03965708064590645,-0.03376623376623378,0.011256075722691161,0.02212855637513167,-0.0943148209004272,-0.04347826086956508,-0.01845637583892623,0.08223684210526305,-0.09677419354838712,0.03860979855757285,0.0
2016-12-31,-0.02787130881092381,-0.06807792412530855,0.011227615427998883,-0.000965228668446394,0.33091073177288344,0.33214321851375384,0.3157894736842106,0.3157894736842106,-0.15127888567735193,-1.9997162931192736,3.1647366363725205,-23.305576660082053,-0.8508325186539049,-0.07840501792114685,0.023020490766506363,0.046907216494845416,0.007256894049346929,0.0181818181818183,-0.08034188034188028,0.010855405992184153,0.040363482671174955,0.05842562107153548,-0.08333333333333326
2017-03-31,-0.004627575112001736,-0.006927099403004067,0.005005143181037397,-0.0022940135989257815,-0.48154373309287646,-0.48289007765564584,-0.48,-0.48,0.0038197201610032927,-1.6096003605769231,-0.7004569692205713,-0.9203685915995086,-0.4542075200435194,0.014422297844757681,-0.7992087042532147,-0.8005908419497785,0.005043227665705974,0.008928571428571175,-0.0037174721189590088,0.010738831615120237,0.009547024172252838,-0.8017646060743171,0.09090909090909083
2017-06-30,0.0013701735676112659,-0.00030616923823145736,0.000995012196170597,0.013871875517298404,0.36383937888717277,0.3658065734529863,0.35897435897435903,0.35897435897435903,-0.12457208712374357,1.1006640651742314,-0.5779873647269864,-0.8739591650507585,-0.10489095612140775,0.041693290734824195,-0.006157635467980316,-0.019753086419753152,0.00035842293906807043,0.03539823008849563,4.289179104477612,0.010624734381640355,-0.0004024144869215762,-0.033951497860199575,0.0
2017-09-30,0.0029684189357972457,0.009590451336092931,-0.003035419544521911,0.019007967607105547,-0.29489749593197345,-0.2960597742589671,-0.28301886792452835,-0.30188679245283023,0.6085788065386817,0.6577805008408182,0.3904331443102824,-3.0013574660633484,0.2345237148386754,0.017942033430455417,-0.08921933085501854,-0.07808564231738035,-0.00322465066284483,0.017094017094017033,0.04514991181657835,0.010513036164844447,-0.005837359098228689,-0.0918487891317189,0.0
2017-12-31,-0.006147213575450117,-0.009541899254808528,-0.0016380309357323375,0.010546015041930978,-0.0925059140990675,-0.0930327302356373,-0.10526315789473684,-0.08108108108108103,-0.2669412422730212,-0.5537508846426045,0.8485398658345293,-10.91227673524757,1.1638999248362505,0.006779150346490015,-0.201360544217687,-0.1994535519125683,-0.0035945363048167644,0.008403361344537785,0.10563617954775562,0.010403662089055299,0.00445434298440972,-0.21008130081300813,0.0
2018-03-31,-0.00907747022826122,-0.02318356394660892,0.004560230819458999,0.0036657449453310065,0.6885014588415364,0.6927704561679326,0.6764705882352939,0.6764705882352939,0.19244667287632855,-2.2977911699662554,0.8573295924373237,-0.9309908307102778,-0.06005240070661555,-0.10983091426006275,0.11243611584327073,0.11262798634812277,0.0043290043290042934,-0.10416666666666663,0.1141636141636142,0.011120263591433366,0.013706913928643427,0.10045286125977748,0.0
2018-06-30,0.001114214327308849,0.01011162421705758,-0.007846598346300415,0.010729586613924535,-0.46365829591754837,-0.4653518830910366,-0.45614035087719296,-0.45614035087719296,-0.10133012758366622,-2.5714673654767886,-0.8079270248674585,-0.035861841018013596,-0.06159791365311318,0.04404101529668858,-0.12098009188361403,-0.11963190184049077,-0.007902298850574696,0.037209302325581506,-0.05999999999999994,0.010997963340122263,-0.008948101014118137,-0.13280957725402165,0.0
2018-09-30,0.006643346739792166,0.009739994935581864,0.0026435976437921838,0.02041081074322304,0.8920177461664407,0.8981122042010103,0.8709677419354838,0.8709677419354838,0.10572501202086082,-0.20231213872832365,0.7634317178833152,-0.9782310593075078,-0.0014289411208748826,0.05635163419739175,0.13066202090592327,0.132404181184669,0.0021723388848660097,0.06726457399103136,0.20256484989798884,0.010878323932312695,-0.0040128410914928025,0.11820534943917171,0.0
2018-12-31,-0.007201826488464014,-0.008084119573088855,-0.006078888378243996,-0.0001899314868112345,-0.45478442520366436,-0.45642124726844846,-0.4482758620689654,-0.4655172413793103,-0.12999216696354154,-0.4150148393665648,0.013241878085179737,-218.03149606299212,0.310569014084507,0.03002591068434679,-0.010785824345146522,-0.009230769230769265,-0.010115606936416222,0.025210084033613578,-0.09015996122152203,0.010761259465922768,0.001208702659145855,-0.02083333333333315,0.08333333333333348
2019-03-31,0.01836805732450819,0.04724581907416958,-0.012416737145937495,0.014938497999978484,-0.10793006050159148,-0.10865438302624231,-0.12499999999999989,-0.09677419354838701,0.19686066183067186,2.2128705538170976,-0.7206263064573691,-1.8274498421797336,-0.1960829829855648,0.029298609055933733,-0.1588785046728971,-0.16770186335403725,-0.01423357664233571,0.040983606557376984,0.04688332445391574,0.011238170347003251,-0.030181086519114664,-0.17336485421591818,0.0
2019-06-30,0.010684290015446685,0.010465112122016285,0.010614532701973545,0.01060085072468575,1.9555285587197124,1.9775456315170672,1.964285714285714,1.928571428571428,-0.150763629549318,-0.9362600314089357,0.6048421436827058,-10.469110360854124,2.3096058006972813,0.09804485336400215,0.36111111111111116,0.3470149253731343,0.009996297667530518,0.11417322834645671,0.3132315521628499,0.011113277441996416,-0.00020746887966816008,0.34318398474737855,0.0
