Quarter end,Assets,Current Assets,Liabilities,Current Liabilities,Shareholders equity,Revenue,Earnings,Earnings available for common stockholders,EPS basic,EPS diluted,Cash from operating activities,Cash from investing activities,Cash from financing activities,Cash change during period,Cash at end of period,Price,ROE,ROA,Book value of equity per share,P/B ratio,P/E ratio,Cumulative dividends per share,Equity to assets ratio,Net margin,Asset turnover,Current ratio
1994-03-31,0.05594864036618952,0.05210549613742477,0.08705898878596563,0.11396894058962226,0.025199194736476693,0.09995125580440756,0.06560424966799472,0.06560424966799472,0.04999999999999982,0.04999999999999982,-0.7877492877492878,-0.13838216325778518,-1.5322064869803564,-0.05360110803324103,-0.44312581063553824,-0.06228373702422152,0.10475482912332845,0.1865030674846624,0.021929824561403688,0.01680672268907557,0.08630665380906466,0.7196904557179709,-0.029031616623583223,0.09459459459459452,0.023076923076922995,-0.0555128064196988
1994-06-30,0.05594864036618952,0.05210549613742477,0.08705898878596563,0.11396894058962226,0.025199194736476693,0.09995125580440756,0.06560424966799472,0.06560424966799472,0.04999999999999982,0.04999999999999982,-0.7877492877492878,-0.13838216325778518,-1.5322064869803564,-0.05360110803324103,-0.44312581063553824,-0.06228373702422152,0.10475482912332845,0.1865030674846624,0.021929824561403688,0.01680672268907557,0.08630665380906466,0.7196904557179709,-0.029031616623583223,0.09459459459459452,0.023076923076922995,-0.0555128064196988
1994-09-30,0.0020682333319863577,0.0032369706840391643,-0.023381359521604583,-0.050078712611509535,0.028740388521901306,0.07048396501457721,0.14855433698903298,0.14855433698903298,0.1428571428571428,0.1428571428571428,6.340604026845638,-0.6973909324208725,-4.733047210300429,-1.2413288453095273,0.19203447071154067,0.03874538745387457,0.10475482912332845,0.1865030674846624,0.030042918454935563,0.01680672268907557,0.08630665380906466,0.5,0.026622977677656978,0.09459459459459452,0.023076923076922995,0.05609869646182508
1994-12-31,0.0048684635011877475,0.01307521121234867,-0.00747563252524952,-0.0101460216914947,0.017150087030292305,-0.020785672266161237,0.03580729166666674,0.03580729166666674,0.08333333333333348,0.08333333333333348,0.4105142857142856,-0.5812720848056537,-0.05035640377098183,2.702243784111583,0.5964243845252051,0.001776198934280604,0.10475482912332845,0.1865030674846624,0.016666666666666607,-0.028925619834710647,0.08630665380906466,0.3333333333333335,0.012168362258128784,0.09459459459459452,0.023076923076922995,0.023473661009477675
1995-03-31,0.03766453608849196,0.05590572210723099,0.038837252360673924,0.040441997172408595,0.03652600320681043,0.017366441937565424,0.09218520846427825,0.09218520846427825,0.03846153846153855,0.03846153846153855,-0.6787392643007617,0.959493670886076,-0.12033898305084745,-1.0981162981162982,-0.036656263386573684,0.11524822695035475,0.10475482912332845,0.1865030674846624,0.03688524590163933,0.09787234042553195,0.08630665380906466,0.5,-0.0011824990145840042,0.09459459459459452,0.023076923076922995,0.014859480994939389
1995-06-30,0.023447058658078612,0.0481083576256931,0.018828108847999125,0.02111568031467903,0.027941370292524192,0.08450796636302993,0.25187032418952615,0.25187032418952615,0.2592592592592593,0.2592592592592593,1.2128625472887768,-0.06287683031869074,-0.21167079548582435,-4.207011686143573,0.12203023758099363,0.1701112877583466,0.10475482912332845,0.1865030674846624,0.027667984189723382,0.12790697674418605,0.08630665380906466,0.16666666666666674,0.00453827940015783,0.09459459459459452,0.023076923076922995,0.026454465075154587
1995-09-30,0.023215629154542894,0.049061544123414125,0.01271429571058702,0.04746896394740063,0.033343005796729885,0.00869170657927909,0.05271222801103281,0.05271222801103281,0.0588235294117645,0.0588235294117645,-0.32619101891953495,0.1668198529411764,-0.4947625698324022,0.005726184279021274,0.10938119232293486,0.18342391304347827,0.07599193006052452,0.1865030674846624,0.030769230769230882,0.15120274914089338,0.04482911673324441,0.1428571428571428,0.009821253191907298,0.08289241622574961,0.0,0.001516039003548908
1995-12-31,0.32740091655335646,0.2923747577393996,0.3791552371015774,0.49981612115943963,0.27848597251972196,1.4197746833671543,0.7558951965065501,0.7558951965065501,0.5555555555555558,0.5555555555555558,1.5050744248985115,6.924379677038204,-1.6150656530753282,-2.783126293995859,-0.00821638173003314,-0.0022962112514353095,0.19562499999999994,0.1865030674846624,-0.003731343283582156,-0.032835820895522394,-0.0994052676295667,0.25,-0.036763275627309966,-0.061889250814332275,0.26315789473684204,-0.13833556954622073
1996-03-31,0.012957384545732697,0.02895132652788779,-0.008902761008211413,-0.03057221194355897,0.035245081012606594,-0.38367063664192147,-0.16156843239658458,-0.16156843239658458,-0.267857142857143,-0.267857142857143,-1.0725860904794058,-0.7746520874751491,-2.2123595505617977,1.0052249637155297,-0.3554595039621282,-0.04602991944764101,0.06272869837950878,0.06308169596690805,0.033707865168539186,-0.04320987654320996,-0.23349056603773577,0.09999999999999987,0.02201130856219713,0.04513888888888884,0.017857142857142794,0.0614070110995768
1996-06-30,0.034751907634533286,0.05881640631757401,0.03782149789712075,0.14089607836374296,0.03175574326991404,0.012587721944059105,-0.11854854656911207,-0.11854854656911207,-0.12195121951219512,-0.12195121951219512,-12.229767441860465,0.39920599911777677,1.315106580166821,-1.455848291835553,0.2513970940443877,0.053075995174909796,-0.018199704869650835,-0.020428015564202373,0.02898550724637694,0.019354838709677358,-0.03507692307692312,0.09090909090909083,-0.0029638411381148755,-0.01827242524916939,-0.005847953216374324,-0.07192296117965691
1996-09-30,0.003327590284112114,0.009966180338850217,0.10110761497472076,-0.07839047100792063,-0.09267459877192652,-0.0059707025173594275,0.29590577678070673,0.29590577678070673,0.3055555555555556,0.3055555555555556,0.21454605699138507,-0.36396595208070615,2.4971977582065654,-0.40647824706255953,0.11923444976076558,-0.10767468499427268,0.07214428857715438,0.04170804369414105,-0.04929577464788726,-0.13291139240506322,-0.11798469387755095,0.16666666666666674,-0.09571938168846628,0.04230118443316422,0.0,0.09585765239948119
1996-12-31,0.023321700942536383,0.020827604057136462,-0.0015615047066317445,0.07591711770816256,0.052970289201967,0.032310263769486314,0.09659828615943922,0.09659828615943922,0.19148936170212782,0.19148936170212782,0.5413995362160688,-0.519454770755886,0.026671245421245438,5.383092562867843,0.6800045599635203,0.15019255455712455,0.008878504672897192,-0.0038131553860819567,0.04814814814814805,0.21167883211678817,0.07953723788864786,0.0714285714285714,0.028928336620644313,0.15909090909090917,-0.14117647058823535,-0.05118911121796055
1997-03-31,-0.01263249430068858,-0.013865889120427188,-0.04609434187966033,-0.09789833126689562,0.025172815961637562,-0.0466001380458132,-0.12771331596811109,-0.12771331596811109,-0.1607142857142858,-0.1607142857142858,-1.049778761061947,1.3898916967509027,-0.6619467053183187,-1.7929589270746018,-0.32096084684806947,-0.0892857142857143,0.01899027327466407,0.009569377990430672,0.02473498233215543,-0.1325301204819277,-0.08908238446081718,0.13333333333333353,0.03833865814696491,0.025210084033613356,-0.013698630136986356,0.09312750945308523
1997-06-30,0.01790700165430903,0.036433684988630866,-0.003409085631215003,0.0077282712780939455,0.040315807976250895,0.1006380373079292,0.4085603112840468,0.4085603112840468,0.38297872340425543,0.38297872340425543,-12.407111111111112,-0.11005610703495905,0.7005277044854881,-1.3586680761099366,0.16953132807035076,0.04656862745098023,0.14500000000000002,0.14123222748815167,0.04137931034482767,0.02083333333333326,0.012499999999999956,0.0588235294117645,0.02194871794871789,0.12841530054644812,0.01388888888888884,0.028492974823479233
1997-09-30,0.9907585387640949,0.8866338226344739,1.0908874835137694,1.2151792601536036,0.8899209161523478,0.7323616379071869,-0.5470898111268149,-0.5470898111268149,-0.7384615384615385,-0.7384615384615385,1.819839476350035,6.044131910766247,0.3079906904577192,-1.2136752136752136,0.373093519032768,0.2775175644028105,-0.2786820166732831,-0.27574750830564776,0.0960264900662251,0.22789115646258495,0.1053013798111837,0.11111111111111116,-0.050582095543958205,-0.24939467312348673,-0.03424657534246578,-0.14829582885475545
1997-12-31,0.03371336882315079,0.05739767878091828,0.0804728874306806,0.16297754226596006,-0.01838450764386257,0.9869164848033214,1.5388652482269505,1.5388652482269505,1.8823529411764701,1.8823529411764701,0.16362229529941685,-1.2876764199655766,2.389679715302491,-37.49793103448276,0.823335407591786,-0.1301558203483043,-0.06659328563566314,-0.08256880733944949,-0.02114803625377637,-0.20498614958448746,0.011169513797634645,0.09999999999999987,-0.05031712473572936,-0.2774193548387097,0.26950354609929095,-0.09078326005536552
1998-03-31,-0.018640379534672347,-0.039942564469245934,-0.051019902960689145,-0.0754239641735085,0.021068982703093875,-0.5386562080857547,-0.2675009777082519,-0.2675009777082519,-0.346938775510204,-0.346938775510204,-1.2111475254108484,-2.189302381237286,-1.0338145231846019,-1.7023921998412759,-0.3171564110439917,0.057955742887249695,-0.106132075471698,-0.11250000000000004,0.01851851851851838,0.08013937282229966,0.09941520467836273,0.045454545454545414,0.04029385574354416,-0.05133928571428559,-0.06703910614525144,0.038371988895853804
1998-06-30,-0.02445632980207757,-0.043320576312418146,0.024322855528020604,-0.1032323772780821,-0.08005431106464056,0.08675774339280795,-0.05049195332163836,-0.05049195332163836,-0.03125,-0.03125,-1.6344618153188617,-0.2381527316631452,-22.967658473479947,0.03126008823845905,-0.47898340663734507,-0.05876494023904377,-0.15237467018469664,-0.17183098591549295,-0.04848484848484835,-0.07741935483870976,0.02777777777777768,0.08695652173913038,-0.056922747699550635,-0.1388235294117648,-0.0359281437125748,0.06679315251606233
1998-09-30,0.023416023738872305,0.04031080892401562,0.08709935506325217,0.08806812234387751,-0.05740510812273936,-0.05682368698526685,-1.1415374728893888,-1.1415374728893888,-1.3548387096774195,-1.3548387096774195,2.3010104591384506,1.4334389857369256,-0.9756786997232201,-0.9979130797725257,-0.001918557244951824,-0.23703703703703694,-0.14630350194552522,-0.1768707482993197,-0.031847133757961776,-0.19580419580419584,-0.03565267395054639,0.040000000000000036,-0.07896528250510548,-0.16393442622950827,-0.018633540372670843,-0.04389652384801945
1998-12-31,0.00924233497404403,-0.009083754781324949,0.025733478314341918,0.054022463262704656,-0.01489526454595591,0.054721727044747315,-15.232122587968218,-15.232122587968218,-7.636363636363636,-7.636363636363636,1.0800708877074272,0.23141213502659297,25.648910411622275,-103.975,0.1979431976548609,-0.173370319001387,0.2123974475843209,0.17561983471074383,0.0,-0.14782608695652166,0.05545617173524153,0.0769230769230771,-0.02389751170238974,0.4738562091503269,-0.20253164556962033,-0.059863025281136406
1999-03-31,-0.007354656474338528,-0.019828028484064952,-0.014489002403731743,-0.06946231848342965,0.0035183487835157568,-0.03537142140977212,-0.5849583283486861,-0.5849583283486861,-0.6164383561643836,-0.6164383561643836,-1.0448712983760617,-0.4929925077126488,-1.0486098491731783,-4.298858946346201,-0.5450898587933248,-0.09060402684563762,-0.016541353383458746,-0.05623901581722324,0.013157894736842035,-0.09183673469387754,-0.26497175141242935,0.0714285714285714,0.01085310449268051,-0.06430155210643018,0.007936507936507908,0.05333213418472882
1999-06-30,-0.02175163840578287,-0.040077214903648906,-0.034992854659920414,-0.06402000931806473,-0.001933654549290842,0.0215637725651201,-0.18629900076863948,-0.18629900076863948,-0.2142857142857143,-0.2142857142857143,-14.741657077100115,-0.24400208623087627,-22.979439252336448,-1.2469826317338828,0.29594356261022936,0.1328413284132841,-0.0688073394495412,-0.08752327746741151,0.0,0.1179775280898876,0.16986933128362813,0.03333333333333344,0.020224719101123556,-0.08056872037914697,0.0,0.025572062841529908
1999-09-30,-0.015608136254331328,-0.0007001304292825195,-0.012609565739443718,-0.05986869337860423,-0.019947409269405858,-0.07711958022645682,-0.4263785570905656,-0.4263785570905656,-0.40909090909090906,-0.40909090909090906,-0.2414688271992631,0.6748304012878004,-0.9357938600221107,-0.04022646007151376,0.21917528579205237,-0.03583061889250816,0.16666666666666674,0.1673469387755102,-0.019480519480519543,-0.035175879396984966,0.042049934296977565,0.06451612903225823,-0.004405286343612369,0.16752577319587636,-0.007874015748031482,0.06293968280397966
1999-12-31,0.007612232949716136,-0.009553326858227962,0.07393205093646316,0.09048348892294822,-0.08907865965368478,0.034424919184322667,-3.3791683820502265,-3.3791683820502265,-3.3846153846153846,-3.3846153846153846,1.3002318392581143,-0.20973499931346973,21.586754966887415,2.895063644830798,0.700228832951945,-0.06418918918918914,-0.7438423645320197,-0.7482517482517483,-0.09933774834437081,-0.04687499999999989,-0.2295081967213114,0.06060606060606055,-0.09587020648967548,-0.7461368653421634,0.0,-0.09171725083219107
2000-03-31,0.15135936126067984,0.12051222156601771,0.23409961179670002,-0.025304098947153242,0.00914121852637595,0.08599780751838493,-2.028032531579858,-2.028032531579858,-2.0,-2.0,-1.34018862038348,1.3078794196855181,-3.056705565003225,-1.5203252032520327,-0.21429274858024494,-0.17148014440433212,0.151098901098901,0.09027777777777768,0.018382352941176405,-0.07650273224043724,2.5212765957446805,0.0,-0.12343665035345297,0.10434782608695659,-0.015873015873015928,0.14957099124735906
2000-06-30,-0.00304348231578222,0.00012193323172238202,-0.012802769753532894,-0.039174868516955175,0.017470716058272107,0.048522829633835585,0.06185827301801039,0.06185827301801039,0.09677419354838723,0.09677419354838723,-1.5376693002257338,-0.7150116690506663,-1.2618538476891055,0.446078431372549,-0.39440150407353247,0.07843137254901977,0.33412887828162297,0.2611464968152868,0.018050541516245522,0.059171597633136175,-0.013943760167325125,0.0,0.020471464019850893,0.2755905511811023,-0.016129032258064502,0.04091966094066479
2000-09-30,1.1269338389066976,0.6893362724836147,1.7372794319253844,1.1663628723299753,-0.11785092582939216,0.37757268020043266,-2.030435127209321,-2.030435127209321,-2.0294117647058822,-2.0294117647058822,-2.0097087378640777,100.51340641923127,-90.26339285714286,-5.484110169491525,2.9203173508106244,0.12323232323232314,-1.003577817531306,-1.0,-0.11702127659574457,0.1005586592178771,-0.16356351637991984,0.0,-0.5851063829787233,0.0,-0.1393442622950819,-0.22019241163117498
2000-12-31,0.031213347981108974,0.045352640584804815,0.021608920640525886,0.09335197501007664,0.09199424118270638,0.31453391732689484,-1.1340666102607493,-1.1340666102607493,-1.1428571428571428,-1.1428571428571428,-5.114864864864865,-1.0124466858714631,-1.0690087155935326,-1.342168674698795,-0.25488781346238454,0.1888489208633095,-219.5,-inf,0.0763052208835342,0.3451776649746192,0.0,0.0,0.0586080586080584,-0.4691358024691358,-0.03809523809523818,-0.04389612789945485
2001-03-31,-0.03417872627589691,-0.058193734883948856,-0.012157994097157565,-0.1055995502480318,-0.16455293511877234,-0.18033286200034704,-5.899598393574297,-5.899598393574297,-5.3999999999999995,-5.3999999999999995,-2.9731906025009476,-1.3673426719632031,-1.7976596609690136,0.6376691521679094,-0.5602135046408918,0.09833585476550666,-1.5697940503432495,-1.4597701149425288,-0.16417910447761186,0.02264150943396226,0.7534516765285995,0.0,-0.1349480968858131,0.0,-0.05940594059405946,0.05296733036922485
2001-06-30,0.014850190454367196,0.0424549327197854,0.019779238752772876,0.06523951208830847,-0.019655566329194407,0.046266623126555384,-1.3046838407494146,-1.3046838407494146,-1.2727272727272727,-1.2727272727272727,-0.8316609854849809,2.284575981787137,-0.518171342463325,-0.9379848229342327,-0.07899683153428927,0.2410468319559229,1.5381526104417675,1.0750000000000002,-0.017857142857142905,0.4833948339483394,0.0,0.0,-0.034399999999999986,0.0,-0.05263157894736836,-0.021387919955938917
2001-09-30,0.014628537832775512,0.02699447317054915,-0.005275064391748185,-0.05432033082634036,0.1595683338005045,0.010818396871145719,1.2417371252882399,1.2417371252882399,1.666666666666667,1.666666666666667,-1.0352695123110562,-0.5810084907295097,-0.48227015591224764,-6.238613188307274,0.44932944606413994,-0.074361820199778,-1.0949367088607596,-1.0963855421686748,0.15909090909090895,-0.05721393034825861,0.0,0.0,0.14333057166528596,-0.8953488372093024,0.022222222222222143,0.08601444517399859
2001-12-31,-0.02219016822155573,-0.008129210381005003,-0.09287475752682617,0.06577964853419527,0.41936742650537506,0.14838640985509088,-1.2386422081261785,-1.2386422081261785,-1.25,-1.25,65.59299191374663,0.7152605459057071,-2.6509727280803057,-1.4312224240851283,-0.13369005471515927,-0.08633093525179858,-1.8333333333333335,-1.875,0.18823529411764706,-0.21108179419525064,6.346938775510204,0.0,0.4514492753623187,0.0,0.010869565217391353,-0.06935567455519087
2002-03-31,-0.01191729918736828,-0.024194473238552172,-0.021659325417622388,0.018345806210124938,0.02697685508455816,-0.1710366260699292,-10.15014367816092,-10.15014367816092,-8.0,-8.0,0.19363717315631823,-0.39915611814345997,0.41635727737422656,-0.12879927776105926,-0.13444480564714623,0.20472440944881876,-12.52,-14.714285714285714,-0.15841584158415845,0.013377926421404451,0.0,0.0,0.039440838741887196,10.444444444444445,0.0,-0.0417633410672853
2002-06-30,0.36701518751223783,0.36922943511534,0.2525354830591984,0.2076636892490169,0.8024197656044558,0.3258673526451179,0.12632488027007938,0.12632488027007938,-0.14285714285714302,-0.14285714285714302,0.7150898609698202,106.91071428571429,-21.62922159328344,-22.719516407599308,3.3736452409056765,0.15359477124183019,0.16145833333333348,0.46875,0.8,0.3696369636963699,-0.848928258967629,0.0,0.3184438040345823,0.49514563106796117,-0.010752688172043001,0.1337530266343827
2002-09-30,-0.03480776085886683,-0.07783050903954569,-0.045047885508429863,-0.04438955581178927,-0.007743022604736471,-0.010153037897588923,-0.34845950090617595,-0.34845950090617595,-0.29166666666666663,-0.29166666666666663,-0.06953616196765389,-0.9904039774871846,-1.1630685993042653,-1.7742930754795,-0.5972569802247412,-0.40793201133144474,-0.1076233183856502,0.042553191489361764,-0.0065359477124183885,-0.6698795180722892,-0.5744896481830026,0.0,0.02805100182149367,0.051948051948051965,-0.010869565217391353,-0.03498206048180419
2002-12-31,-0.021723796219838887,-0.08323543657736077,-0.012745709682156603,0.04391783601911792,-0.044560836005791304,0.06467749880264728,-0.029956135658500083,-0.029956135658500083,0.0588235294117645,0.0588235294117645,1.5864941246467352,0.7922883162177872,0.13011857707509877,-1.3378383929671775,0.5,-0.38277511961722477,0.14572864321608048,0.22448979591836737,-0.028508771929824595,-0.37956204379562053,-0.3923103096291256,0.0,-0.023387668320340116,0.24691358024691357,-0.02197802197802201,-0.12180763953436913
2003-03-31,-0.008107182787415845,0.009566298241792337,-0.01785334682998385,-0.018644193760365524,0.017509077574267007,-0.09667530072455643,-0.17514061983015328,-0.17514061983015328,-0.2222222222222221,-0.2222222222222221,-0.8884762945375977,-0.4015135135135135,-0.8001438963945959,-1.6552772373540856,-0.2188648593765865,0.11111111111111094,-0.20760233918128657,-0.16111111111111098,0.0,0.14117647058823524,-0.16965285554311305,0.0,0.02576197387518131,-0.15841584158415833,0.0,0.02872839070611377
2003-06-30,0.007755855992942484,0.003892779172899097,-0.02929482424985219,0.0013990222787323425,0.10175334372513323,0.08819729597053882,0.7685519454472522,0.7685519454472522,0.714285714285714,0.714285714285714,5.170828729281768,0.3029263005780347,2.25,-2.6115234737428095,0.45277770556580976,0.20232558139534884,-0.044280442804428,-0.013245033112582849,0.10158013544018063,0.2061855670103092,0.43290627107215096,0.0,0.09338521400778199,-0.03529411764705881,0.022471910112359605,0.002498652687276337
2003-09-30,-0.02359652871698459,-0.05282676078666315,-0.03837028905802187,0.0029692664996288087,0.00942628526199929,-0.07962073884918797,-0.19868450895894763,-0.19868450895894763,-0.20833333333333326,-0.20833333333333326,-0.8087239909751818,-0.4231249133508942,-0.41896923076923076,-2.4917381541827393,-0.4636389664304631,0.2727272727272727,0.01158301158301156,0.046979865771812124,0.008196721311475308,0.15384615384615397,0.272470588235294,0.0,0.03396958912973158,0.03658536585365857,0.0,-0.055615286873228365
2003-12-31,0.09646784770480576,0.1203018867924528,0.13916093894379755,0.2553410599377348,0.005557379700372067,0.1694677127680282,1.0363241815265591,1.0363241815265591,1.0526315789473686,1.0526315789473686,3.409411471010422,1.324200913242009,0.1385601186220775,-1.910690852952528,0.7856141989724428,0.059270516717325084,0.26908396946564883,0.28205128205128216,0.024390243902439046,0.051851851851851816,0.031065088757396442,0.0,-0.08291614518147672,0.2941176470588234,0.0,-0.10758642103084248
2004-03-31,-0.04889359731462628,-0.03245545051758236,-0.06884421222230364,-0.032075781860025465,-0.0007663740880270442,-0.08438540216667678,-0.6689987490154288,-0.6689987490154288,-0.6666666666666667,-0.6666666666666667,-0.8877172620732605,0.31537586599110745,-0.7971162790697675,-1.5868791320562807,-0.25873472590710367,-0.010043041606886516,-0.03157894736842115,-0.009999999999999898,-0.039682539682539764,-0.035211267605633645,-0.2266857962697274,0.0,0.050494711702490536,-0.022727272727272707,0.01098901098901095,-0.0004059147579007494
2004-06-30,-0.007137389491909674,0.0008279463142180088,-0.011948904317639397,0.017628375233724958,0.0036787344275648337,0.07160066628328932,-0.1220604703247481,-0.1220604703247481,-0.15384615384615385,-0.15384615384615385,2.5493508130593723,0.09205251159500039,2.250687757909216,0.09936452917388783,-0.38372737813177393,0.07536231884057965,-0.1366459627329193,-0.13636363636363635,0.0020661157024792765,0.11678832116788307,0.08673469387755106,0.0,0.01071776550828174,-0.1441860465116278,0.010869565217391353,-0.016475229144912396
2004-09-30,0.007911273347104286,0.029933800158637336,0.007688967380354628,0.04503658771423069,0.008403228628075965,0.005639367317576305,0.015306122448979664,0.015306122448979664,0.09090909090909083,0.0,0.8025357815108143,-0.4781169018139937,0.02013470150569474,-2.0531397792958486,0.6557464212678936,0.04582210242587603,-0.09712230215827333,-0.09941520467836262,0.01030927835051565,0.045751633986928164,0.21169440887750746,0.0,0.0006426735218509894,-0.125,0.021505376344086002,-0.014450867052023142
2004-12-31,-0.011852357604018593,-0.035339754788750954,-0.03909724299225803,0.08781143230066424,0.04839690959492948,0.12314340304293281,-0.3065326633165829,-0.3065326633165829,-0.33333333333333326,-0.2727272727272727,2.5594632935335144,-3.729103448275862,5.3806429312132735,0.45175575375787447,0.5749573895215276,0.04381443298969079,-0.41035856573705176,-0.40909090909090906,-0.03469387755102038,0.031249999999999778,0.15674533286368453,0.0,-0.026974951830443183,-0.4285714285714286,0.04210526315789487,-0.11323238973008565
2005-03-31,-0.014017272353149313,-0.027654432016188002,-0.015261839278698175,-0.01382956197682128,-0.011494728374845553,-0.15881437387362785,-1.9089673913043477,-1.9089673913043477,-1.875,-1.875,-1.2587223301615769,-1.453098150207217,-1.113125162520586,-2.5482900842069087,-0.5652221647140012,0.05802469135802468,-0.46621621621621623,-0.46153846153846156,0.07188160676532762,0.09696969696969715,0.8206455542021922,0.0,0.09306930693069315,-0.46739130434782605,0.02020202020202011,-0.013970439360194487
2005-06-30,-0.0028543221437333788,0.03370039024495397,-0.010043802378040811,0.05814234776621685,0.011662105828495362,0.12180621244631706,-5.471848530144494,-5.471848530144494,-5.571428571428571,-5.571428571428571,-1.9443731279418057,0.18862242052426104,-1.8955559812278517,-1.3737721294189467,0.4859132065942786,0.09801633605600935,0.8607594936708858,0.9183673469387756,0.011834319526627057,0.027624309392265234,1.0528516474326808,0.0,0.01449275362318847,0.8775510204081634,0.01980198019801982,-0.02313483915126613
2005-09-30,-0.007596629881210237,-0.007100224921021692,-0.007067388526660001,-0.10837734297216572,-0.008642304430660497,-0.06030397951285149,-1.5543175487465182,-1.5543175487465182,-1.5625,-1.59375,-0.48975985500679653,-0.24361861861861867,0.14560718678145546,-1.442242019302153,-0.1446189701633852,0.19553666312433582,-0.6632653061224489,-0.6595744680851063,-0.007797270955165692,0.17741935483870952,-0.3751018412905328,0.0,-0.0008928571428572507,-0.6630434782608696,0.009708737864077666,0.1135790358744393
2005-12-31,0.002143945513433998,0.022579438038997868,0.021325547137430956,0.054324276758567436,-0.03581525222751414,0.13706860050655512,-1.7888442211055278,-1.7888442211055278,-1.777777777777778,-1.7894736842105263,3.774131959861469,0.4426799007444169,0.5884055265123227,-10.674332717810978,1.6356360333768518,0.07466666666666666,0.3939393939393938,0.4375,-0.03536345776031424,0.08675799086757996,2.3777053455019557,0.0,-0.037831397080727025,0.4193548387096775,0.0,-0.030076134147108746
2006-03-31,0.0025563590985651086,0.002979838480058339,-0.009862339020842992,-0.03918281476194452,0.028588636675105805,-0.11462554958707338,0.7699069945215951,0.7699069945215951,0.7857142857142856,0.6000000000000001,-1.424848637035797,0.012555899552803673,-1.2708198648251543,-1.816935623807045,-0.5069779462439696,0.3697270471464018,1.5217391304347823,1.5,0.026476578411405383,0.4159663865546219,-0.08684911413903573,0.0,0.026006191950464386,1.477272727272727,0.019230769230769162,0.04385338955562745
2006-06-30,0.03757529659713987,0.07498387458569544,0.023158898284223683,0.03649581469327967,0.06666549791670318,0.15141231186635618,1.3805787503599194,1.3805787503599194,1.3599999999999999,1.375,-2.1738578402399247,0.4007134363852556,-3.720486111111111,-1.2647196261682243,0.2722130001747336,0.10144927536231885,0.4885057471264369,0.4956521739130435,0.06746031746031744,0.0741839762611276,-0.555184511983768,0.0,0.028062764031382192,0.47706422018348627,0.009433962264151052,0.037163631843887934
2006-09-30,0.02544616829392643,0.048161267168447486,0.018496556167000078,0.0824927282421637,0.0388975023420679,0.023773375891103177,-0.14780321127271623,-0.14780321127271623,-0.13559322033898302,-0.12280701754385959,-0.8791936295992391,-0.07191365510550574,-1.0054243777919591,-1.7630586536146995,-0.16327021134135666,-0.05537280701754377,0.8069498069498071,0.8255813953488371,0.01115241635687747,-0.11602209944751374,-0.36206405017580545,0.0,0.012914587613736428,0.7701863354037268,0.028037383177570208,-0.031757445023668396
2006-12-31,0.044375973676164415,0.07624793796677132,0.027503869850736384,0.1800504838143444,0.07639151826441881,0.14639244275433105,0.4152503282120428,0.4152503282120428,0.3725490196078429,0.3999999999999999,21.964803951836988,1.228341826734614,-727.5955882352941,-2.9203995793901156,0.3747255678437327,0.004062681369704002,0.31517094017094016,0.3471337579617835,0.10294117647058809,-0.006249999999999978,-0.47043050796961117,0.0,0.030715734569690012,0.3192982456140352,0.027272727272727115,-0.08793861006250381
2007-03-31,0.03167847875827534,0.07512735238291146,0.0531550337570843,0.08864344890932041,-0.007223301123080228,-0.09075476182392284,-0.15724815724815722,-0.15724815724815722,-0.1428571428571428,-0.15714285714285714,-1.4961684793568422,-0.3708622863341836,-1.6658064907859984,-2.5882385150303895,-0.43292537313432833,0.03410404624277463,0.1242891957757919,0.13238770685579193,-0.013333333333333308,-0.06289308176100639,-0.24894514767932485,0.14285714285714302,-0.037672195670508946,0.1170212765957448,0.008849557522123908,-0.012416881530736834
2007-06-30,0.0568272723341694,0.11245157103664227,0.05244504893385127,0.10079177057356614,0.06524781536773072,0.1584229524520786,0.8803177247575416,0.8803177247575416,0.8666666666666669,0.8813559322033901,-1.1645645076070612,0.04128996178581423,-0.7205781770097123,-1.3434117079224988,0.2621729746802126,0.21688093907210737,0.17341040462427748,0.17536534446764107,0.06587837837837829,0.2348993288590604,0.03632958801498143,0.125,0.007887817703768674,0.1595238095238094,0.01754385964912286,0.010580556509790506
2007-09-30,0.04676979258035563,0.08542425916763419,0.028776195449532027,0.05857738611027741,0.08092935948797586,-0.012281382262589458,-0.0023732299659836587,-0.0023732299659836587,0.0,-0.009009009009009028,7.789495348645756,-0.3954976727533118,-4.945768059181898,1.3242646320650535,0.48278594515691786,0.08497932935231978,0.14963054187192126,0.15985790408525746,0.07923930269413626,0.016304347826086918,-0.11709432598482117,0.11111111111111116,0.0327536231884058,0.16016427104722797,0.0,0.025358623971717842
2007-12-31,0.07505063127241463,0.1214233686256796,0.056670760627576255,0.1147799429136509,0.1082599837315168,0.2068247163167245,0.5208944572198875,0.5208944572198875,0.5089285714285712,0.5090909090909088,2.4867373508420285,0.46442585326127195,-0.1524697059512814,11.934865238424326,4.211512228050684,0.24470787468247246,0.20353508302088907,0.21592649310872902,0.10425844346549185,0.15508021390374327,0.03151862464183375,0.10000000000000009,0.030872859949480747,0.20353982300884965,0.008620689655172376,0.005967378331786399
2008-03-31,0.04976535476864852,0.0781928867533297,0.024441467439809905,0.031137116255259167,0.09339145243882907,-0.10460982359357107,-0.08169968717413978,-0.08169968717413978,-0.08284023668639051,-0.07831325301204817,-1.4631942299168603,-0.3390293225480283,-1.1156492460840286,-1.5765624373889697,-0.4659299736895365,0.0853741496598639,0.11526479750778806,0.14735516372795976,0.0877659574468086,-0.01851851851851849,-0.14841269841269833,0.14545454545454528,0.04138306561393956,0.15441176470588225,-0.008547008547008517,0.04561033482731336
2008-06-30,0.026423740994735434,0.04954268404491735,0.0035400541481913628,0.04086860128755787,0.06336004753382896,0.16539097711812611,0.3951513086924432,0.3951513086924432,0.3935483870967742,0.392156862745098,-0.9662357696701869,0.5413798378461068,-6.220393811533052,-0.6457182240446653,-0.3090802524341504,0.2710748981510498,0.09816440542697524,0.1372118551042809,0.0672371638141811,0.16981132075471694,0.0498602050326189,0.12698412698412698,0.03607843137254907,0.1273885350318471,0.008620689655172376,0.008383761976802795
2008-09-30,-0.012643715129012745,-0.01947070542171936,0.019815595354337523,0.07079418478734767,-0.06208857290341807,-0.003466640175189273,-0.04732875374397705,-0.04732875374397705,-0.04629629629629628,-0.04225352112676051,-30.79216763998626,0.46784438269154416,1.9454697308510926,-1.2728253584214742,0.12204735926050514,-0.08555226824457596,0.09629360465116288,0.10907335907335902,-0.04810996563573877,-0.14314516129032262,-0.23080337328007117,0.12676056338028174,-0.04996214988644965,0.0847457627118644,0.025641025641025772,-0.08432831155841713
2008-12-31,0.07432955429287902,0.10824465507181369,0.13727588390731804,0.11916491158714404,-0.029929090488706844,0.013319267123905076,-0.02233252740305347,-0.02233252740305347,-0.009708737864077666,-0.004901960784313819,1.3685673104641105,0.8396213657876943,-0.6033001911696104,18.07609802864162,2.0749457410823107,-0.4362361822593691,0.030162412993039345,0.009573542210618013,-0.019253910950661868,-0.4070588235294118,-0.5083669936526255,0.09999999999999987,-0.09721115537848612,0.030208333333333393,-0.025000000000000022,-0.009762424904423916
2009-03-31,-0.0571693573119626,-0.08881100142555498,-0.10651911743056186,-0.16612727892357937,0.033426745929679536,-0.12338435032255246,-0.1933848909861493,-0.1933848909861493,-0.1911764705882354,-0.1921182266009852,-1.4384000116837217,-0.18680167597765363,-0.44124971178233807,-1.8497177732197096,-0.5728223454403636,-0.1678622668579628,0.00933075933075922,0.002586206896551646,0.031901840490797584,-0.15476190476190477,-0.20774647887323938,0.10227272727272729,0.09620476610767881,0.002022244691607611,0.0,0.09272664598414337
2009-06-30,0.04208941123378951,0.04506229767371828,-0.0005221194933039408,0.0015661543601737105,0.11347327566507515,0.06408835142272173,0.17239586154596176,0.17239586154596176,0.17575757575757578,0.1707317073170731,-1.5722154052868573,0.09328602743440828,-0.09095035695126485,-1.1848275709105158,0.24808597839624102,0.3362068965517242,-0.04462862607586848,-0.042132416165090336,0.1153388822829966,0.295774647887324,0.31851851851851865,0.09278350515463929,0.068438003220612,-0.01816347124117046,-0.02564102564102566,0.043406940063091426
2009-09-30,0.016110954422025925,0.02104545147565351,-0.03176052089126269,-0.01982331618718003,0.08849213408900303,-0.03607395091154708,0.08063353601064516,0.08063353601064516,0.08247422680412386,0.078125,-0.20834465359984478,-0.47938154984600756,0.18266830087611785,-0.20624412488249766,0.1577773537199152,0.17075268817204292,-0.05005005005005014,-0.01795332136445249,0.08955223880597019,0.050724637681159424,0.20224719101123578,0.08490566037735836,0.07133885958301933,0.023638232271325776,-0.0350877192982455,0.041722094570081136
2009-12-31,0.05772104593770466,0.10209441514282824,0.06562079242239771,0.10767794387780683,0.04842349441615368,0.1408182565476508,-0.05578738541524153,-0.05578738541524153,-0.06190476190476191,-0.05314009661835739,4.230377016227877,-0.17318457934648823,0.3343185045868038,8.148965656260236,1.2467851317709675,0.23438648052902278,-0.07446434843695116,-0.022851919561243217,0.05088062622309186,0.1344827586206898,0.22990654205607486,0.07826086956521738,-0.00890973036342313,-0.016064257028112316,-0.00909090909090915,-0.00504991873693994
2010-03-31,-0.042329368536847434,-0.05638809245067267,-0.08348538113975168,-0.13380445420459608,0.013589345436506584,-0.20029389369954953,-0.27350117732294876,-0.27350117732294876,-0.2690355329949239,-0.2755102040816326,-1.3490659330358816,-0.6653061224489796,-0.6208900267525818,-1.5121634833858908,-0.28420956107103557,-0.0005952380952382041,-0.08576850094876665,-0.04490177736202061,0.007448789571694592,-0.04863221884498481,0.008358662613981771,0.08064516129032273,0.05843387745445949,-0.013265306122449028,-0.02752293577981657,0.08937634910448633
2010-06-30,-0.027150377693417216,-0.027341957861083177,-0.05541976577972807,-0.0835243490619445,0.00740612165418586,0.00228385264040476,0.14244577412116688,0.14244577412116688,0.13888888888888884,0.14084507042253525,-1.6462382266261186,0.47761836441893823,0.9742772592761211,-1.1889935686476953,0.0750412079700058,-0.0014889815366289083,-0.07471980074719808,-0.040156709108716826,0.010166358595194103,-0.009584664536741117,0.028636021100226117,0.06716417910447747,0.03553866785873927,-0.010341261633919352,-0.037735849056603765,0.06131848122958283
2010-09-30,0.06852457898253528,0.017576126669476944,0.04162662351761681,0.09568421461863763,0.09893926076497106,0.011013467957415202,0.13390509236527115,0.13390509236527115,0.13414634146341475,0.1358024691358024,-0.6252246449830152,20.116807457034664,0.12133440947000262,-6.4882205656404714,-0.38309480399283424,-0.032806441992245805,-0.07178106774338266,-0.04489795918367345,0.10064043915828003,-0.04193548387096768,0.00805860805860803,0.06993006993007,0.028491258363910976,-0.013584117032392817,-0.02941176470588236,-0.07129881925522252
2010-12-31,0.0543961167178586,0.08119140185714735,0.06350601068727757,0.1483352243920555,0.04344568656569048,0.17358783386728782,0.08261241928809948,0.08261241928809948,0.08602150537634401,0.08695652173913038,9.322199739446184,-0.7610560874003366,1.5548053194406362,-2.280352949105444,0.7950922852552855,0.1106999691643542,-0.034316094731754454,-0.007478632478632563,0.0457190357439734,0.006734006734006703,0.1482558139534884,0.065359477124183,-0.01049317943336836,0.020127118644067687,-0.030303030303030276,-0.058462374354794844
2011-03-31,-0.00232650434650028,-0.012094729100891377,-0.0533462128607507,-0.0909655823534461,0.05439077670133741,-0.12552779709440853,-0.13796842778923413,-0.13796842778923413,-0.13861386138613863,-0.14,-1.6127569187473483,-0.6011238117230497,-0.6306497269885563,-2.088089048694962,-0.48194246913890226,0.13908939478067728,-0.007507507507507505,0.020452099031216253,0.05246422893481717,0.09030100334448155,0.13227848101265827,0.06134969325153383,0.056839872746553555,0.03322949117341656,-0.01041666666666663,0.08673322176698006
2011-06-30,0.025562676900547254,0.03866566127337334,0.004562313204421908,0.007851075802839391,0.046725747686374275,0.12890503175368795,0.018044585593202767,0.018085830360273114,0.01724137931034475,0.023255813953488413,-0.9578941832795033,0.20247973755306825,0.2850241545893719,-0.7486389228977266,-0.23383807961005065,-0.045576407506702554,-0.039838628340897575,-0.01793248945147674,0.048338368580060465,-0.09202453987730053,-0.08552263834544449,0.06358381502890187,0.02067027894842477,-0.022110552763819125,0.010526315789473717,0.030586236193712812
2011-09-30,-0.01813850400457917,-0.004694121381421668,-0.026068457256333,-0.027147791820212874,-0.009613458238349804,-0.00349899444993218,0.09155086496779163,0.09154715605250363,0.09604519774011289,0.09090909090909083,-10.128850957535388,-0.08240722166499503,0.3320990446039911,-1.0973114618186126,0.029700151821862253,-0.2106741573033707,-0.02258403361344552,-0.004296455424274925,-0.00648414985590795,-0.2466216216216216,-0.22555012224938875,0.059782608695652106,0.008651199370821816,-0.02466598150051391,0.02083333333333326,0.02308326463314092
2011-12-31,0.03171718366568044,0.019743422415659406,0.07855409093334864,0.13270126480471722,-0.012568386360314321,0.12802133688948159,0.16076681110873992,0.16072372999304108,0.17010309278350522,0.19270833333333348,3.199042298483639,4.495124830571466,1.7355868185965582,15.654647801612658,0.4803782609649605,-0.06405693950177938,0.011284255776464303,0.02049622437971954,0.006526468455402501,-0.058295964125560484,-0.07419100236779785,0.05128205128205132,-0.042884990253411304,0.0010537407797681642,0.020408163265306145,-0.09971796937953259
2012-03-31,-0.0009094421468026637,-0.008420098662508924,-0.03950973901886379,-0.061551865204945044,0.03870671284374527,-0.15050152952081863,-0.25557767172674006,-0.25554569653948533,-0.24669603524229078,-0.2620087336244542,-1.292944843577755,-0.7890339674886019,-0.7318802358051505,-2.504160919330234,-0.4880956615563381,0.2868994123746975,-0.023910733262486716,-0.017970401691332016,0.036023054755043304,0.2761904761904763,0.23785166240409206,0.05853658536585371,0.03971486761710796,-0.025263157894736876,0.0,0.05661221749832168
2012-06-30,-0.0027124053516253133,0.004383354762812042,0.15833006921702952,0.2701584264614225,-0.1569642910161303,0.09976464678412622,0.15238657718120807,0.1523800319986255,0.16374269005847952,0.17159763313609466,-2.559592551742036,0.05925171607452673,2.836197419429497,-1.0152980043968858,0.01458649402990253,-0.024174053182916988,0.05824714207947723,0.01829924650161474,-0.09874826147426985,-0.05597014925373145,-0.01997245179063356,0.055299539170506895,-0.15475024485798228,0.0075593952483801186,0.010000000000000009,-0.20923337568826772
2012-09-30,0.029932371273868608,0.03950991100022261,0.04150016160081038,-0.195225922777147,0.014695109680016083,-0.013789253314724359,-0.009504640500950456,-0.009504286246738713,0.05025125628140703,0.045454545454545414,-0.6304125610640297,-0.07676695745059636,-1.017005776685118,15.755458515283841,0.24088966001381173,0.10762455271125804,0.029320987654321007,-0.017970401691332016,0.03780864197530853,0.22529644268774707,0.07659873506676029,0.05240174672489095,-0.014600231749710257,-0.012861736334405016,0.0,0.2916443492233529
2012-12-31,0.014168121915413723,0.007036202670273051,0.07360880066172815,0.12775171418260545,-0.06276700608089614,0.13919272542011774,0.33214796417550985,0.3321260583254939,0.36363636363636376,0.36714975845410636,5.34462686327164,0.7701801072158587,-118.07716186252772,1.0572890752718744,0.399374482568301,0.1346918489065605,0.08595702148925533,0.027987082884822545,-0.026765799256505574,0.09354838709677415,0.11357702349869436,0.04979253112033177,-0.07596425211665092,0.02497285559174811,0.0,-0.10703918722786654
2013-03-31,-0.02965396912631535,-0.03882102724748704,-0.012326147623696104,-0.017288172888015763,-0.05707910035821251,-0.17438117889401605,-0.30940947161763255,-0.3094029165636807,-0.28771929824561415,-0.2897526501766785,-1.273895875468236,-1.04468506939149,-0.9038593381286244,-2.552595817210245,-0.4431030856000947,0.16622864651773983,0.08605614358030378,0.007329842931937058,-0.04736440030557676,0.20058997050147487,0.09261430246189928,0.055335968379446765,-0.028251463476711813,0.005296610169491567,0.0,-0.02188425146572237
2013-06-30,-0.0064586763387224355,-0.008342198722928296,0.01237964905118294,0.03644235973299659,-0.03713964945826442,0.1303397057804332,0.231079160232746,0.23107207133507845,-0.5812807881773399,-0.5820895522388059,-1.6962524289812158,-14.05558264261336,3.357458041131511,-0.5198976375032451,-0.38200038952531035,0.01183098591549303,0.0669491525423731,0.027027027027026973,-0.02165196471531683,0.06142506142506132,-0.02467811158798283,0.05243445692883908,-0.030906233630172752,0.01685985247629085,0.00990099009900991,-0.04320474777448069
2013-09-30,0.012516000476914924,0.0056607038799081355,-0.010447521666939852,-0.015950348437432482,0.05158402733589251,-0.00844597047581086,0.04888442177661845,0.048883203614948245,0.05882352941176472,0.0714285714285714,0.8833926957631173,0.22903984763042917,-0.0865724541369427,-1.1396523754345307,0.08632248452899383,0.09187082405345204,0.07347100873709267,0.045546558704453455,0.060655737704917945,0.1157407407407407,0.02970297029702973,0.04982206405693956,0.03864864864864859,0.02901554404145079,0.019607843137254832,0.021957573502046746
2013-12-31,0.07251382715450005,0.0840351458949058,0.09491022539554161,-0.02267525336380949,0.03641800076136348,0.13049272735113182,0.11731117992254747,0.11731631214660188,0.12222222222222223,0.12222222222222223,1.673490269133607,2.353448799756913,-0.8137608140478689,26.66379024228344,2.198248806603898,0.1463539010708823,0.0014798372179061214,-0.012584704743465736,0.050231839258114475,0.08091286307053935,0.07425213675213671,0.047457627118643986,-0.033827738745771385,-0.01309164149043296,0.0,0.10918912357368282
2014-03-31,-0.05506049258517376,-0.08432834091105446,-0.08326243855258175,-0.15665820977999467,-0.007962557321270158,-0.2312471211423307,-0.23638399818547817,-0.23638438421410746,-0.2277227722772277,-0.2277227722772277,-1.2234665624975256,-1.1399304108298147,5.867658782885996,-1.7973829548135796,-0.5480643423381821,0.1238137603795968,0.010343553749538215,0.015686274509803866,-0.005886681383370118,0.07101727447216888,0.10193933366484331,0.05177993527508096,0.0500942633988688,0.026530612244897833,-0.009615384615384581,0.08574555403556783
2014-06-30,0.026621378120976313,0.04668605094913558,0.01754924418313597,0.02793433839925119,0.041138548067729985,0.1462753806631365,0.14646258377113996,0.14645850543453043,0.15384615384615374,0.15384615384615374,-1.866922577216087,-2.393187852101276,-0.4520759973687265,-0.8954450618893816,-0.12679422927209028,-0.002770814091568874,-0.02266910420475332,-0.006756756756756688,0.04515173945225759,0.0017921146953405742,-0.033844765342960326,0.04923076923076919,0.014106181072069734,0.008946322067594492,-0.01941747572815533,0.018244128616066835
2014-09-30,-0.018897650687356604,-0.020439796408194932,-0.026224084072326237,-0.02673470959106128,-0.00875030670591126,-0.016633751994890478,0.040878288115421046,0.040877295249198475,0.04444444444444429,0.03333333333333344,0.8729120684487315,0.3531024866372299,0.0959604519774011,-1.9257926800019187,0.13443013463909348,-0.016141836464673154,-0.010101010101010055,0.0,-0.004957507082152923,-0.057245080500894496,-0.03269500233535727,0.04692082111436946,0.010369246332827542,0.009852216748768239,-0.00990099009900991,0.006483864581271037
2014-12-31,0.036348396899812174,0.045246351764358206,0.05438951943764536,0.11963289353075646,0.00869386301421371,0.14729670468400657,0.2368740374294116,0.23686851009217125,0.24468085106382986,0.23655913978494603,2.2353784153402976,0.6796853531189888,0.16051498827228916,13.89538860103627,1.7651056984447622,-0.15949435180204408,0.027588813303098814,0.0388726919339164,0.020640569395017794,-0.15559772296015173,-0.16610333172380498,0.04481792717086841,-0.026783479349186567,0.03804878048780491,0.010000000000000009,-0.06643717728055076
2015-03-31,0.05709739493802357,-0.012105592980796054,0.1524570439865216,-0.0890761783439491,-0.0930324783776032,-0.2654914471907738,-0.8260164135458918,-0.8260008300947063,-0.8205128205128205,-0.8260869565217391,-1.2095529958786855,7.6681322726436125,-5.651634110317716,-1.405501580974047,-0.25885200399689134,-0.06272,-0.14269952188304513,-0.1749298409728718,-0.0913528591352859,-0.08089887640449445,-0.09785755645628258,0.04825737265415553,-0.14197530864197527,-0.1456766917293233,-0.03960396039603964,0.08449220396123058
2015-06-30,0.011508886392756823,0.006739029785482797,0.011661518337142684,0.018386504431049167,0.009539553298657966,0.1454997930259605,1.7111978601894022,1.7110123242618092,1.666666666666667,1.8000000000000003,-2.1938176629006128,-0.9301566779832162,-1.2433518352730528,-0.841542711067648,-0.05534250515315664,-0.051553431205189404,-0.09094809094809098,-0.12925170068027214,0.01765157329240208,0.041564792176039145,0.12130937098844674,0.04603580562659837,-0.0020983213429257574,-0.09900990099009899,-0.030927835051546393,-0.011462988148436049
2015-09-30,-0.028965260963509487,-0.04649650586194731,-0.021115529153743484,-0.03745299974073868,-0.045377184808569115,-0.05658952012782137,0.24817352815699656,0.24816360267160809,0.26785714285714257,0.24999999999999978,0.015386689435132439,0.16930144575057415,0.4298663841309083,3.193482026851451,-0.24567401618755236,-0.16774658027357814,-0.06040585181689484,-0.10546875,-0.02714932126696823,-0.18075117370892013,-0.06811677160847152,0.044009779951100114,-0.01682186842895761,-0.06837606837606836,-0.04255319148936165,-0.009384827044025323
2015-12-31,-0.010547171475625006,-0.006769371509312894,-0.00972635505770758,0.034758981920886,-0.012939467151723894,0.1743868538846267,-0.23766595815130898,-0.23765834276803455,-0.25352112676056326,-0.2142857142857142,1.5319401294068706,0.07499422232493647,-0.24620588396728693,-2.6601946760992488,0.5407034922343406,-0.04455017301038067,-0.21798091411351073,-0.25181950509461426,-0.006976744186046546,-0.02005730659025795,0.03992628992628977,0.042154566744730726,-0.002444240757714544,-0.23066841415465278,-0.022222222222222254,-0.040126977828480626
2016-03-31,-0.024060268228886073,-0.07698290746381176,-0.05264527500082594,-0.05894282340241863,0.033716636953285306,-0.2643802414717241,-0.46955388667824915,-0.46954816112084063,-0.4528301886792453,-0.4727272727272728,-1.0279530573219462,-0.459556057185854,-0.6758808377401768,-1.4364317817763332,-0.15316392136315504,-0.08125848800362145,0.04303147077713532,0.05252918287937747,0.031225604996096834,-0.07309941520467833,0.19255759007678686,0.04269662921348294,0.05911179173047465,0.0528109028960817,-0.011363636363636354,-0.019171145101281595
2016-06-30,-0.009913170917778436,-0.002398742954953237,-0.021814075277525435,-0.03219247977421502,0.012370948501304602,0.08338259885478783,0.6639900684117384,0.6639549932648372,0.6551724137931034,0.6551724137931034,-2.4102051025512754,0.0162597583412063,-0.07843302443133948,-0.21061540106189647,-0.14277289747935984,0.15816703621581651,-0.040024630541871775,-0.025878003696857776,0.012869038607115746,0.12302839116719255,0.10896483407627544,0.04094827586206895,0.022556390977443774,-0.012944983818770295,-0.011494252873563204,0.03076760971497805
2016-09-30,-0.01583033097091613,-0.01670489179907908,-0.009251952665895735,-0.029761779813047284,-0.02841495525167781,-0.0807790051372399,-1.3322062955378828,-1.3321957491388752,-1.3333333333333335,-1.3333333333333335,3.869900673997871,0.38751345532830994,0.008227443093518527,-0.8839182936463154,-0.019333641588944905,-0.008721548606679397,-0.431686978832585,-0.42125237191650855,-0.029147982062780353,-0.022471910112359605,0.03037070120589558,0.039337474120082705,-0.012726244343891469,-0.4098360655737705,-0.011627906976744207,0.013493483260925254
2016-12-31,-0.02980858339847392,-0.03575127576713888,-0.02182345444134548,-0.019389401525622407,-0.04602988277411579,0.1381684535911989,-3.5098910550458715,-3.509986620795107,-3.5625,-3.5,2.319487188825961,-0.20438676916566756,0.27563695711306546,-21.6673147968112,0.40745198758002066,-0.0015021459227467782,-0.11738148984198638,-0.1081967213114754,-0.046959199384141614,0.028735632183908066,0.7386215864759427,0.03784860557768943,-0.016614150673159633,-0.07777777777777772,-0.03529411764705881,-0.016692722779767077
2017-03-31,-0.009502597515397948,-0.019981381292246247,-0.025804036092702876,-0.06750800636096255,0.021023529055132162,-0.19312677137266188,-0.6373293734650751,-0.6373431818614479,-0.6341463414634146,-0.625,-0.9784565757640592,-0.313225777856573,-0.0801051958205985,-1.3892955255334363,-0.11269957130639885,0.04040404040404022,-0.13299232736572897,-0.12867647058823528,0.02100161550888524,0.0921787709497206,0.19496384941411127,0.03646833013435713,0.030585493737256053,-0.12349397590361444,0.0,0.05092830033849638
2017-06-30,0.028073340285615256,0.0727323030955982,0.025749621442132442,0.04317016172771648,0.03246587211662555,0.012403066772247673,1.1983202099737533,1.1983202099737533,1.1333333333333333,1.1333333333333333,9.866564807741279,-11.988641497257179,0.12388605573584721,-5.335000845839677,0.5506057713263124,-0.013426977897128656,-0.18141592920353977,-0.17721518987341767,0.03164556962025311,-0.03324808184143235,0.14542040475693718,0.035185185185184986,0.0045223289994347216,-0.15463917525773196,-0.03658536585365846,0.028353911473329774
2017-09-30,0.008138490943387255,0.009709983833942948,-0.0009174649687048175,0.0017394748251584602,0.026230170094695193,0.0072024472586347255,0.13675438177563404,0.13675438177563404,0.125,0.125,-0.39633960583975814,-0.9039284896252401,0.23182693189109904,-1.016824805717535,-0.005974332935440363,-0.10908710217755446,0.7279279279279278,0.7384615384615385,0.026840490797546135,-0.13756613756613756,0.09162112932604738,0.033989266547406194,0.017726505346088883,0.7682926829268291,-0.012658227848101222,0.007972665148063829
2017-12-31,0.015790605981622408,0.04909163964067398,0.05641884213035597,0.08237359544446354,-0.05381234388295686,0.1705834408748217,-3.224157126352274,-3.224157126352274,-3.2500000000000004,-3.2500000000000004,8.266537267080745,-0.6657293067612178,-0.08582006250930196,-67.70046388336647,0.40088580344642866,-0.023501762632197387,-0.9833159541188738,-0.9823008849557522,-0.05526512322628829,-0.04907975460122693,-0.4363423994660437,0.03287197231833905,-0.06828863699198229,-0.9839080459770115,-0.02564102564102566,-0.03074387947269308
2018-03-31,-0.028542662072948533,-0.05761887175158131,-0.053326110040993746,-0.15282466602516032,0.018518216328304193,-0.11035616544334526,-1.1430190496878572,-1.1430190496878572,-1.1481481481481481,-1.1481481481481481,-1.5057560346199927,-3.3573518653986834,-0.0464803923563768,-1.8335138249992549,-0.23852326763286402,0.022141997593261076,-1.4375,-1.5,0.0181818181818183,0.08387096774193536,61.86264061574896,0.0318257956448913,0.04836795252225512,0.0,0.013157894736842035,0.1123524554330404
2018-06-30,-0.025091419520216318,-0.015892586321228364,-0.01881393740448012,-0.00010066849579426496,-0.03772014096617249,0.05780180313363492,-0.12698936802482996,-0.12698936802482996,-0.16666666666666663,-0.16666666666666663,-1.5300388479793252,0.39247478665632274,-0.1379148436666311,-0.8914403890623882,-0.0340049695980823,0.03084530256651763,24.428571428571427,19.666666666666668,-0.03804347826086962,0.011904761904761862,0.0,0.030844155844155674,-0.013020096235493939,0.0,0.038961038961039085,-0.01576419213973812
2018-09-30,-0.009796108993592734,-0.020364173315448708,-0.011543097520796297,-0.01213367462756032,-0.005316157517605391,-0.02097666393664155,1.1335098335854767,1.1335098335854767,1.1999999999999997,1.0999999999999996,0.2982497265197688,0.043957880661875226,0.1382665313296858,-1.6862475981334066,0.024157296856459176,0.10027409776153506,0.6853932584269662,0.6774193548387097,-0.004842615012106588,0.14411764705882368,0.0,0.02992125984251981,0.004588471465442945,0.0,0.02499999999999991,-0.008341097652956986
2018-12-31,0.002434928157350358,0.025155430863861294,-0.006334184727554426,0.03931909083916629,0.018149592167331363,0.035845939398519544,1.2372983513561424,1.2372983513561424,1.1363636363636362,1.2857142857142856,0.9800541679205537,0.7018358416052941,-0.12875723171951803,6.17928,0.1693411731849901,-0.052314718704587926,-3.43,-3.4711538461538463,0.01703163017031617,-0.04884318766066842,0.0,0.02905198776758411,0.01570082786183269,43.57142857142857,0.0,-0.01364592188268976
2019-03-31,0.04987135737305182,0.02244009491659127,0.061923256900616064,0.03742547237447669,0.027086155822725777,-0.09810440515287266,-0.09257879974010741,-0.09257879974010741,-0.06382978723404253,-0.08333333333333326,-0.7658319806921875,-1.8960142996017435,0.09306505566927958,-0.7991219175181912,0.02909068023489425,-0.07185104052573932,0.35253772290809304,0.34630350194552517,0.02551834130781505,-0.0864864864864866,-0.9780739345420296,0.028231797919762158,-0.021922428330522825,0.36217948717948745,-0.012195121951219412,-0.014424385376031967
2019-06-30,-0.005217789260985817,-0.011203620748880705,-0.021376378798736106,-0.05578586645098982,0.02342424912511798,0.11239018887681707,0.015909606887759553,0.015909606887759553,0.0,0.0,-0.7188140917469301,-1.4738039407832568,-0.016991732517242952,-3.287679591723526,-0.06466889338414017,0.17842813311305172,0.2576064908722111,0.2658959537572254,0.023328149300155587,0.14792899408284033,-0.12822164948453607,0.027456647398844014,0.029022988505747138,0.27294117647058824,0.0,0.04722017673048584
