Quarter end,Assets,Current Assets,Liabilities,Current Liabilities,Shareholders equity,Revenue,Earnings,Earnings available for common stockholders,EPS basic,EPS diluted,Cash from operating activities,Cash from investing activities,Cash from financing activities,Cash change during period,Cash at end of period,Price,ROE,ROA,Book value of equity per share,P/B ratio,P/E ratio,Equity to assets ratio,Net margin,Asset turnover,Current ratio
1996-03-31,0.12791091722083792,0.13957332893009977,0.307310697192251,0.37402078699100283,0.04078974456983131,0.05428148660791243,0.10452212085314128,0.10452212085314128,0.05555555555555558,0.18181818181818188,-2.5143505087249256,0.7358792133311352,-4.406171038017673,1.0228179598207543,0.19431515939859922,0.4369747899159664,0.016725798276735926,0.0733876945885843,0.04210526315789487,-0.19444444444444453,0.16152897657213328,-0.07728658536585364,0.01775147928994092,0.022346368715083775,-0.17063883316900685
1996-06-30,0.12791091722083792,0.13957332893009977,0.307310697192251,0.37402078699100283,0.04078974456983131,0.05428148660791243,0.10452212085314128,0.10452212085314128,0.05555555555555558,0.18181818181818188,-2.5143505087249256,0.7358792133311352,-4.406171038017673,1.0228179598207543,0.19431515939859922,0.4369747899159664,0.016725798276735926,0.0733876945885843,0.04210526315789487,-0.19444444444444453,0.16152897657213328,-0.07728658536585364,0.01775147928994092,0.022346368715083775,-0.17063883316900685
1996-09-30,0.14259765258253032,0.17716336998999083,0.2869898288314665,0.3235690143349046,0.054868164741736836,0.16762616473374425,0.48176388698655304,0.48176388698655304,0.5263157894736841,0.18181818181818188,0.20719009731710347,-0.49758285640543054,-0.2592077670429793,-2.1919717238407412,-0.1939338822705463,-0.1578947368421053,0.016725798276735926,0.0733876945885843,0.05050505050505061,-0.19444444444444453,0.16152897657213328,-0.07682141087064265,0.01775147928994092,0.022346368715083775,-0.11060096745101256
1996-12-31,-0.044244248735992864,-0.06294405663937197,-0.19657765236053126,-0.21354870438713724,0.07188196631142985,0.2292493936353157,0.2630085900104995,0.2630085900104995,0.27586206896551735,0.18181818181818188,-3.783289261511712,2.3817134710263193,-2.9111633433783184,-4.6621880885352835,0.8810968951469764,0.24305555555555558,0.016725798276735926,0.0733876945885843,0.06730769230769229,0.18620689655172407,0.16152897657213328,0.12151037938439524,0.01775147928994092,0.022346368715083775,0.1915099557522124
1997-04-05,-0.010535807233516326,-0.017340869584813068,-0.09068427362796005,-0.09980585467356828,0.049913867918255805,-0.26922429960229854,-0.3850582602151783,-0.3850582602151783,-0.4054054054054054,0.18181818181818188,-0.9726880980281721,-0.10956745410811275,-1.1553208892631075,-0.9323890285014556,0.0316686595033604,-0.07821229050279332,0.016725798276735926,0.0733876945885843,0.054054054054053946,-0.13372093023255816,0.16152897657213328,0.06111377054412004,0.01775147928994092,0.022346368715083775,0.09160187226799721
1997-07-05,0.05768591712217286,0.04520315025754118,0.08034533254786935,0.09197866562497059,0.04878038530917084,0.19982742993255687,0.22178378065803672,0.22178378065803672,0.18181818181818188,0.18181818181818188,0.03476231421201326,0.37660909961346145,-0.5328458909696283,-4.706375352502437,-0.11377290368261417,0.20606060606060606,0.016725798276735926,0.0733876945885843,0.03418803418803429,0.14093959731543615,0.16152897657213328,-0.008421052631578996,0.01775147928994092,0.022346368715083775,-0.04284347425493451
1997-10-04,0.13640877748100722,0.15569582980180763,0.26212242884999704,0.2934784271804134,0.07217220809940139,0.07168475162750942,0.516216794075457,0.516216794075457,0.5,0.18181818181818188,4.262923509859784,-0.21903630362117188,-0.9828734006070754,-1.5593873328071335,0.07181355817397383,0.31658291457286447,0.046859421734795514,0.0733876945885843,0.06611570247933884,0.276470588235294,0.23460721868365186,-0.05641492265696091,0.06976744186046502,0.0,-0.1065161051462421
1998-01-03,-0.013644577606968022,-0.019172195377583523,-0.17543848797067907,-0.10331557985801543,0.08210326981239957,0.301432668381985,0.23836352522863513,0.23836352522863513,0.4358974358974359,0.18181818181818188,5.2823962417045935,-0.8781675679024837,-568.8817801594563,11.682464864644986,0.7974203814006904,0.08015267175572527,0.050000000000000044,0.0733876945885843,0.06976744186046502,0.009216589861751112,-0.006878761822871837,0.09691417550626813,0.05163043478260865,0.021857923497267784,0.09385488749844617
1998-04-04,0.0039042876654842296,0.007627330233906493,-0.10951112563672727,-0.10951112563672727,0.05810315639601593,-0.2835996703934839,-0.3161885439302926,-0.3161885439302926,-0.5892857142857143,0.18181818181818188,-0.576206708917314,0.9384053066197373,-0.6411156530003762,-0.5690664672735328,0.20372836249923654,0.893992932862191,0.022222222222222143,0.044198895027624197,0.03623188405797095,0.7716894977168949,0.6432900432900432,0.054065934065934185,0.04909560723514206,-0.005347593582887722,0.131525115539056
1998-07-04,0.10933769878189392,0.13002664062546732,0.11761089910899303,0.11761089910899303,0.10629112982061972,0.13146078676397832,0.2224560660542625,0.2224560660542625,0.21739130434782616,0.18181818181818188,-0.757402569120151,1.4540423515910632,-2.5130665710684292,0.25247837022764585,0.2119791934638846,0.25186567164179086,0.018633540372670954,0.04166666666666674,0.104895104895105,0.2087628865979383,0.16227608008429928,-0.0027800945232138163,0.06896551724137945,-0.021505376344086002,0.011114830934047415
1998-10-03,0.18053550765086213,0.20655414499259206,0.4472266552502824,0.4472266552502824,0.07549277004736421,0.2801421107981277,0.5876156521489113,0.5876156521489113,0.5357142857142856,0.5769230769230769,-0.4654146736769236,0.4821717959111156,-1.4610955228814961,-1.527242923410134,-0.09221654156008519,-0.1177347242921013,0.06968641114982588,0.07746031746031745,0.07594936708860756,-0.20042643923240944,-0.18631006346328194,-0.08893225536660176,0.06797235023041481,0.005494505494505475,-0.16631348917290245
1999-01-02,0.057667313870199965,0.06521993666438664,-0.07612287789720973,-0.07612287789720973,0.12498187177019315,0.2270546388490271,0.4063347774709236,0.4063347774709236,0.4186046511627908,0.4390243902439024,27.83526374995557,0.22282140816653762,-1.7722834347464993,-11.325055509532424,1.048863472508411,0.09121621621621623,0.12133550488599343,0.1261048909840896,0.12352941176470589,0.013333333333333197,-0.038440111420612655,0.06364749082007348,0.13807982740021574,-0.010928961748633892,0.1530243456848961
1999-04-03,0.06358870169217967,0.06955612612149475,0.010700382534394981,0.010700382534394981,0.08853078606377296,-0.17630471683030324,-0.18094033796988163,-0.18094033796988163,-0.180327868852459,-0.2033898305084746,-0.5589434338207598,-0.10203870315037589,-0.6304226988308026,-0.6068144252098338,0.20127903587250517,0.4272445820433437,0.07334785766158314,0.07378335949764514,0.08900523560209428,0.27105263157894743,0.2184241019698725,0.02344649021864198,0.08530805687203791,-0.011049723756906049,0.05821162854780937
1999-07-03,0.10665200393374641,0.10197692000697,0.17013487143177852,0.17013487143177852,0.07972682209391002,0.08398477370702584,-0.054165468315597765,-0.054165468315597765,-0.38,-0.3829787234042553,-0.6125084976206663,1.3823251417769375,2.2012882447665056,-0.8387124761408988,0.027024669641948496,0.22451193058568308,0.01657645466847102,0.00974658869395717,0.0625,0.12422360248447206,0.04755111745126017,-0.024314827828531227,0.029694323144104695,-0.016759776536312887,-0.058231885944925454
1999-10-02,0.07513329889596121,0.06619908694432408,0.03618707477973415,0.03618707477973415,0.08959911208087123,0.16129210931528393,0.3309345226028786,0.3309345226028786,0.32258064516129026,0.3448275862068968,-1.0411306042884991,0.4891886530450307,-0.5759557344064387,-4.5782678859601935,-0.09415694711810663,0.23826395039858306,0.0023294509151414733,0.018822393822393924,0.08597285067873295,0.16574585635359118,0.1243758511121198,0.013396715643906543,0.031382527565733565,-0.011363636363636354,0.02896346732105215
2000-01-01,0.09677235471117318,0.10421819608368454,0.07688253977297,0.07688253977297,0.10658579357683995,0.3391363241789165,0.40111187266773274,0.40111187266773274,0.3902439024390243,0.41025641025641035,-206.76777251184834,0.9892100706007727,-2.1447212336892054,-5.0457005411906195,0.4205262828926808,-0.21530758226037194,0.02822045152722419,0.0341070582662244,0.10416666666666674,-0.278041074249605,-0.2813887767460638,0.008955223880596996,0.018092105263157743,0.011494252873563315,0.025360249907628196
2000-04-01,0.05224157645416616,0.05628512133514141,0.04118557314605398,0.04118557314605398,0.05768918968393866,-0.2622397298818233,-0.31362104576584415,-0.31362104576584415,-0.3157894736842104,-0.3090909090909092,-1.0084989750558537,-1.1992231969463605,-0.5658031088082902,-0.949910820451843,0.014828177938135179,-0.13764813126709208,-0.03745560219567323,-0.03618873110398535,0.05660377358490565,-0.21881838074398263,-0.22528089887640457,0.0052127359819666985,-0.006462035541195399,-0.02840909090909094,0.014512219091921796
2000-07-01,0.04493783429063347,0.03204292077867743,-0.010251133722038008,-0.010251133722038008,0.06397266438210525,0.09485463797082128,-0.05384859043395629,-0.05384859043395629,-0.05128205128205132,-0.052631578947368474,9.83739837398374,-3.0914285714285716,-0.9331742243436754,-8.720326409495549,-0.11280567117585849,-0.019027484143763318,-0.03656491110365634,-0.025665399239543807,0.06428571428571428,-0.07282913165266103,-0.059463379260333515,0.01822004204625083,-0.013008130081300862,-0.011695906432748537,0.042720139494333065
2000-09-30,0.04020285441279259,0.03090497198044595,0.22009600082139746,0.22009600082139746,-0.026984067966760228,0.12938188424329544,0.12805490458654178,0.12805490458654178,0.1351351351351351,0.13888888888888884,-1.1872968242060515,-0.023625843780134992,476.64285714285717,0.7856250600557317,-0.22704003714156562,-0.23168103448275856,-0.038649025069637855,-0.04780487804878042,0.020134228187919545,-0.27794561933534745,-0.2636854279105628,-0.06455609084652447,-0.04200988467874789,-0.00591715976331364,-0.1550538833147529
2000-12-30,-0.001587250064918222,-0.02527121741343019,-0.12649239993688532,-0.12649239993688532,0.054170368459767415,0.24358914292853573,0.3228223772073009,0.3228223772073009,0.40476190476190466,0.3902439024390243,57.62082777036048,1.382716049382716,0.03506804247046502,-1.8736479578109024,0.2566149274491829,-0.15988779803646558,-0.04454907642158645,-0.04200819672131151,0.06907894736842102,-0.17573221757322177,-0.16963350785340325,0.055768098881695094,-0.047291487532244214,0.005952380952380931,0.11588785046728978
2001-04-07,0.011801385606210912,0.007835273364421358,-0.02420520231213874,-0.02420520231213874,0.026139674398162116,-0.23957201790793614,-0.43905995849458745,-0.43905995849458745,-0.44067796610169485,-0.4385964912280701,-0.8420980709226319,-1.1738860103626942,-0.6911796575886731,-0.6808130582075762,0.06518157004314418,0.26043405676126863,-0.07354056103108408,-0.0684491978609626,0.03384615384615386,0.17766497461928932,0.24590163934426235,0.01421602787456444,-0.07851985559566788,0.01183431952662728,0.03284395835386067
2001-07-07,0.0029239672130094707,-0.041626767970111334,-0.07398494384795751,-0.07398494384795751,0.03397831040146948,-0.0722348375376739,-0.2717728227177282,-0.2717728227177282,-0.2727272727272728,-0.28125,-1.4824751189961056,-7.066746126340882,-1.2982456140350878,-4.363759166345041,-0.2058382438033608,0.17350993377483448,-0.10720130932896887,-0.09931113662456936,0.026785714285714413,0.13793103448275867,0.2155870445344128,0.030919334890751715,-0.08619000979431934,-0.01754385964912286,0.03491589022800268
2001-10-06,0.16673768385709842,0.0792530865461396,0.5254481242087026,0.5254481242087026,0.053693367440629025,0.2104185765016866,0.47123438143622143,0.47123438143622143,0.5,0.4782608695652175,1.8771300448430495,1.5533726260641783,13.007058823529412,0.766622683724399,-0.4578897281865223,-0.08690744920993221,-0.09486709440879926,-0.09815168897386883,0.05217391304347818,-0.11363636363636376,-0.009159034138218058,-0.0969074913356438,-0.07073954983922826,-0.029761904761904767,-0.29248732524197274
2002-01-05,0.04582412301777983,0.022605944020124502,-0.0079240271880624,-0.07185790917509738,0.07006273912197658,0.29471540231913473,0.46374241717218845,0.46374241717218845,0.44444444444444464,0.5,-6.708852867830424,-0.5990510387278789,-1.447337476902402,-2.0077612521919854,0.8511986395304185,0.06427688504326334,-0.0891139240506329,-0.09752650176678435,0.06336088154269981,0.012820512820512997,0.1151260504201681,0.023173431734317518,-0.07612456747404839,-0.024539877300613355,0.10175453834795456
2002-04-06,-0.010807035600727821,-0.024751685422440883,-0.15774734710052396,-0.20420380846597697,0.052783280244524056,-0.1840072694229895,-0.246684519255292,-0.246684519255292,-0.25,-0.27450980392156865,-0.6535619380437552,-0.6689694876223373,0.8287645512579798,-1.0418264428189348,-0.019232193922152585,0.23228803716608604,-0.011117287381878782,-0.006264682850430692,0.04663212435233155,0.16033755274261607,0.28485305199698585,0.064339296018465,0.0,-0.0062893081761006275,0.22551145098348369
2002-07-06,0.0775692971675952,0.105605563714114,0.16529349030760554,0.13043066841725515,0.047003335024230264,-0.00849109131403114,-0.17579348286077023,-0.17579348286077023,-0.46153846153846156,-0.45945945945945943,-0.2895345171797835,0.1327536231884059,-1.168309377138946,-10.343605546995377,0.1832217908238032,0.29594721960414705,-0.001686340640809414,-0.011032308904649457,0.03960396039603964,0.23636363636363633,0.2516129032258063,-0.028327460016264627,0.0012484394506864227,-0.006329113924050667,-0.021968478610485676
2002-10-05,0.1024284985873376,0.12727629351282155,0.2083965150604301,0.19394161347703265,0.06226977843751724,0.15696335813561713,0.44762784966112146,0.44762784966112146,0.4761904761904763,0.44999999999999973,-1.018043333579827,0.4634936881610372,-0.8373322488816592,-1.664990105540897,-0.10297365968258831,-0.02472727272727271,0.012387387387387205,0.015139442231075773,0.059523809523809534,-0.061764705882352944,-0.06982193064667286,-0.036546240758822734,0.021197007481296826,-0.006369426751592355,-0.055809517545301945
2003-01-04,0.07814029145086399,0.08561895778577555,0.025126784825916904,0.003128697252530621,0.10155395832389869,0.28853119444730946,0.6497836419096261,0.6497836419096261,0.6129032258064517,0.6896551724137931,-200.7377049180328,0.2724093717216458,6.0325,-6.219094854308741,0.5991232065588705,-0.06487695749440725,0.07508342602892104,0.0800627943485086,0.09887640449438195,-0.11598746081504707,-0.11989924433249377,0.02171709859562765,0.0842490842490844,-0.0064102564102563875,0.08220132358063359
2003-04-05,-0.007529127964089,-0.024966328214847122,-0.09182173097398971,-0.14467683598050007,0.027062820629527806,-0.20063377861067822,-0.4778776282409597,-0.4778776282409597,-0.48,-0.4897959183673469,-0.8052774130006566,-0.18468303407841702,-1.1521507287593318,-1.0152760619595171,-0.005723288354042788,-0.0031897926634768536,-0.05018106570098291,-0.05159883720930225,0.026584867075664542,-0.0921985815602836,-0.12478534630795646,0.0348590052430211,-0.0326576576576576,-0.01935483870967747,0.13997425168973288
2003-07-05,0.022153174091080974,0.018171069327488798,-0.021031391565112023,-0.05884455884455886,0.03822939926863511,-0.059929197075992424,-0.14444535946635917,-0.14444535946635917,-0.15384615384615385,-0.16000000000000003,1.3778714436248682,-0.06752808988764047,1.1588785046728973,-24.63919129082426,0.13607269146412415,0.08319999999999994,-0.042483660130718914,-0.03295019157088119,0.03585657370517947,0.0546875,0.07979071288423834,0.01574695330686038,-0.012805587892898762,-0.019736842105263164,0.08182049182642093
2003-10-04,0.0850088457248388,0.1109609954087254,0.1897480182815059,0.205011883960452,0.047669141459760755,0.2069201030120369,0.6170950043315044,0.6170950043315044,0.6363636363636362,0.6190476190476193,-1.9693787113356378,-0.07121339920472347,-2.470779220779221,-2.7028947368421052,-0.20396359481501913,0.2983751846381093,-0.0068259385665528916,0.0007923930269413404,0.04807692307692313,0.25185185185185177,0.2883101150817684,-0.03437584254516035,0.004716981132075526,-0.006711409395973145,-0.07803324894955244
2004-01-03,0.10624272755001751,0.12003712041444325,0.0861556581163807,0.13264763894768117,0.11299607294749725,0.345677409976326,0.7263690476190476,0.7263690476190476,0.75,0.7647058823529409,-3.9003885714285715,-0.24883238194084067,-6.519499632082414,-3.2037165816720754,0.5646449748072182,0.03412969283276457,0.032073310423825774,0.037212984956452866,0.10825688073394502,-0.01183431952662728,-0.00611189468735307,0.006142677649029649,0.02699530516431925,0.013513513513513598,-0.011152942508562913
2004-04-03,0.014361550938572831,0.02227533460803066,-0.04962173748581511,-0.11688229073068324,0.04024079768365674,-0.2307261987893472,-0.43643760990242386,-0.43643760990242386,-0.6349206349206349,-0.6333333333333333,-0.9129023106263594,-0.08566493955094989,-1.1091854419410745,-1.0269455304079522,-0.009724032341739353,0.1270627062706271,0.0016648168701443034,0.004580152671755711,0.0331125827814569,0.014970059880239583,0.038315988647114496,0.025530734008602618,0.02285714285714291,-0.020000000000000018,0.15758738155898433
2004-07-03,0.07034308255827804,-0.01035835637911764,0.17307577496368132,0.2059967585089142,0.034851804343137394,0.03373705459013521,-0.034567145916182374,-0.034567145916182374,-0.0434782608695653,-0.045454545454545525,5.867535287730727,9.134302984510766,1.1452991452991452,12.307091737150293,-0.13066922216898258,0.2176671547096145,0.015512465373961115,0.006838905775076176,0.03205128205128216,0.1799410029498525,0.1521640091116172,-0.033148423758625256,0.015642458100558754,-0.006802721088435382,-0.1793857262970473
2004-10-02,0.08246407755423246,0.11892344314597225,0.11421058584030752,0.26554077259627595,0.06961142215279859,0.1451616033223042,0.48111533586818767,0.48111533586818767,0.5,0.4761904761904763,-1.9838998682476943,-0.8688002087565936,-0.07569721115537853,0.8875959516941281,-0.28372479275677587,0.08456913827655299,0.020185488270594742,0.015849056603773448,0.0652173913043479,0.050000000000000044,0.012653222617635462,-0.01189476630282682,0.03190319031903188,-0.020547945205479423,-0.11586909353905495
2005-01-01,0.1351443723877852,0.15273571816372078,0.28728106903779493,0.23951647158769118,0.07477038064100627,0.3489067669873709,0.5005990073592332,0.5005990073592332,0.5151515151515151,0.5483870967741935,-3.0237821045019952,0.46270777099019744,11.05972906403941,-3.2784728158106042,0.9025291130149284,0.02734663710273466,0.015508021390374438,-0.005943536404160454,0.07434402332361523,-0.03571428571428581,-0.047637641546270926,-0.05325024784024923,0.005330490405117239,-0.006993006993006978,-0.07000920276764722
2005-04-02,-0.04415659637877889,-0.06223452597131873,-0.21797651808454432,-0.16674202652984493,0.042270992366412186,-0.2697550251256281,-0.31871578467153283,-0.31871578467153283,-0.31999999999999995,-0.33333333333333326,-1.027697641796575,0.10897435897435903,-2.4701557314271128,-1.484544989484454,-0.22986032465081163,-0.04820143884892081,0.026329647182727678,0.025411061285500747,0.04070556309362283,-0.11358024691358026,-0.11070110701107005,0.0905011219147347,0.04772004241781547,-0.021126760563380254,0.12541689573025483
2005-07-02,-0.01701785740503703,-0.02623002660019713,-0.03816409046452307,-0.03347803735648602,-0.008678934358692714,-0.026988086533912492,-0.5960073658659077,-0.5960073658659077,-0.588235294117647,-0.59375,-5.268514094601051,0.03634612016114902,-0.7121175285659709,-0.612275062759543,-0.11572261863914235,-0.15306122448979598,-0.10056439199589517,-0.0940233236151603,-0.0052151238591916504,-0.1866295264623955,-0.21715076071922546,0.00836762688614523,-0.08097165991902833,-0.014388489208632893,0.007490148826000631
2005-10-01,0.08408976418367242,0.07675041882446432,0.2104474169741697,0.17204758612130555,0.03715668347463108,0.13828099100492852,1.315031596394903,1.315031596394903,1.2857142857142856,1.3076923076923075,-3.87519588090441,1.293839263077833,-1.9180842079864882,1.6711847997095486,-0.34956961063026104,-0.04283801874163329,-0.04506560182544217,-0.04585679806918741,0.03669724770642202,-0.03767123287671226,0.018845700824499323,-0.04325942048700848,-0.0319383259911894,-0.014598540145985384,-0.08129424313928313
2005-12-31,-0.06719255703964966,-0.10253926520445578,-0.06436471026353852,-0.0631350184801408,-0.06300320376402202,0.2589517666657606,-0.00814426992437467,-0.00814426992437467,-0.0625,0.06666666666666665,-3.0490520496749327,-0.6298493165825443,-9.712089356110381,-0.4409206234142805,-0.30047359898705817,-0.13659673659673655,-0.14277180406212664,-0.1306913996627319,-0.017699115044247815,-0.16725978647686834,-0.12947976878612721,0.00454997867197493,-0.14675767918088745,0.014814814814814836,-0.042044894799803
2006-04-08,0.026700378384039603,0.01117680664361731,0.13173045772203462,0.11907427341227117,-0.017578670680738706,-0.18500388644186994,-0.5616512519738326,-0.5616512519738326,-0.5333333333333332,-0.5625,-0.868792035566364,1.1616402906340202,-1.2603960844054964,-1.150810372771475,0.06477887811754868,0.09395248380129595,-0.17003484320557483,-0.18622696411251205,-0.01158301158301156,0.11538461538461542,0.25697211155378485,-0.04317055909412604,-0.20533333333333326,0.029197080291970767,-0.09644837844786425
2006-07-08,0.04232891420829121,0.047778887752847776,0.056160109269505654,0.06577403281968408,0.03385954730121887,-0.018874065663733508,0.15664882667764513,0.15664882667764513,0.2142857142857142,0.1428571428571428,1.0596582681726034,-0.4583755410258772,-0.8476598702502317,1.7657173562600752,0.1682603507739584,-0.13277393879565647,0.027707808564231717,0.004767580452920139,0.03125,-0.12260536398467425,0.04278922345483349,-0.008136094674556116,-0.006711409395973145,0.007092198581560183,-0.016869232958009905
2006-10-07,0.05674048961288447,0.07399577955940995,0.07009439879813839,0.07264891696750908,0.048336271196589786,0.15606894051026465,0.9168001423740879,0.9168001423740879,0.8823529411764706,0.9375,-0.39348987626546683,0.3317180991243731,1.017490494296578,-1.2777346026811736,-0.029297776782841067,0.11326124075128052,-0.011437908496731986,-0.02609727164887299,0.03661616161616177,0.0786026200873362,0.0770010131712262,-0.007904548844146153,-0.04729729729729737,0.028169014084507005,0.0012403870007442475
2007-01-06,0.012322210731413152,0.009322089843682102,-0.10882190115389212,-0.06024005149369582,0.07491168852959396,0.30400037371078126,0.6288473144236573,0.6288473144236573,0.625,0.6774193548387097,12.759360148371393,-0.21825726141078838,-9.54221635883905,-23.359216509268975,0.9213883163493275,0.12423312883435589,0.1586776859504131,0.16077953714981708,0.07429963459196087,0.08502024291497978,0.11241768579491995,0.06178592904389668,0.13297872340425543,0.020547945205479534,0.07404195573174754
2007-04-07,0.026211680313207752,0.03629162736579761,-0.01661835042672577,-0.15237711522965347,0.045333700873960714,-0.2200074205805964,-0.28657337475418243,-0.28657337475418243,-0.28846153846153855,-0.3076923076923077,-0.9413404997388418,-0.609750122488976,-1.0609376723662438,-0.871036370746969,0.061843605593230544,0.1350613915416099,0.139087018544936,0.15844700944386148,0.04535147392290262,0.05597014925373123,-0.06596194503171238,0.01868894237576102,0.1580594679186229,0.0,0.22257680033834437
2007-07-07,0.04613661430147031,0.05726049831166646,0.07739852436612571,0.08077447159108919,0.03243044887935054,0.00537685557286971,-0.4138702460850112,-0.4138702460850112,-0.4054054054054054,-0.41666666666666663,4.862415625448801,1.7702448210922785,-1.276611151339609,2.413755458515284,0.19882301410122372,0.1714743589743588,-0.01189730745147155,0.0018115942028986698,0.034707158351409806,0.12014134275618371,-0.019465821638750547,-0.013203613620569876,0.0,0.0,-0.021762374992137956
2007-10-06,0.12254400685230826,0.16323042409998934,0.2043633381491261,0.21913055376375623,0.08994393121572641,0.17006238905711601,1.0755861504907305,1.0755861504907305,1.0454545454545454,1.0476190476190474,-1.0713375796178344,0.050608051967671264,-37.58638743455497,-0.4644849518530363,0.08881437436281248,0.09712722298221621,0.02978453738910014,0.03707052441229641,0.07023060796645719,0.05993690851735023,0.057710064635272396,-0.029014084507042237,0.04459459459459447,-0.006711409395973145,-0.04584324567607534
2008-01-05,0.09260538911782046,0.11393716270602283,0.09725240633203414,0.1159581205557203,0.08934571101059885,0.291512122750166,0.7438019242767544,0.7438019242767544,0.6888888888888889,0.7209302325581395,-30.908310439560438,0.48213387015601405,-1.0078706353749285,3.6766637913874325,0.3814745456316775,0.23971321695760617,0.09969230769230775,0.09067131647776794,0.09794319294809006,0.1607142857142858,0.14185945002182443,-0.0029010733971569502,0.11254851228978002,-0.020270270270270285,-0.001819407008086249
2008-04-05,-0.04439671912690579,-0.07805125258087553,-0.10013948538303385,-0.14396189750976085,-0.016594052836604645,-0.23089181258137859,-0.4309844832780958,-0.4309844832780958,-0.42105263157894735,-0.41891891891891897,-0.9762552673578818,-0.5897162260489934,282.6545454545454,-1.8271899208308504,-0.2284167306577236,-0.1649484536082475,-0.004476776720761078,-0.007194244604316391,-0.022301516503122176,-0.24102564102564106,-0.27025993883792054,0.02909514111143441,0.005813953488372103,-0.01379310344827589,0.076993181664754
2008-07-05,0.011784259130656949,0.00595445525545113,-0.03170086398308769,-0.06084916941848806,0.028137053489656116,-0.0084029602677268,-0.1681172849720356,-0.1681172849720356,-0.15909090909090906,-0.16279069767441867,13.801257253384913,0.9453771577205012,-0.9008557143772835,-1.1346952077115708,0.03987468391709226,-0.015356820234868951,0.034288926363125416,0.03864734299516903,0.05200729927007286,0.006756756756756799,-0.053431115767417436,0.016115351993214455,0.048554913294797775,-0.006993006993006978,0.07114426301438548
2008-10-04,0.01197683128053506,0.018109277916563693,0.08038073684560865,0.12409695074276783,-0.015609919906076408,0.1601654628798581,0.45088912758085686,0.45088912758085686,0.45945945945945965,0.5000000000000002,-1.4670521741971316,0.4806126169928284,4.1774688863746565,-12.076531261938113,-0.4247369320540052,-0.15565749235474013,0.023369565217391308,0.02635658914728678,0.0,-0.19798657718120805,-0.22025456557830658,-0.027267668336115714,0.009922822491730932,0.021126760563380254,-0.09427392690991021
2009-01-03,-0.01013538426243299,-0.019714439793533822,-0.1315037181706723,-0.17739198174888016,0.04441753577334229,0.13263129636860604,0.2687340626799375,0.2687340626799375,0.31481481481481466,0.29629629629629606,-7.335548405148293,0.32390608324439696,-0.6197671151624886,-1.623114595787731,0.4600673960835575,-0.32089822528069534,-0.05629314922995221,-0.03927492447129899,0.04509973980919346,-0.31799163179916323,-0.3569907735982967,0.05506292906178478,-0.048034934497816595,0.006896551724137945,0.19166532062671626
2009-04-04,-0.035533102301489206,-0.042190483924627986,-0.17646745858058477,-0.251781667785997,0.01521921251047198,-0.3039816249270104,-0.6256915629322268,-0.6256915629322268,-0.6338028169014085,-0.6285714285714286,-0.5245161361553664,-0.721452268006077,-0.8508210180623974,-0.5684950462168594,0.13596725809827226,-0.22986666666666666,-0.10973550928531228,-0.08883647798742145,0.014107883817427336,-0.2638036809815951,-0.2152317880794702,0.05273146265419548,-0.07339449541284404,-0.013698630136986356,0.2801181956191716
2009-07-04,0.029216305364650808,0.02738442814066233,0.010362605036587924,-0.0032481370029316947,0.03401354696740477,-0.022171521266024175,-0.040242494226327974,-0.040242494226327974,-0.03846153846153855,-0.03846153846153855,0.701040263781173,0.25100178094390024,0.14969730324711072,1.9369762271250215,0.3515353121801432,0.4231301939058172,-0.08533501896333762,-0.0664365832614322,0.03355155482815064,0.3999999999999999,0.5541490857946554,0.004635591037857489,-0.04579207920792072,-0.02777777777777779,0.030727854132695187
2009-10-03,0.10019188380606292,0.13766638270684695,0.25963501813826007,0.49055100255903605,0.054584579793860444,0.2073575736469695,1.1220597966672683,1.1220597966672683,1.12,1.08,-0.4992696943636785,-0.07527360085416857,-1.5284825275251317,-0.5068714514485368,0.12826309212768372,0.24330900243308995,-0.04630269523151331,-0.030499075785582308,0.05384006334125102,0.20238095238095233,0.3212669683257918,-0.041527813381184275,0.009079118028534339,-0.03571428571428559,-0.2367480276134123
2010-01-02,0.07499098898803802,0.10736674365220322,0.023506399453119275,0.06609177916670284,0.09053686090534607,0.38408913315957016,0.983557760453579,0.983557760453579,0.9811320754716981,1.0,2.0800665176380786,-0.2611373039545848,1.796195652173913,2.165116759661087,0.359816487281978,0.18043052837573392,0.14855072463768115,0.15538608198284098,0.08640120210368152,0.12376237623762387,0.19383561643835612,0.014576089863599817,0.15552699228791766,0.0,0.03870898274516121
2010-04-03,-0.0017728399046442744,0.010606747366274538,-0.11285213596085175,-0.13570613176777557,0.033515693733658924,-0.2550209438862987,-0.486822924110333,-0.486822924110333,-0.48571428571428565,-0.4903846153846154,-0.5150597877556801,-0.23583799973954944,1.2500809847748622,-0.5828172219527665,0.11038933794039618,0.17539787798408502,0.07634069400630916,0.08085808580858078,0.026970954356846377,0.0792951541850222,-0.017211703958691982,0.03532357980756551,0.08453837597330383,-0.007407407407407418,0.16930572472594396
2010-07-03,0.03093186419927485,0.050238784249439616,0.03128109754052222,0.018019377906921985,0.03079324067385447,0.049159649974950925,0.5173921519480882,0.5173921519480882,0.5,0.509433962264151,-0.7105676218288008,1.4335378323108383,-2.4441405125251943,-1.34337201243097,-0.03413632302145797,0.07785613540197445,0.17936694021101984,0.1824427480916031,0.035016835016834946,0.048979591836734615,-0.046701692936368944,-0.00012730744748568057,0.17025641025641014,0.014925373134328401,0.031648936170212805
2010-10-02,0.09231871282259752,0.10454664004157022,0.31258176666594384,0.3577571427247537,0.03137282650100959,0.26969410509986425,0.2509130953473433,0.2509130953473433,0.2592592592592593,0.25,-2.773237482658595,-0.09432773109243697,4.5801016847771905,3.7105091808829274,-0.1664825656320188,0.18110442292593576,0.11779324055665996,0.11362169141381528,0.06441119063109957,0.1439688715953309,-0.04347826086956519,-0.055767761650114545,0.07800175284837874,0.02941176470588225,-0.18649566039357213
2011-01-01,0.02276523844402467,0.028142827530889702,0.14502166886016843,0.15857117018118028,-0.018737735607900374,0.3383782751873241,0.41817301484828917,0.41817301484828917,0.4411764705882353,0.44999999999999996,-6.926351351351351,0.11745148070826561,0.992442919927109,-1.4228961627778391,0.08446714522363341,0.3890981608686017,0.0960426856380614,0.07768115942028997,-0.06051344743276288,0.30272108843537415,0.19078104993597966,-0.04058791801510253,0.02195121951219514,0.05714285714285716,-0.1125782343465287
2011-04-02,-0.0274425871830567,-0.04509224529438116,-0.04879708559268037,-0.09679576303138848,-0.01767328980057814,-0.2340702006629809,-0.4224732818109397,-0.4224732818109397,-0.40816326530612246,-0.40689655172413797,-0.6811742044656733,-0.16530584002214221,-0.19235149069715307,-2.5053278420605345,-0.11724720846041436,0.2826607114372308,0.07180527383367141,0.04895104895104896,0.05465191932335722,0.3655352480417755,0.14354838709677398,0.009978917779339458,0.006364359586316537,0.04054054054054057,0.05725508867991902
2011-07-02,0.046433158013842846,0.05642226047045318,0.13367477981252462,0.12654462914224784,0.010457605553470195,0.03666092462405146,-0.07991472895990825,-0.07991472895990825,-0.06896551724137923,-0.06976744186046502,-0.43470977941730027,-0.6940230456768631,-0.4606374829305119,-0.49437616710817733,-0.06715694756878354,0.3155080213903745,-0.012490537471612329,-0.04205128205128217,0.012954966070326979,0.248565965583174,0.21015514809590963,-0.0343723907598108,-0.07272727272727275,0.032467532467532534,-0.06226075208286419
2011-10-01,0.028533590256385244,-0.0007959403566091261,0.045895863529936465,0.047462720269577874,0.018467933434389128,0.1549399005858143,0.35528903253441335,0.35528903253441335,0.3580246913580247,0.36250000000000004,-1.0145829865157316,13.774315903549173,-0.21890823761887124,2.963712101692004,-0.2853543316824031,-0.03318207600680667,0.007282483710233656,-0.01177730192719495,0.026796589524969328,-0.04594180704441042,-0.03341103341103335,-0.009799682951433852,-0.0434782608695653,0.037735849056603765,-0.046073958458398345
2011-12-31,0.06947838483520918,0.07433360813410284,0.121620699653755,0.08140421862563008,0.047746584420542915,0.2921808651288671,0.693890157881883,0.693890157881883,0.718181818181818,0.7155963302752293,-385.78995433789953,-0.27039169661849927,0.9304556354916067,-1.6104399830984084,0.24374553870779336,-0.10159382027965191,0.06202435312024357,0.0465872156013003,0.06168446026097274,-0.1252006420545747,-0.12057877813504825,-0.020375491194877027,0.02317290552584672,0.0181818181818183,-0.006513325571882667
2012-03-31,-0.04355775867630962,-0.06322476408488897,-0.1656395653859899,-0.24167727293637775,0.014857192459913682,-0.29036564286023814,-0.5069120515647527,-0.5069120515647527,-0.5026455026455027,-0.5026737967914439,-0.7893709430514186,-0.7433081157161887,-0.2694560098286807,-1.4795626785936142,-0.09398326249226086,0.15748802786242933,-0.014690075241848732,-0.015010351966873725,0.012290502793296243,0.0899082568807339,0.05210237659963446,0.06120932996582984,-0.012195121951219523,0.0,0.23532020016469235
2012-06-30,0.0879161999796354,-0.09220733884388932,0.28649669542553946,0.09236472709502386,0.008529348872019726,0.07899642598463519,-0.013794289645682856,-0.013794289645682856,-0.010638297872340274,-0.010752688172043001,1.8420237189779995,23.78938607656908,-1.5686149936467597,3.5019245003700963,-0.4669952932685294,-0.027362482369534535,-0.0018181818181818299,-0.014188124014713699,0.026490066225165476,-0.03872053872053882,-0.04170286707211124,-0.0730785384292314,-0.00970017636684306,-0.005952380952380931,-0.16898266844426213
2012-09-29,0.08281154577808358,0.1186883854012486,0.21836544233926158,0.1904196272379759,0.013677487978528857,0.07556311546539551,0.3930900973176601,0.3392688967177091,0.36559139784946226,0.3695652173913042,-0.681699689758051,-0.9070599666632435,-1.2280315478146566,-1.03289159994081,0.028818173960644122,-0.24371616395978335,0.0025500910746811822,-0.013859275053304865,0.027956989247311714,-0.2626970227670753,-0.2629193109700815,-0.06373659568041079,0.00801424755120217,-0.029940119760478945,-0.06025360194983487
2012-12-29,-0.004908499115378939,-0.026515496373189285,-0.12569040697674416,0.05426601700186606,0.07505566861161839,0.3851835070231082,0.9893586389073199,1.0693049966792985,0.984251968503937,1.0,7.815713262541649,1.4749681257968552,26.31906614785992,7.597600599850038,0.24082695660088071,0.11951936597213342,0.10101744186046502,0.09837837837837826,0.08734309623430958,0.0878859857482186,0.08179581795817947,0.08033553798999837,0.0856890459363957,0.012345679012345512,-0.0766250820748523
2013-03-30,0.007915356714942368,0.003099346917085022,0.016109056148954748,-0.22729842813524825,0.0025131025872795476,-0.2815255022417408,-0.5344358858178523,-0.5457257211901525,-0.5158730158730158,-0.5198412698412699,-0.6965619800847054,-0.4003537330860636,-1.1068804169502076,0.865170499142417,0.36200320476652603,0.16373601278830785,0.015181518151815121,0.0034448818897638844,0.013949013949013933,0.06986899563318794,0.028993746446844826,-0.005375541287143348,0.00813669650122062,-0.012195121951219412,0.29819384199672894
2013-06-29,0.07152871775840275,0.11036040353485088,0.3666254918482039,0.11314019559808863,-0.07222017814472337,0.03723019126184646,-0.048269802649364646,-0.06196492394647157,-0.049180327868852514,-0.04958677685950419,-0.15254414863276022,-0.2644540534348959,-0.07803168649128867,0.12082294264339155,0.297900545162306,-0.01913265306122447,0.025032509752926035,-0.002942618930848351,-0.03605313092979123,-0.032653061224489854,-0.06519337016574589,-0.13421408196967433,0.004035512510088823,-0.012345679012345734,-0.002519650535425688
2013-09-28,0.05068144791785523,0.06367033556878443,0.2586932630354051,0.2495827140733966,-0.10276338439413413,0.14746498756104431,0.3119629592807738,0.32521081623912695,0.3706896551724139,0.37391304347826093,-0.7080866495418894,0.05625632640348832,-5.528265524625268,-2.1737818444765824,-0.2694122077955239,0.162448734620386,0.06057722803679022,0.000983767830791793,-0.08218503937007882,0.2067510548523206,0.11879432624113462,-0.14600312120686665,-0.007234726688102877,0.012499999999999956,-0.14876033057851246
2013-12-28,0.06708621365224521,0.09149138662436829,0.09859148231529913,0.1251177939817567,0.03813304941996587,0.3109973395722585,0.6377443869487085,0.6551028595627075,0.6855345911949686,0.7025316455696202,9.90438097030728,0.30588625557480364,0.21296164940653517,-2.0849553957516376,0.4000891222766374,0.06755012477411593,0.009270334928229707,-0.06584766584766588,0.06112600536193025,0.16258741258741272,0.014263074484944571,-0.027208121827411058,-0.06072874493927116,-0.012345679012345734,-0.029900332225913595
2014-04-05,-0.052046839734686046,-0.07642305108208258,-0.05707992834923603,-0.20658621769199803,-0.04452514651293138,-0.2690848406525813,-0.5428429784843176,-0.5533029444044196,-0.541044776119403,-0.5464684014869888,-0.5815154771306138,-0.33192209991532595,-0.12608916005535953,-1.1862961345271894,-0.05323593745612032,-0.06537159438981133,0.034370370370370384,-0.04260915307732771,-0.035876705406771126,-0.11879699248120301,-0.08906250000000004,0.007931538300981034,-0.0431034482758621,-0.006249999999999978,0.16405107062109336
2014-07-05,0.021878346216859468,0.031929227010890626,0.051236001274426846,0.11123153592887247,-0.011679629887160203,-0.003507850166893367,-0.206214485042148,-0.20840179069381848,-0.2032520325203252,-0.19672131147540983,-0.3965351894818252,0.09666244190959028,-0.30495734121452067,0.8038801945958618,-0.10143102914131663,-0.08012074169900829,-0.00887997708393029,-0.0598901098901099,-0.0005241090146749228,-0.04607508532423221,-0.08176100628930816,-0.03271898943880713,-0.0603603603603603,0.0,-0.07135104255926894
2014-10-04,0.035299219748716304,0.0606166557330543,0.11414344595556547,0.13679135433263312,-0.05658225389627891,0.15593031971259474,0.9381773802801507,0.9749985718910068,1.010204081632653,1.0,-0.2752174433109482,0.24585869481470057,-0.05429951380754483,0.7723875747335587,-0.20006822133053603,-0.06384774048378028,0.05895953757225447,0.021040327293980088,-0.02254850550603038,-0.06261180679785328,-0.03922789539227889,-0.0888460715050311,0.014381591562799612,0.0062893081761006275,-0.06702140748031493
2015-01-03,-0.013099206787392847,-0.003772661377897335,-0.04064976277904431,-0.09369542597404179,0.027091580739590837,0.1904599533584801,0.46749182361565356,0.4859671619054964,0.5228426395939088,0.5306122448979591,3.47888718613698,-0.3447124304267162,0.9386463511885572,-2.0663464535171503,0.26670029115752314,0.05217826740110176,0.038482532751091814,0.015455065827132186,0.041309012875536455,0.07633587786259532,-0.005832793259883284,0.040883458646616466,0.01417769376181477,0.006250000000000089,0.09923185969076576
2015-04-04,-0.07432984591076452,-0.09700950562941069,-0.049476568354183126,-0.1416425522962923,-0.10935921297527251,-0.31906991158337594,-0.7397452400622491,-0.7529943033621842,-0.7466666666666666,-0.75,-0.5527235592613648,-0.18535296338240848,-0.07642353270668134,-1.6776811195543788,-0.14268391122887414,-0.097848848277175,-0.0386333771353482,-0.06651634723788047,-0.08088614116434834,-0.13475177304964536,-0.1368970013037809,-0.03792325056433388,-0.06057781919850891,-0.006211180124223614,0.05200491857361356
2015-07-04,0.007818093287626615,0.015620772393861948,0.0445622607900249,-0.004247286455875465,-0.04360436411067814,0.020535523421391977,0.398198730252473,0.4354609929078015,0.47368421052631593,0.4933333333333334,-0.08754854654583966,-0.10495829471733087,-0.48417451623296626,-1.330331320716424,0.05497734786335262,-0.18200042202996414,0.0549480590486604,0.01751207729468618,-0.030269058295964046,-0.10860655737704927,-0.12462235649546827,-0.050915063350539636,0.015873015873015817,0.0,0.019927587878096675
2015-10-03,0.0948975959981373,0.1454214510454579,0.12855225223223288,0.13516797151161275,0.04423576078161129,0.04233656542450759,0.05823653643083415,0.05281071585419417,0.06249999999999978,0.06249999999999978,-1.3612877429673291,0.2971783587885064,-2.8119523083423656,2.9708931725673913,0.2069325713187975,-0.19360247646072481,-0.11168696553511281,-0.13056379821958464,0.04508670520231206,-0.1701149425287356,-0.21052631578947367,-0.04647713226205197,-0.099609375,-0.03749999999999998,0.009056350626118093
2016-01-02,0.044696007808851634,-0.07818616081184182,0.03783669465846473,0.12916462913925608,0.05931992936242225,0.2867485281400435,0.20266427181559643,0.22336357632008896,0.23529411764705888,0.23529411764705888,-9.078290671521902,11.027040510876073,-1.0273547602149447,-1.2377719756309835,-0.040766789689921756,-0.2896673064619323,-0.2634189031505251,-0.2798634812286689,0.058628318584071026,-0.31855955678670356,-0.19890710382513666,0.01400051853772366,-0.25921908893709333,-0.038961038961038974,-0.1836288088642659
2016-04-02,-0.04049691360514096,-0.07081869034498534,-0.07538868878055083,-0.23825350489960762,0.016096367654017563,-0.335148663993882,-0.8977252298969784,-0.9176955317184059,-0.9183673469387755,-0.9183673469387755,-0.847384446771934,-0.9209233832496785,-2.621571534469978,-2.421425085407516,0.060409644801659335,-0.09727538842603001,-0.1619801980198019,-0.16492890995260667,0.016718913270637348,-0.15040650406504075,0.20736698499317874,0.05906417795960106,-0.12884333821376281,-0.04054054054054057,0.21977537239998668
2016-07-02,-0.01492126583443354,-0.020993627760346523,-0.03405224531113793,0.1040609068992242,0.009645179172821816,0.038677147884282226,0.0914007571660358,0.039357845675815684,0.08333333333333348,0.0,0.083367116464933,-0.16230393956879818,-23.39542857142857,-5.286924177396281,-0.2442184189079054,-0.12920927912197566,-0.28071833648393196,-0.2622020431328036,0.009249743062692772,-0.1435406698564593,0.011299435028248483,0.02486721390632529,-0.2453781512605041,-0.035211267605633645,-0.11324691220652061
2016-10-01,0.013955297416886614,0.05887104148251998,0.001311540930777122,0.030203958698181488,0.028999766199170773,0.07677919015769641,1.3969276511397424,1.8825776449094835,1.7692307692307692,2.0,-1.3364338598882741,-2.887469472102198,-0.874903041437028,-1.0549430013081667,0.017753929501889365,-0.15010025780578617,-0.3068331143232589,-0.27538461538461534,0.029022403258655904,-0.15642458100558665,0.14301675977653638,0.014840989399293347,-0.2783964365256125,-0.014598540145985384,0.027825705053800665
2016-12-31,-0.031322061826444814,-0.030461565032167015,-0.07954169550975065,-0.022518720410434345,0.034518706928724496,0.2997005379476687,1.624922472606988,1.863447799032035,1.8611111111111112,1.8611111111111112,-12.977993167553825,-1.249195448060781,6.557477359875989,13.912050534499514,0.2601291788160305,0.010448264239973026,-0.22559241706161137,-0.1868365180467092,0.031667491340920284,-0.019867549668874163,0.41544477028348004,0.06801299907149483,-0.2006172839506173,0.007407407407407307,-0.00814918813331722
2017-04-01,-0.03894970819384724,-0.04969902545109073,-0.04443604086869446,-0.06722385035638045,-0.03412519528222002,-0.39344180256597916,-1.921279067477898,-1.9695762404925752,-1.970873786407767,-1.970873786407767,-0.6592424071580651,-0.42803887631473836,-0.7623067622419898,-0.6184626413372869,0.07876097265664406,-0.2808539026017346,-0.6866585067319462,-0.6266318537859008,-0.0383693045563549,-0.30405405405405406,-0.08632596685082872,0.004998913279721684,-0.6756756756756757,-0.007352941176470562,0.018801735544819564
2017-07-01,-0.1549903459931351,0.01909818632837923,0.0015669052460058897,0.07081442405906158,-0.338378101405703,0.025878753502122764,6.332898758255145,6.153779105964388,6.11,6.11,-1.3111435523114356,0.8135474860335195,-2.293577981651376,-1.0394568280809633,-0.002880766208986474,-0.3641001855287569,-15.16796875,-11.748251748251748,-0.3391521197007481,-0.3398058252427184,1.0317460317460316,-0.21691176470588236,0.0,0.022222222222222143,-0.048296484233417925
2017-09-30,-0.014414641672278572,-0.014137983097572526,-0.021213780751687117,0.3366650567495775,-0.002699722718570996,0.15393585615049776,-0.984030848239138,-0.9843376499802734,-0.9845288326300985,-0.9845288326300985,-2.550078198310916,-0.46848928250545496,-6.720841233059476,164.478354978355,-0.47808169493221275,-0.29248723559445666,0.17838433967466227,0.14769030579050102,-0.0030188679245282124,0.07352941176470584,0.0,0.01187517260425297,0.0,0.050724637681159424,-0.26246469262750327
2017-12-30,-0.05256025576277501,0.003616473456390823,-0.01817885242405959,-0.08026008422566411,-0.10160722165999003,0.3369763126486449,13.271217375433473,13.794406371550288,14.0,14.0,3.8177415449188796,1.0509538758753925,-0.7223964502488631,-1.4206746805143164,0.38534165658211617,-0.22164948453608246,0.5800187178287319,0.473922902494331,-0.10370931112793347,-0.21917808219178092,0.0,-0.051855895196506574,0.0,0.05517241379310356,0.09122595636645281
2018-03-31,-0.08604884790625988,-0.10423334686302277,-0.08196301366684455,0.02908927336727629,-0.09491731943839354,-0.3818930175227111,-0.39245702885205647,-0.39564319248826296,-0.4,-0.4,-1.0360798833916933,-0.5407983044860474,-1.2641876506090686,-0.998383134852772,0.0022270848108492114,0.6662251655629139,0.18939730490152518,0.0888461538461538,-0.10557432432432434,0.8596491228070178,0.0,-0.00978698906160047,0.0,0.08496732026143783,-0.12957924208367833
2018-06-30,-0.07222543678674331,-0.07537200888255524,-0.10085975760173727,-0.03128859298678943,-0.012426934229299968,0.013049146455453409,-0.8476581412482896,-0.8384189919830961,-0.8383838383838383,-0.8383838383838383,-19.959136289760856,-0.28897435897435897,-7.001171548117155,113.00961538461539,0.05116090421515462,0.7575516693163751,-0.6876245019920318,-0.6909219357117626,-0.01510859301227574,0.9716981132075468,0.0,0.0645348837209303,0.0,0.048192771084337505,-0.04548543469397004
2018-09-29,0.045036235929287516,0.07410718794832327,0.05689073192452043,0.12546280332213477,0.022947056904506713,0.05592256448767996,-1.818294873566395,-1.6417948717948718,-1.625,-1.625,-1.0604724640875858,0.37793003966822925,-0.9917031541958334,-1.4903432571476765,-0.023865427558124264,0.14654002713704206,-0.024312475089677266,-0.039999999999999925,0.021093000958772867,0.16267942583732076,0.0,-0.02102676133260528,0.0,0.01724137931034475,-0.045612036641511144
2018-12-29,0.0719052541252958,0.09583527063949382,0.04959519123357636,0.06062033201558892,0.11154076141120184,0.29252152089181327,7.085444106720702,8.506392329204955,8.6,8.899999999999999,-36.58667476711219,0.3410102067521592,2.86218487394958,-30.76969384244926,0.7278366035609456,-0.2528599605522682,-0.9734477124183006,-0.9928571428571429,0.107981220657277,-0.2674897119341564,0.0,0.03682008368200829,0.0,-0.039548022598870136,0.03317087726278101
2019-03-30,0.009327716261701813,-0.2145722642143577,0.05483459308896399,-0.18038207139944828,-0.06811626131641912,-0.40874953299056327,-1.255670189215154,-1.2572443211666562,-1.2604166666666667,-1.2525252525252526,-0.9566543559043289,-7.88056206088993,74.0147954743255,-1.7614180643744837,-0.3207409408517753,-0.14677930306230202,-10.215384615384616,-38.833333333333336,-0.08305084745762714,-0.2303370786516853,0.0,-0.07667473769168676,0.5952380952380953,-0.05294117647058816,-0.04168471720818301
