Quarter end,Assets,Current Assets,Liabilities,Current Liabilities,Shareholders equity,Revenue,Earnings,Earnings available for common stockholders,EPS basic,EPS diluted,Cash from operating activities,Cash from investing activities,Cash from financing activities,Cash change during period,Cash at end of period,Price,ROE,ROA,Book value of equity per share,P/B ratio,P/E ratio,Cumulative dividends per share,Equity to assets ratio,Net margin,Asset turnover,Current ratio
1996-03-31,-0.012801631358332344,-0.1306179775280899,-0.013131497355462374,-0.09890510948905107,-0.013436015074553498,-0.4964494569757728,-0.92,-0.9139072847682119,-0.9259259259259259,0.7555555555555555,-1.5929648241206031,0.0674157303370786,-11.476923076923077,-3.8260869565217392,-0.5111111111111111,-0.046462513199577726,-0.062244062244062204,-0.0625,-0.016333938294010864,0.07317073170731714,0.11189303307529896,1.0,-0.0005785363031530766,-0.0672268907563025,0.014925373134328401,-0.03521262266692338
1996-06-30,-0.012801631358332344,-0.1306179775280899,-0.013131497355462374,-0.09890510948905107,-0.013436015074553498,-0.4964494569757728,-0.92,-0.9139072847682119,-0.9259259259259259,0.7555555555555555,-1.5929648241206031,0.0674157303370786,-11.476923076923077,-3.8260869565217392,-0.5111111111111111,-0.046462513199577726,-0.062244062244062204,-0.0625,-0.016333938294010864,0.07317073170731714,0.11189303307529896,1.0,-0.0005785363031530766,-0.0672268907563025,0.014925373134328401,-0.03521262266692338
1996-09-30,0.046993344044067076,0.16801292407108237,0.08843097394196997,0.30619684082624543,-0.02291978076731438,0.0,0.0,0.0,0.0,0.7555555555555555,-1.5929648241206031,0.0674157303370786,-11.476923076923077,-3.8260869565217392,2.9545454545454546,0.05924695459579188,-0.062244062244062204,-0.0625,-0.026752767527675192,0.07317073170731714,0.11189303307529896,0.0,-0.06685962373371912,-0.0672268907563025,0.014925373134328401,-0.10580374950139593
1996-12-31,0.07217624815038093,0.39903181189488235,0.0965277188216318,0.24961240310077515,0.03059663437021931,0.5744504355039404,7.222222222222221,6.589743589743589,7.833333333333334,0.7555555555555555,0.3813559322033899,-0.22368421052631582,-0.19970631424375918,-2.1692307692307695,-0.8735632183908046,0.07841087297438576,-0.062244062244062204,-0.0625,0.02843601895734582,0.11363636363636354,0.11189303307529896,0.509433962264151,-0.038771712158808924,-0.0672268907563025,0.014925373134328401,0.11966097914575657
1997-03-31,-0.03220200368022896,-0.22466633712308448,-0.07804273768968717,-0.23523573200992554,0.06234537357743686,0.3084826132771339,0.6554054054054055,0.6554054054054055,0.6603773584905659,0.7555555555555555,-5.328220858895706,0.5423728813559323,-2.614678899082569,-2.0,6.909090909090909,-0.027629665535627734,-0.062244062244062204,-0.0625,0.05898617511520743,-0.05612244897959173,0.11189303307529896,0.3374999999999999,0.09777347531461755,-0.0672268907563025,0.014925373134328401,0.013745019920318846
1997-06-30,-0.008925742051336227,-0.14121772394007015,-0.05962378233120591,-0.27190136275146004,-0.009625834497748786,-0.5637205556674049,-0.9714285714285714,-0.9714285714285714,-0.9659090909090909,0.7555555555555555,-0.6449326718639263,-0.18681318681318682,-0.8011363636363636,-1.5789473684210527,-0.5057471264367817,-0.015453639082751658,-0.062244062244062204,-0.0625,-0.01653611836379454,-0.07027027027027033,0.11189303307529896,0.25233644859813076,-0.0008818342151676317,-0.0672268907563025,0.014925373134328401,0.17950481430536436
1997-09-30,0.02584598987476694,0.08648849294729022,0.04491873548848013,0.0846702317290553,-0.02476877253488008,-0.10198431010613751,-3.4285714285714284,-3.4285714285714284,-3.3333333333333335,0.7555555555555555,-1.1437125748502994,-0.043243243243243246,-3.462857142857143,-1.1136363636363635,0.11627906976744184,0.008101265822784809,-0.062244062244062204,-0.0625,-0.02831858407079646,0.023255813953488413,0.11189303307529896,0.20149253731343286,-0.04913209767578697,-0.0672268907563025,0.014925373134328401,0.0016659725114536172
1997-12-31,0.06503896103896101,0.3963102152374445,0.14528672763011707,0.46918652423993423,0.022022182928789658,1.067317574511819,-8.558823529411764,-8.558823529411764,-7.428571428571428,0.7555555555555555,3.1527777777777777,-0.11864406779661019,0.48955916473317873,5.2,0.6458333333333333,-0.02209944751381221,-0.062244062244062204,-0.0625,0.0191256830601092,0.005681818181818121,0.11189303307529896,0.16770186335403703,-0.040532178217821735,-0.0672268907563025,0.014925373134328401,-0.04956340956340943
1998-03-31,-0.05155594576138911,-0.3166136530462442,-0.10349973882546082,-0.4133109619686801,0.05190311418685112,0.202833706189411,0.754863813229572,0.754863813229572,0.7555555555555555,0.7555555555555555,-7.080267558528428,-0.07051282051282048,-3.5031152647975077,-3.5483870967741935,-1.0,0.04673857216230104,-0.06288209606986894,-0.058666666666666645,0.04915102770330648,0.02824858757062154,0.11189303307529896,0.1436170212765957,0.10899709771041599,-0.04504504504504503,-0.014705882352941235,0.1648438183568115
1998-06-30,-0.004885574697865769,-0.05549588256355176,0.003079740302979861,-0.03431839847473783,-0.019736842105263164,-0.4895639594957636,-1.0266075388026608,-1.0266075388026608,-1.0253164556962024,-1.0253164556962024,-0.7491749174917492,0.0,-0.955818294959552,-2.2025316455696204,inf,0.013738959764475034,-0.04473438956197584,-0.04532577903682711,-0.022998296422487186,-0.03296703296703296,0.0898734177215188,0.12558139534883717,-0.014829892410584411,-0.058490566037735836,0.014925373134328401,-0.02193344850897616
1998-09-30,0.024186046511627923,0.1178923426838514,0.04007966143888475,0.23395853899308983,-0.0022879804758999533,-0.16842105263157892,-10.166666666666666,-10.166666666666666,-10.5,-11.0,-1.4385964912280702,0.5172413793103448,-8.802816901408452,-1.905263157894737,-0.9052631578947369,-0.0653436592449178,0.20292682926829286,0.21068249258160243,-0.006102877070619073,-0.045454545454545525,-0.024970963995354256,0.11157024793388426,-0.025678866587957483,0.20641282565130248,0.0,-0.09407879579141387
1998-12-31,0.03355535371884155,0.2031197015937607,0.04954523695548119,0.23839999999999995,0.00672680018345817,0.5769230769230769,0.44545454545454555,0.44545454545454555,0.47368421052631593,0.40000000000000013,-1.15,-0.34545454545454546,-0.5505415162454874,-0.8953488372093024,-1.0,0.1004660797514243,-0.12895377128953778,-0.12254901960784326,0.004385964912280604,0.1071428571428572,-0.10899344848123871,0.1003717472118959,-0.02605271129960618,-0.06644518272425248,-0.05882352941176472,-0.028484231943031624
1999-03-31,-0.008494849387296832,-0.2593010146561443,-0.022120866590649935,-0.273578811369509,0.017767653758542057,0.158073479468972,0.5220125786163523,0.5220125786163523,0.4999999999999998,0.4999999999999998,53.266666666666666,0.10763888888888884,-5.979919678714859,-8.666666666666668,inf,-0.04423529411764715,-0.2951582867783985,-0.3016759776536312,0.014847161572052459,-0.048387096774193616,0.08622994652406413,0.09121621621621623,0.026438569206842955,-0.2295373665480427,-0.09375000000000011,0.019633507853403342
1999-06-30,-0.026589196907774837,-0.14802130898021304,-0.024409203980099492,0.02223210315695856,-0.033721277230677416,-0.5043988269794721,-0.7024793388429752,-0.7024793388429752,-0.7142857142857143,-0.7142857142857143,-0.8507371007371007,0.16927899686520376,-1.1620967741935484,0.02898550724637672,1.028985507246377,-0.10930576070901032,0.17173051519154559,0.15999999999999992,-0.0206540447504302,-0.11864406779661019,0.26523076923076916,0.08359133126934992,-0.0072727272727273196,0.23556581986143188,-0.06896551724137923,-0.16653829696191702
1999-09-30,-0.0038444028529516228,-0.29656096471639126,-0.01713147410358562,-0.030448020878642845,0.02146386658431121,-0.011834319526627168,2.763888888888889,2.763888888888889,3.0,2.9166666666666665,2.1646090534979425,-1.1447721179624666,-4.154228855721393,1.6619718309859155,1.35,0.008844665561083431,0.2717023675310033,0.2793103448275862,0.020210896309314386,0.025641025641025772,-0.12986381322957186,0.07714285714285718,0.025335775335775246,0.30093457943925217,-0.01851851851851849,-0.27446349727898145
1999-12-31,-0.01975321180114764,-0.39301587301587304,-0.03161734900689095,-0.20457604306864063,0.00015117157974309237,-0.007621121393576513,-0.36900369003690037,-0.36900369003690037,-0.375,-0.36170212765957444,-0.8621586475942783,-8.37037037037037,-1.0078864353312302,-2.5185185185185186,-0.8723404255319149,-0.036164383561643865,0.01507092198581561,0.029649595687331498,0.0008613264427217437,-0.050000000000000044,-0.23756288429290107,0.07161803713527859,0.02024412027389122,0.1724137931034484,-0.1132075471698114,-0.23690914237192184
2000-03-31,0.0098943224202237,-0.11820083682008364,0.04796986186689001,0.3040045121263395,-0.05773881499395406,-0.12177729018102035,0.32748538011695905,0.32748538011695905,0.3666666666666667,0.3666666666666667,4.839622641509434,0.022613065326633208,-38.8,-1.0801393728222997,0.5476190476190477,-0.01421262080727681,-0.0017467248908297206,-0.00785340314136107,-0.012048192771084265,-0.019736842105263164,-0.029325513196480912,0.06683168316831667,-0.06682229355121105,0.27573529411764697,-0.23404255319148937,-0.32381305637982205
2000-06-30,0.008104642215952751,-0.10913404507710556,0.014459178782553206,0.05709342560553643,-0.0036894449791465833,-0.17676452217364147,-0.3876651982378855,-0.3876651982378855,-0.36585365853658536,-0.36585365853658536,-0.6494345718901454,-0.027027027027026973,-1.6031746031746033,-3.8260869565217392,-1.0,-0.02306805074971152,0.1014873140857393,0.09234828496042202,-0.0017421602787456303,-0.006711409395973145,-0.015861027190332444,0.06264501160092828,-0.011882426516572786,0.17963496637848242,-0.05555555555555547,-0.15715852989577606
2000-09-30,0.02778201801251723,0.3275632490013316,0.04315300417355705,0.16530278232405893,-0.00032200933827075673,0.01062215477996964,0.2517985611510791,0.2517985611510791,0.23076923076923084,0.23076923076923084,1.6451612903225805,0.02020202020202011,-2.3157894736842106,-1.3076923076923077,inf,0.0938606847697756,-0.10643367752184274,-0.1256038647342994,0.0008726003490400203,0.09459459459459474,-0.012279355333844943,0.058951965065502154,-0.027215189873417756,-0.04641693811074932,-0.08823529411764708,0.1392775789131142
2000-12-31,0.3376899846527055,1.0832497492477433,0.5061523363780478,2.333567415730337,0.01868255757770987,1.2132132132132134,0.2931034482758621,0.2931034482758621,0.28125,0.28125,-0.6759581881533101,12.950495049504951,-37.333333333333336,-1.0,0.0,0.14031300593631935,0.0888888888888888,-0.02209944751381221,0.017436791630339954,0.1358024691358024,0.2727272727272727,0.05567010309278353,-0.23845152895250488,-0.09222886421861654,0.06451612903225823,-0.37503570408454734
2001-03-31,0.021909696521095423,-0.03322099181511795,0.00917201283079394,-0.3333684432273014,0.06466403162055334,0.18928086838534597,1.3244444444444445,1.3244444444444445,1.3414634146341462,1.3414634146341462,3.811827956989247,-0.9678850248403122,-1.1122935779816514,inf,5.1,-0.010884997633696214,0.3600000000000001,0.268361581920904,0.06083976006855196,-0.02717391304347827,-0.08852258852258843,0.052734375,0.04186245194361393,0.09595484477892757,0.18181818181818188,0.4501828153564902
2001-06-30,-0.0024264812400405233,-0.11155378486055778,-0.07668239384156939,-0.2095117712118818,0.0034155034155034514,-0.4988590986879635,-0.8221797323135756,-0.8221797323135756,-0.8229166666666666,-0.8229166666666666,-1.1039106145251396,0.5966850828729282,-1.4983660130718954,-1.7549019607843137,-0.6311475409836065,0.08421052631578951,-0.06362545018007204,-0.11581291759465484,-0.0040387722132472215,0.022346368715083775,-0.22170127260549233,0.05009276437847876,0.005740057400573928,-0.08669527896995721,-0.05128205128205132,0.12385754806177096
2001-09-30,0.2227627518605917,0.21860986547085193,0.3322575439728901,0.1724965020987408,-0.0063637709042474455,0.298804780876494,-0.4838709677419355,-0.4838709677419355,-0.4117647058823529,-0.47058823529411775,-1.10752688172043,0.40138408304498263,0.23934426229508188,-0.7792207792207793,-0.37777777777777777,-0.036187113857016784,-0.14102564102564097,-0.22670025188916876,-0.013787510137875048,-0.032786885245901676,0.010327022375215211,0.04770318021201403,-0.1875254790052996,-0.20394736842105265,-0.027027027027027084,0.03925967470555247
2001-12-31,0.027849529408271678,0.437902483900644,0.0310885012919897,0.20900102284350486,0.027852249031873777,0.42725679228746705,4.1875,4.1875,3.5,4.0,-6.0,0.219753086419753,0.9550264550264551,-12.470588235294118,6.964285714285714,0.0,0.0052238805970148405,-0.03583061889250816,0.021381578947368363,0.0,0.0,0.045531197301855064,0.0,-0.002361275088547665,-0.02777777777777779,0.1894225580140314
2002-03-31,0.0005488315664807786,0.045745361484325064,-0.01589787767248807,0.10758601240834742,0.06173018403129982,-0.1731654897144611,1.0120481927710845,1.0120481927710845,1.0,0.9777777777777779,-33.34,-0.10931174089068829,-2.6874154262516914,-1.358974358974359,-0.31390134529147984,0.024267399267399403,-0.04454342984409787,-0.07770270270270274,0.05555555555555558,0.016949152542372836,0.141396933560477,0.04354838709677411,0.06121424987456092,0.0556213017751479,-0.11428571428571421,-0.05580762250453719
2002-06-30,0.01068191004099539,0.16732945855001535,0.012852140697119152,0.07001909611712276,0.0028661116418724486,-0.40883772744151503,-0.7544910179640718,-0.7544910179640718,-0.7555555555555555,-0.752808988764045,-0.8478664192949907,-0.10909090909090913,-1.028869286287089,0.5714285714285714,-0.7189542483660131,0.027268663388466674,0.011655011655011593,-0.02197802197802201,-0.0015255530129671957,-0.02777777777777779,0.07164179104477597,0.04173106646058744,-0.007565011820330869,0.051569506726457215,-0.09677419354838701,0.09082172032676583
2002-09-30,-0.010254798903107876,-0.08045073375262057,-0.00703201728540559,-0.11076740035693045,-0.033614589003810535,0.19786432160804024,-0.2357723577235772,-0.2357723577235772,-0.22727272727272718,-0.22727272727272718,0.6097560975609757,-0.27040816326530615,-3.5555555555555554,-1.1636363636363636,0.4186046511627908,-0.09617058311575288,0.036098310291858615,0.041198501872659055,-0.036669213139801426,-0.09142857142857141,-0.12325905292479111,0.0400593471810089,-0.02382086707956177,0.09061833688699372,-0.0357142857142857,0.034140969162995694
2002-12-31,0.07997344800715744,0.67113137646053,0.10962968824181041,0.35911158683435906,0.0,0.30938647089669646,2.3191489361702127,2.3191489361702127,2.235294117647059,2.176470588235294,0.505050505050505,0.6993006993006994,-1.6847826086956523,8.61111111111111,0.3770491803278688,0.09821858449687038,0.0578206078576724,0.04676258992805771,-0.10943695479777948,0.1383647798742138,0.046862589356632345,0.03851640513552068,-0.07369448511469012,0.15835777126099693,-0.07407407407407418,0.22960596379126752
2003-03-31,0.04019241047568145,0.22868349249658926,-0.009091881484650788,-0.01575113211262058,0.24757076468103079,0.40728874649579505,0.6602564102564104,0.6602564102564104,0.5636363636363635,0.574074074074074,2.1560402684563758,-0.06995884773662553,-21.365079365079364,-0.1560693641618497,1.7380952380952381,0.035949145111793035,-0.035038542396636285,-0.013745704467354014,0.2457702582368655,0.16022099447513805,-0.015174506828528056,0.037087912087911956,0.19915700737618547,-0.07088607594936702,0.040000000000000036,0.2482244933310236
2003-06-30,-0.06024560682355362,-0.28285912560721727,-0.08833477259643063,-0.1073214642928586,0.011287955751213552,-0.4689812179852021,-0.6351351351351351,-0.6351351351351351,-0.6511627906976745,-0.6588235294117647,-0.9117490696438065,-0.13716814159292035,-1.0210444271239283,-2.3493150684931505,-0.8565217391304347,0.06940330088870073,0.009440813362382228,0.05226480836236935,0.005003573981415377,-0.13809523809523816,0.09399075500770415,0.03708609271523189,0.07601054481546576,0.03360581289736597,0.03846153846153855,-0.19664168748265343
2003-09-30,0.010552502802154251,0.06676988581381837,0.010893160200497354,-0.19775910364145655,0.014064069650630673,-0.1087888531618435,0.17460317460317465,0.17460317460317465,0.16666666666666674,0.1724137931034484,-7.240963855421687,-0.39230769230769236,45.2962962962963,-0.883248730964467,-0.696969696969697,0.06964780371982604,0.050359712230215736,0.0960264900662251,0.005689900426742556,0.06077348066298338,0.02887323943661979,0.03575989782886335,0.0036749693752551327,0.14323374340949035,-0.07407407407407418,0.3297633442736225
2003-12-31,0.07609901257946716,0.35576923076923084,0.09600593448639372,0.47262569832402224,0.040506329113924044,0.6800962116656644,0.5765765765765767,0.5765765765765767,0.5428571428571431,0.588235294117647,-1.2027027027027026,0.5696202531645569,-0.7464,-7.739130434782608,15.5,0.04587495375508688,-0.03630136986301369,0.015105740181268867,0.03536067892503536,0.04166666666666674,-0.04175222450376448,0.034525277435265345,-0.03336045565500401,-0.000768639508070601,0.040000000000000036,-0.07937126526370486
2004-03-31,-0.01307255266730356,0.02261474642044692,0.03198917070390417,-0.12130121396054627,0.059875171903099655,1.3299928418038656,0.8771428571428572,0.8771428571428572,0.8888888888888888,0.8518518518518516,14.966666666666667,-0.5833333333333333,-10.003154574132493,1.2193548387096773,2.084848484848485,0.03466572338167673,0.07462686567164178,0.1071428571428572,0.05601092896174875,0.0,0.03428571428571425,0.033373063170440975,0.07407407407407396,-0.15000000000000002,0.3076923076923077,0.16382108085226466
2004-06-30,0.021447857761475397,0.11227427375032706,0.025198481187435284,0.09660010793308138,0.00908274278870147,-0.5483870967741935,-0.680365296803653,-0.680365296803653,-0.6666666666666666,-0.6699999999999999,-0.9740530867879511,2.6451612903225805,-1.176594253679047,-0.9244186046511628,0.06090373280943018,-0.04444444444444451,-0.015211640211640232,-0.00806451612903214,0.007115135834411257,-0.09499999999999997,-0.11049723756906071,0.033448673587082034,-0.012147335423197458,-0.06334841628959287,0.0588235294117645,0.014306498545101798
2004-09-30,0.0059850374064838174,-0.0023529411764705577,0.0037037037037037646,-0.22933070866141736,0.011869436201780381,-0.108843537414966,-0.04761904761904767,-0.04761904761904767,-0.08823529411764708,-0.06060606060606066,-11.229885057471265,-0.07964601769911506,1.5992063492063493,-4.846153846153847,-0.18518518518518523,0.07119856887298748,-0.043653458697112235,-0.03794037940379413,0.005138086062941527,0.06077348066298338,0.05201863354037273,0.0323660714285714,0.005950019833399489,-0.07922705314009659,0.0277777777777779,0.29452546019603143
2004-12-31,0.398116013882003,0.7181603773584906,0.4152968802415298,0.8863346104725416,0.3538611925708699,1.385496183206107,1.315,1.315,1.032258064516129,1.064516129032258,-1.3595505617977528,4.730769230769231,1.0687022900763359,-1.5,0.11363636363636354,0.06479625918503662,-0.028089887640449507,-0.019718309859154903,0.15015974440894575,0.0625,0.0789667896678965,0.03135135135135125,-0.03154574132492105,-0.12381951731374596,0.1351351351351351,-0.0891043397968605
2005-03-31,-0.03581560283687946,-0.19080301990391213,-0.060914908746148355,-0.17806364251861884,0.04404332129963895,0.45920000000000005,0.900647948164147,0.900647948164147,0.8253968253968254,0.7812499999999998,11.21875,-0.738255033557047,-2.2472324723247232,-6.0,-0.5102040816326531,0.06806775407779164,0.04118497109826591,0.054597701149425415,0.04166666666666674,-0.07352941176470595,0.021203830369357135,0.032494758909853205,0.08265472312703581,0.003592814371257358,0.04761904761904767,-0.015509376583882517
2005-06-30,0.0012872379551305269,0.01781170483460559,-0.0015143866733973166,-0.05601317957166396,0.007607192254495132,-0.5274122807017544,-0.7272727272727273,-0.7272727272727273,-0.7304347826086957,-0.736842105263158,-1.1176470588235294,-0.3717948717948718,-1.3431952662721893,-1.8399999999999999,0.875,0.06108663729809116,-0.06800832755031228,-0.05449591280653954,0.004266666666666641,0.021164021164021163,0.0,0.03147208121827427,0.0063933809702894084,-0.04534606205250591,-0.022727272727272707,0.07815074135090616
2005-09-30,0.11772268135904507,0.5149999999999999,0.16380182002022248,0.5340314136125655,-0.0041180507892930596,-0.08816705336426911,-0.375,-0.375,-0.3870967741935484,-0.3666666666666666,2.4347826086956523,-1.1428571428571428,0.4051724137931034,-0.4285714285714286,0.2666666666666666,0.03238306116800427,-0.10052122114668649,-0.11527377521613835,-0.0074349442379180175,0.02590673575129543,0.04554588077695909,0.030511811023621993,-0.10911808669656209,-0.0824999999999999,-0.023255813953488413,-0.01241524209722078
2005-12-31,0.02711140322050598,0.11771177117711762,0.02389226759339702,0.10295790671217286,0.03308063404548589,1.4987277353689565,3.4000000000000004,3.4000000000000004,3.473684210526316,3.473684210526316,-0.310126582278481,-11.571428571428571,-0.042944785276073594,-3.25,-0.4736842105263158,-0.06487935656836452,0.09188741721854288,0.08143322475570036,0.03049759229534521,-0.05555555555555547,-0.015374759769378632,0.03533906399235898,0.005872483221476488,-0.032697547683923855,0.11904761904761907,0.013441640073493799
2006-03-31,-0.08238681810910253,-0.28248031496063,-0.1264319049639372,-0.24651882413615267,0.05737158105403606,0.06619144602851335,0.6666666666666667,0.6666666666666667,0.6705882352941177,0.6588235294117646,-3.623853211009174,-0.43243243243243246,-2.641025641025641,-0.5555555555555556,-0.4,0.016055045871559592,0.08794541319181204,0.10240963855421681,0.05607476635514019,-0.016042780748663166,-0.07026675341574495,0.03413284132841343,0.1522101751459548,0.06197183098591541,0.042553191489361764,-0.04780534351145038
2006-06-30,0.009414225941422494,0.03429355281207136,0.015784361340456465,-0.07597535934291577,-0.007570977917981114,-0.5835721107927412,-0.8272727272727273,-0.8272727272727273,-0.823943661971831,-0.8226950354609929,-1.1713286713286712,0.5714285714285714,-1.5234375,-2.583333333333333,1.0555555555555554,0.023702031602709006,-0.04181184668989535,-0.03825136612021851,-0.0068829891838742,-0.03260869565217395,-0.07697690692792158,0.033006244424620856,-0.01664857039449874,-0.025198938992042397,-0.020408163265306145,0.11935063633630616
2006-09-30,0.008635578583765069,0.0026525198938991412,0.009323452067893756,-0.0251851851851852,0.005085823267641398,-0.004587155963302725,0.894736842105263,0.894736842105263,0.8400000000000001,0.8400000000000001,-3.122448979591837,0.16666666666666674,-1.3880597014925373,-2.3157894736842106,-0.6216216216216216,0.030319735391400204,0.0770909090909091,0.11079545454545459,0.007425742574257432,0.0393258426966292,0.04927975739196366,0.031951640759930955,-0.003680529996319515,0.08435374149659869,0.02083333333333326,0.028558639212175496
2006-12-31,0.0525684931506849,0.2050264550264551,0.06489815253434394,0.2363221884498481,0.017710309930423884,0.6221198156682028,0.3055555555555556,0.3055555555555556,0.3043478260869563,0.3043478260869563,-0.875,-0.18181818181818177,-2.0769230769230766,-1.24,0.4285714285714286,0.018191546281433935,-0.09790681971640791,-0.07672634271099754,0.01670761670761678,0.010810810810810922,-0.074421965317919,0.030962343096234468,-0.03287772441817516,0.01505646173149322,-0.08163265306122447,-0.02524153538166951
2007-03-31,-0.06881405563689602,-0.2349066959385291,-0.1083185053380783,-0.32329440688383526,0.04288377874456173,0.3821022727272727,1.1702127659574466,1.1702127659574466,1.1833333333333336,1.166666666666667,40.69230769230769,-0.15873015873015872,-9.571428571428571,0.5,0.44999999999999996,0.06647398843930641,-0.05164670658682624,-0.03878116343490301,0.04253262445625894,0.048128342245989275,0.16471506635441058,0.03327922077922074,0.1199388846447671,-0.009888751545117369,-0.04444444444444451,0.1305473703009199
2007-06-30,0.012753319357093007,0.027977044476327206,0.018957345971563955,0.1998183469573116,-0.0035756853396901045,-0.5200411099691675,-0.7058823529411764,-0.7058823529411764,-0.6946564885496183,-0.6923076923076923,-1.0977859778597785,0.35849056603773577,-1.2354166666666666,-2.333333333333333,-0.4137931034482759,0.03695491500369541,0.037884767166535216,0.05475504322766578,-0.0023180343069078013,-0.005102040816326481,0.08109919571045565,0.03220738413197166,-0.01637107776261948,0.041198501872659055,0.023255813953488413,-0.14319564015480613
2007-09-30,0.007417629808521564,-0.0034891835310537633,0.022276621787025608,0.040878122634367964,-0.029306220095693725,-0.2098501070663812,-0.5666666666666667,-0.5666666666666667,-0.575,-0.575,0.9433962264150944,-0.08333333333333337,0.49557522123893816,-1.0,0.0,-0.08814445236398194,-0.11254752851711036,-0.10655737704918034,-0.015334572490706244,-0.08717948717948709,-0.13763174209547424,0.03120243531202438,-0.036407766990291246,-0.08393285371702641,-0.022727272727272707,-0.042680678466076705
2007-12-31,0.07328767123287672,0.2682072829131652,0.09195402298850586,0.1963636363636363,0.023413431916204486,0.8563685636856369,4.076923076923077,4.076923076923077,4.0588235294117645,3.999999999999999,-0.9029126213592233,-0.06060606060606055,-0.5502958579881656,inf,0.23529411764705888,-0.002344971339239277,0.08997429305912608,0.09174311926605516,0.025483718735252348,0.016853932584269593,0.11430625449317033,0.030258302583025865,-0.046419575386829726,0.10732984293193715,-0.023255813953488413,0.06008666345690905
2008-03-31,-0.019942565411614543,-0.08006626173384868,-0.03749999999999998,-0.0012158054711246535,0.03672486453943402,0.4773722627737227,0.3484848484848484,0.3484848484848484,0.36046511627906974,0.3647058823529412,-52.2,0.29032258064516125,-6.657894736842105,-0.5,0.09523809523809534,-0.05223295899712721,-0.0676100628930818,-0.07843137254901966,0.03543488265071337,-0.07734806629834257,-0.13935483870967746,0.03008595988538687,0.05773584905660378,-0.07565011820330958,0.0,-0.07893541647742752
2008-06-30,0.07292853654566178,0.22629051620648255,0.1098200045568467,0.20450395617772377,-0.020905923344947785,-0.5612648221343873,-1.1235955056179776,-1.1235955056179776,-1.1282051282051282,-1.1293103448275863,-1.298828125,0.07499999999999996,-1.5511627906976744,-2.0,-0.17391304347826086,-0.036098098649765875,-0.209106239460371,-0.23100303951367784,-0.022666666666666724,-0.0718562874251496,0.016491754122938573,0.029207232267037586,-0.08740635033892241,-0.20076726342711004,-0.04761904761904756,0.01804733727810648
2008-09-30,-0.013199817933545743,-0.05041605482134115,-0.024635598439745388,-0.07933299646286007,0.022538552787663146,0.2139639639639639,-6.909090909090909,-6.909090909090909,-6.666666666666667,-6.666666666666667,0.22222222222222232,0.023255813953488413,0.12658227848101267,3.0,-0.42105263157894735,-0.056032018296169106,0.3123667377398722,0.29644268774703564,0.020918599363346946,-0.032258064516129115,0.19985250737463112,0.02837837837837842,0.03635652853792015,0.248,0.04999999999999982,0.03148309599922494
2008-12-31,0.03167281672816724,0.0525773195876289,0.05788255104188589,0.08836443468715705,-0.04176334106728541,0.49350649350649345,0.1384615384615384,0.1384615384615384,0.15294117647058814,0.14117647058823524,-1.2941176470588236,0.34090909090909083,-0.7453183520599251,-1.625,0.4545454545454546,-0.15051483949121747,0.038992688870836734,0.021341463414634054,-0.04320712694877504,-0.16666666666666663,-0.363859864781807,0.02759526938239154,-0.07129385137683897,-0.0064102564102563875,0.023809523809523725,-0.03287002253944393
2009-03-31,-0.08241430700447094,-0.2992164544564153,-0.13151611619578196,-0.3202218860312658,0.06719128329297819,0.2360248447204969,0.8243243243243243,0.6081081081081081,0.5816326530612246,0.597938144329897,10.10909090909091,-0.17796610169491522,-8.485294117647058,0.0,0.3125,0.050980392156862786,0.1321344800625488,0.20895522388059695,0.06378026070763498,0.09600000000000009,0.006763285024154575,0.027493606138107474,0.16287571080422425,0.14580645161290318,0.0,0.03087978248203549
2009-06-30,-0.006009420172161772,-0.0803633822501747,-0.00710194730813285,-0.04970326409495551,-0.0022688598979012653,-0.6211055276381909,-0.8444444444444444,-0.8235294117647058,-0.832258064516129,-0.832258064516129,-0.8036006546644845,0.134020618556701,-0.962671905697446,-2.8,-0.4285714285714286,-0.009837177747625492,0.11740331491712697,0.14320987654320994,-0.003938730853391692,-0.06569343065693434,-0.12955854126679456,0.026757934038581288,0.0038421236465246977,0.15653153153153143,0.0,-0.03230972117558406
2009-09-30,0.010294117647058787,0.001519756838905817,0.023534840793724143,-0.18501170960187352,-0.022740193291643007,-0.18567639257294433,-1.2380952380952381,-1.2380952380952381,-0.3846153846153846,-0.3846153846153846,-1.375,-0.027272727272727226,-9.473684210526315,-2.0,0.75,0.12778348749571777,-0.2503090234857849,-0.2267818574514039,-0.024165202108963113,0.1328125,0.0,0.026060606060606117,-0.032707028531663074,-0.18111002921129504,-0.09302325581395343,0.22894967390246257
2009-12-31,0.14410480349344978,0.5174506828528074,0.18462578899909832,0.6973180076628354,0.03548574752763245,1.0781758957654723,-15.2,-15.2,4.75,4.6875,1.088888888888889,0.514018691588785,0.6211180124223603,-0.4444444444444444,0.23809523809523814,0.07867557715674356,-0.03215169002473206,-0.027932960893854775,0.033318325078793176,0.10344827586206895,0.33186328555678046,0.02539870053160076,-0.09496402877697852,0.05707491082045202,-0.07692307692307698,-0.10598019801980196
2010-03-31,-0.0351993214588634,-0.1755,-0.05347288296860131,0.006207674943566666,0.030337078651685445,0.5721003134796239,0.8873239436619718,0.8873239436619718,0.8913043478260869,0.901098901098901,-8.127659574468085,-0.2962962962962963,-3.157088122605364,-2.4,-0.2692307692307693,0.029287524640946083,0.061328790459965976,-0.031609195402298784,0.026579520697167736,-0.006249999999999978,0.05049668874172175,0.025345622119815836,0.0679650238473768,0.06974128233970744,-0.02777777777777779,-0.1806503056613804
2010-06-30,-0.006886446886446906,-0.0800485142510613,-0.004624045034177682,0.0398205272013461,-0.013086150490730697,-0.642073778664008,-0.8955223880597015,-0.8955223880597015,-0.9022988505747126,-0.9017341040462428,-0.9358208955223881,0.18421052631578938,-1.1580817051509769,-0.5714285714285714,-0.1578947368421053,0.023255813953488413,-0.038523274478330594,-0.05341246290801194,-0.014006791171476962,0.0,-0.03703703703703698,0.024719101123595433,-0.006326758466691396,-0.024185068349106276,-0.02857142857142847,-0.11526816608996526
2010-09-30,0.014753614635585777,0.07317073170731714,0.02282367198545754,0.11326860841423958,-0.006629834254143652,-0.03621169916434541,0.5714285714285714,0.5714285714285714,0.7058823529411762,0.7058823529411762,-4.790697674418604,-0.6444444444444444,1.3483146067415732,-0.33333333333333337,-0.125,0.0064171122994653995,0.11435726210350583,0.09717868338558011,-0.00817907877744306,0.018867924528301883,0.03682487725040917,0.02412280701754388,-0.02097378277153561,0.10668103448275867,0.0,-0.035932534832559426
2010-12-31,0.09305030532131431,0.32800982800982803,0.12203791469194303,0.1763565891472869,0.008342602892102313,0.9219653179190752,1.9090909090909092,1.9090909090909092,1.8275862068965516,1.7931034482758625,-0.852760736196319,2.0208333333333335,-0.1435406698564593,-6.0,0.7142857142857142,-0.018597236981934162,-0.03370786516853941,-0.04571428571428582,0.00868055555555558,-0.012345679012345734,-0.059194948697711136,0.0235546038543899,-0.07727620504973232,-0.03992210321324252,0.0,0.12880324543610544
2011-03-31,-0.06544293695131687,-0.26595744680851063,-0.10137275607180574,-0.4592257001647446,0.049641478212906875,0.3203007518796992,0.9375,0.9375,0.9512195121951221,0.962962962962963,-30.916666666666668,-0.3517241379310345,-4.145251396648044,5.1,2.5416666666666665,0.022739577693557278,-0.05193798449612397,-0.0479041916167664,0.04647160068846823,0.018749999999999822,0.05620805369127524,0.023535564853556457,0.12313432835820892,0.010141987829614507,-0.05882352941176472,0.3574797843665769
2011-06-30,0.027184742385425453,0.0100819155639571,0.038582060321190825,0.0654988575780655,-0.0036784025223332018,-0.5728929384965831,-0.8548387096774194,-0.8548387096774194,-0.85625,-0.8490566037735849,-1.0807799442896937,0.0851063829787233,-1.1705150976909413,-2.0491803278688527,-0.7529411764705882,0.07093700370566447,0.006541291905151292,0.0,-0.006578947368421018,0.01840490797546024,0.1239078633836379,0.022994379151762834,-0.030269472129937247,0.011044176706827447,0.0,-0.05203938115330531
2011-09-30,0.03353193847859215,0.12351840299438543,0.05185743918536678,-0.18513223731236594,-0.016877637130801704,-0.21333333333333337,-1.1666666666666667,-1.1666666666666667,-1.1739130434782608,-1.1666666666666667,0.7241379310344827,-0.05882352941176472,2.5416666666666665,-3.25,6.857142857142857,-0.05486900642609982,-0.11779041429731929,-0.12578616352201266,-0.01779801324503305,-0.04819277108433728,-0.07773851590106007,0.022477522477522438,-0.04872478111914724,-0.0893743793445878,-0.0625,0.3787746552626987
2011-12-31,0.8652634401394288,0.5247084952803998,0.8956615274291861,1.7052631578947368,0.7800429184549356,1.6779661016949152,-12.0,-12.0,-10.25,-10.0,0.09000000000000008,9.90625,2.1176470588235294,-1.6666666666666665,-0.5818181818181818,0.06746861924686187,-0.2946593001841621,-0.3057553956834531,0.1938474504846186,0.08860759493670889,0.2030651340996168,0.02686858817782123,-0.04561824729891961,-0.19738276990185388,-0.1333333333333333,-0.4363843524496772
2012-03-31,-0.04844390138719179,-0.26365622723962123,-0.07196898051825229,-0.23865110246433208,0.02772754671488853,0.7772151898734176,2.9393939393939394,2.9393939393939394,2.027027027027027,2.083333333333334,-8.486238532110093,-0.836676217765043,-1.6066037735849057,-1.0208333333333333,0.02898550724637672,-0.004164625183733506,-0.11357702349869447,-0.11917098445595853,0.026120720084715998,-0.16860465116279078,0.20445859872611472,0.01712654614652709,0.08008385744234814,-0.15489130434782605,0.03846153846153855,-0.03279424977538181
2012-06-30,0.0026437042072664507,-0.07022749752720081,0.0032609803322123376,0.047700170357751315,0.0005865102639295294,-0.5113960113960114,-0.7384615384615385,-0.7384615384615385,-0.75,-0.7387387387387387,-0.6740196078431373,0.04678362573099415,-0.8895800933125972,7.0,0.22535211267605626,-0.054366543665436695,-0.04860088365242998,-0.04705882352941193,-0.0013759889920880175,-0.07692307692307687,0.21734531993654138,0.021515434985968307,-0.0023291925465838137,-0.01768488745980701,0.0,-0.11263353460287973
2012-09-30,0.024182612626186595,0.1356382978723405,0.03575418994413404,0.12357723577235769,-0.009085580304806551,-0.10495626822157433,-0.7352941176470589,-0.7352941176470589,-0.7142857142857143,-0.7241379310344827,-1.218045112781955,0.22346368715083798,-4.95774647887324,-0.75,0.04597701149425282,0.04578563995837692,-0.05727554179566563,-0.05555555555555558,-0.011023079572855643,0.045454545454545414,0.015204170286707175,0.02106227106227121,-0.03229571984435797,-0.03436988543371533,-0.03703703703703709,0.0107301753467679
2012-12-31,0.04016182420007364,0.249648711943794,0.04991664214965197,0.20767004341534,0.00946465542738828,0.9837133550488599,9.88888888888889,9.88888888888889,9.5,9.375,-0.6379310344827587,-0.0091324200913242,-0.010676156583629859,9.0,0.43956043956043955,-0.022388059701492713,0.30706075533661736,0.30718954248366015,0.008359456635318674,-0.007246376811594013,-0.08600770218228504,0.020627802690583064,-0.029352633695215125,0.17118644067796618,0.1153846153846152,0.034826514759192184
2013-03-31,-0.01421398769535398,-0.11506746626686659,-0.02867550906034,-0.08328340323547034,0.03310870202168181,0.40311986863711,0.5714285714285714,0.5714285714285714,0.5595238095238095,0.5783132530120483,-41.476190476190474,0.17972350230414746,-3.0719424460431655,-0.55,0.13740458015267176,0.03333333333333344,0.079145728643216,0.07499999999999996,0.030742659758203894,0.021897810218977964,-0.1769662921348315,0.02065026362038669,0.04763877381938686,0.01013024602026058,0.06896551724137945,-0.03465532340798205
2013-06-30,-0.010401721664275443,-0.1262177043625582,-0.015289931724204231,-0.23235294117647054,0.003686897334089556,-0.47103569338794615,-0.6818181818181819,-0.6818181818181819,-0.6870229007633588,-0.6870229007633588,-0.6341176470588235,-0.38671875,-0.7934027777777778,0.9444444444444444,0.2348993288590604,0.05959123368628427,0.04190919674039573,0.041860465116279055,0.0,0.028571428571428692,-0.025028441410693825,0.02023245802841145,0.014234875444839812,-0.0014326647564469885,0.032258064516129004,0.1381544841886988
2013-09-30,0.007901413555636116,0.013572467280659195,0.009863281249999911,0.024691358024691468,-0.003955919751342241,-0.25331858407079644,-0.4285714285714286,-0.4285714285714286,-0.41463414634146345,-0.41463414634146345,-1.292604501607717,0.5796178343949046,-3.403361344537815,-2.5142857142857142,-0.2880434782608695,0.03346502440158017,0.05027932960893855,0.0535714285714286,-0.005697050938337722,0.03472222222222232,-0.013418903150525074,0.019831223628692163,-0.011695906432748537,0.04734576757532283,0.0,-0.010817581416533772
2013-12-31,0.04646144994246271,0.38450502152080346,0.057634658156851426,0.29538845035313677,0.012198581560283639,0.36444444444444435,1.2857142857142856,1.2857142857142856,1.2500000000000004,1.2083333333333335,0.08791208791208782,-0.13306451612903225,0.006993006993007089,-0.5094339622641509,-0.1984732824427481,0.055543062738925064,-0.11382978723404258,-0.11016949152542366,0.011459386585776832,0.06040268456375841,-0.0053222945002956434,0.019445593711212128,-0.032741617357001984,-0.03972602739726028,-0.0625,0.06883849430183031
2014-03-31,0.04907216494845357,0.23972366148531954,0.04425345158635818,0.20397690827453485,0.06586322869955152,1.6731813246471225,3.4375,3.4375,3.4259259259259256,3.4905660377358485,-9.616161616161616,-0.23720930232558135,-2.739583333333333,-8.23076923076923,1.7904761904761903,0.012143161482743858,0.41416566626650675,0.4095238095238094,0.06264578473842053,0.0,0.1343638525564803,0.019886363636363535,0.015905383360522052,0.22253922967189732,0.16666666666666674,0.029617662897145847
2014-06-30,-0.07095125786163525,-0.33574811925327386,-0.09631380789773225,-0.30873734683004794,0.003944254535892755,-0.6389114541023558,-0.795774647887324,-0.795774647887324,-0.7949790794979079,-0.7941176470588235,-0.6225087924970691,-0.1707317073170732,-0.3173652694610778,-1.8297872340425532,-0.5324232081911262,0.0881919595874554,0.001697792869269854,0.013513513513513375,0.002195045468798895,0.025316455696202445,-0.23899371069182385,0.019498607242339983,0.08069048574869542,0.023337222870478458,-0.02857142857142847,-0.03901673640167369
2014-09-30,-0.016077850645229486,-0.12206375838926176,-0.016471272163550044,-0.05125240847784196,-0.015191199580932402,-0.3374578177727784,-1.1379310344827587,-1.1379310344827587,-1.1428571428571428,-1.1428571428571428,-1.9347826086956523,-1.1176470588235294,-1.526315789473684,-0.32692307692307687,-0.7664233576642336,0.0059961315280463445,-0.09745762711864403,-0.08333333333333326,-0.015957446808510634,0.006172839506172645,-0.015840220385675008,0.0191256830601092,0.0011144130757800852,-0.06613454960091225,0.0,-0.07467073037988459
2014-12-31,0.06851573138393174,0.3807931199235548,0.09161658949857165,0.3074735987002437,0.006382978723404209,1.4533106960950763,-19.5,-19.5,-18.857142857142854,-18.71428571428571,-0.2724252491694352,-14.8125,1.438888888888889,-0.9904761904761905,-0.03125,0.02653335896942899,0.1934272300469484,0.20363636363636362,0.00540540540540535,0.042944785276073594,0.12176347095871254,0.018766756032171594,-0.058256029684601085,0.09279609279609269,0.08823529411764697,0.056111045759322575
2015-03-31,-0.05171372996176804,-0.2806228373702422,-0.08185181842793976,-0.26343584964274624,0.03752642706131071,0.1910034602076125,0.30405405405405395,0.30405405405405395,0.29600000000000004,0.306451612903226,-6.114155251141552,-0.16742081447963797,-3.1093394077448746,-11.0,0.32258064516129026,-0.023599925079602846,-0.19512195121951215,-0.17220543806646516,0.03510436432637554,-0.02941176470588236,-0.19525888958203375,0.019172932330826953,0.09416863672182818,-0.05921787709497206,-0.1351351351351351,-0.023390510135887776
2015-06-30,-0.021431602772669422,-0.2438672438672439,-0.03223904069195993,-0.13665120202446224,0.005603667855323513,-0.6083672283556072,-0.7823834196891192,-0.7823834196891192,-0.7839506172839507,-0.7901234567901234,-0.6741071428571428,0.42934782608695654,-0.8725701943844493,-2.6,-0.3902439024390244,-0.0567811241127949,-0.0488758553274683,-0.03649635036496357,0.004582951420715187,-0.09090909090909083,0.16201550387596897,0.018812246403541177,0.027727763773856662,0.005938242280284944,-0.03125,-0.12408759124087587
2015-09-30,0.02681604625948686,0.12977099236641232,0.04570383912248621,0.3688324377137273,-0.020010131712259405,-0.13353115727002962,-0.7380952380952381,-0.7380952380952381,-0.7428571428571429,-0.7352941176470589,-1.2054794520547945,0.11787072243346008,-4.076271186440678,-0.625,-0.24,0.11572096806996135,0.043165467625899456,0.045454545454545414,-0.021289537712895434,0.11333333333333329,0.16944629753168794,0.018464880521361193,-0.04590049053959355,0.051948051948051965,0.0,-0.17473958333333328
2015-12-31,0.038575249894410746,0.1908783783783783,0.04691142191142195,0.07066381156316925,0.015507883173946801,0.6472602739726028,8.727272727272727,8.727272727272727,8.88888888888889,8.88888888888889,-0.6133333333333333,-0.027210884353741527,-0.1322314049586777,-1.0,0.0,0.13507109004739348,-0.11231527093596061,-0.10144927536231885,0.01429459291485391,0.16167664670658688,0.07986309184255558,0.018130110202630778,-0.02203452074917378,0.0056116722783390305,-0.09677419354838701,0.11233827705900912
2016-03-31,-0.028331299986444347,-0.2732860520094562,-0.04759254105204569,-0.17033333333333334,0.026215321964876637,0.3866943866943866,0.7009345794392523,0.7009345794392523,0.7078651685393258,0.696629213483146,-30.0,-0.1678321678321678,-2.9111111111111114,inf,0.05263157894736836,0.0,-0.037735849056603765,-0.03629032258064513,0.023590686274509665,0.0,0.0,0.018505586592178824,0.056327450244085586,0.07366071428571419,-0.1071428571428572,-0.12411347517730487
