Quarter end,Assets,Current Assets,Liabilities,Current Liabilities,Shareholders equity,Revenue,Earnings,Earnings available for common stockholders,EPS basic,EPS diluted,Cash from operating activities,Cash from investing activities,Cash from financing activities,Cash change during period,Cash at end of period,Price,ROE,ROA,Book value of equity per share,P/B ratio,P/E ratio,Cumulative dividends per share,Equity to assets ratio,Net margin,Asset turnover,Current ratio
1993-11-28,0.04305444355484389,0.03409909549347634,0.059076146764366344,0.10479289940828407,-0.08179170274738246,-0.03702685363394742,0.03056147832267242,0.03056147832267242,0.03409090909090917,0.03409090909090917,0.512464046021093,-0.023060796645702264,24.634146341463413,-0.33529411764705885,-0.5985915492957746,-0.06967984934086624,0.2954545454545454,0.07506702412868616,-0.07999999999999996,-0.020242914979757165,0.08709245198749449,0.9574468085106385,-0.1199370821863941,0.07664233576642321,0.0,-0.06398809523809523
1994-02-27,0.04305444355484389,0.03409909549347634,0.059076146764366344,0.10479289940828407,-0.08179170274738246,-0.03702685363394742,0.03056147832267242,0.03056147832267242,0.03409090909090917,0.03409090909090917,0.512464046021093,-0.023060796645702264,24.634146341463413,-0.33529411764705885,-0.5985915492957746,-0.06967984934086624,0.2954545454545454,0.07506702412868616,-0.07999999999999996,-0.020242914979757165,0.08709245198749449,0.9574468085106385,-0.1199370821863941,0.07664233576642321,0.0,-0.06398809523809523
1994-05-29,-0.00245629521598123,-0.1259385401346853,-0.005246084444219146,-0.018745648331637277,-0.013031550068587139,0.0,0.0,0.0,0.0,0.0,0.512464046021093,-0.023060796645702264,24.634146341463413,-0.33529411764705885,-0.9912280701754386,-0.09851551956815119,0.2954545454545454,0.07506702412868616,-0.010869565217391353,-0.020242914979757165,0.08709245198749449,0.0,-0.010277033065236751,0.07664233576642321,0.0,-0.10926434455846223
1994-08-28,0.06307831406421327,0.18411264612114775,0.06947593691880471,0.14578898531739526,0.1033703961084087,-0.057247549252879004,0.040000000000000036,0.040000000000000036,0.0439560439560438,0.0439560439560438,-0.9061806656101427,-0.3356223175965666,-2.2321598477640343,-1.1902654867256637,21.5,-0.0119760479041916,0.2954545454545454,0.07506702412868616,0.10439560439560425,-0.0013774104683195176,0.08709245198749449,0.5217391304347825,0.0379232505643341,0.07664233576642321,0.0,0.03358753853642704
1994-11-27,0.019688031558756425,0.028494503028943186,0.007932726666349144,-0.03406059451219512,0.08549834671705248,0.11140275604462158,-0.010610079575596787,-0.010610079575596787,0.0,0.0,3.003378378378378,-0.023255813953488413,-0.4648648648648649,7.511627906976743,8.133333333333333,0.05378787878787894,0.2954545454545454,0.07506702412868616,0.08457711442786087,-0.04551724137931035,0.08709245198749449,0.34285714285714297,0.0643758155719878,0.07664233576642321,0.0,0.06467817896389327
1995-02-26,-0.07874001774622896,-0.19240837696335078,-0.09286001276263856,-0.1348325689204517,-0.033144763562518165,-0.41547824507221365,-0.9638069705093834,-0.9638069705093834,-0.968421052631579,0.0,0.7021097046413503,-0.0535714285714286,-2.4574314574314577,-2.158469945355191,-0.3917274939172749,0.0323508267433501,0.2954545454545454,0.07506702412868616,-0.03211009174311941,-0.047687861271676346,0.08709245198749449,0.25531914893617014,0.049448304045770275,0.07664233576642321,0.0,-0.06649955765260984
1995-05-28,-0.3531100109799087,-0.19241851251575726,-0.1617945912146319,-0.304052898592031,-0.8942314905108394,-0.045454545454545414,10.481481481481481,10.481481481481481,12.333333333333334,0.0,0.5751115518096181,-1.5290006988120197,3.0267326732673263,-0.6863207547169812,-0.48,0.05988857938718661,0.2954545454545454,0.07506702412868616,-0.8957345971563981,0.09408194233687417,0.08709245198749449,4.0508474576271185,-0.8364485981308412,0.07664233576642321,0.0,0.16032222397725482
1995-08-27,0.028824965755464227,0.11617794625933775,0.008734303120726095,0.06855598329101475,0.4872340425531916,0.03890923890923892,1.2080645161290322,1.2080645161290322,1.15,0.0,-0.6399118665407617,-1.608982826948481,-0.8411605606097861,-1.2781954887218046,0.2846153846153847,-0.1432325886990803,0.2954545454545454,0.07506702412868616,0.5,7.2205270457697655,0.08709245198749449,0.04026845637583887,0.445238095238095,0.07664233576642321,0.0,0.04465014974135584
1995-11-26,0.017539797395079493,0.07961242633103582,-0.009059254922503257,0.05097347846083089,0.4291845493562232,0.13484290527305487,0.06428049671292912,0.06428049671292912,0.06976744186046524,0.0,0.12937062937062938,-0.24078091106290678,0.035603715170278605,6.378378378378378,1.6347305389221556,0.04524539877300637,0.5286982889322069,0.12468827930174586,0.4242424242424241,-0.30318879703053825,0.08709245198749449,0.03870967741935494,0.40362438220757824,0.1322033898305086,-0.007352941176470562,0.027234818868907995
1996-02-25,-0.02258504949368534,-0.02211324944485571,-0.040859479461425985,-0.08752096856538549,0.17350684017350693,-0.09610604805302403,-0.20178448867536036,-0.20178448867536036,-0.2065217391304348,0.0,0.39396284829721373,0.08571428571428563,1.2481315396113604,-1.304029304029304,-0.1886363636363636,0.03741746148202485,0.0,0.4844789356984478,0.17021276595744705,-0.27142857142857135,0.051355792933442945,0.03726708074534146,0.2018779342723005,0.31137724550898205,0.1333333333333333,0.07167322085500438
1996-05-26,-0.04117920959199117,-0.05847289242123188,-0.03160966120927222,-0.047318359843337876,-0.12510662496445835,0.05568285976168652,-0.3336199484092863,-0.3336199484092863,-0.3287671232876712,0.0,0.3109383675735702,0.418421052631579,0.31183510638297873,0.8192771084337349,-0.4229691876750701,0.0035360678925033806,0.0,0.03883495145631066,-0.10909090909090913,-0.14257228315054837,-0.2375928096912856,0.03592814371257491,-0.08789062500000011,0.004566210045662045,0.03267973856209161,-0.01171875
1996-08-25,0.036027559413603694,0.15264797507788153,0.0671576832942753,0.23240204715160662,-0.2661683457913552,-0.04811518703422324,0.26064516129032267,0.26064516129032267,0.26530612244897966,0.0,-0.4269377382465057,-0.1150278293135436,-0.619361378611252,-1.8278145695364238,0.6067961165048543,-0.028893587033121948,0.0,-0.07979870596693028,-0.26530612244897955,0.08992248062015507,-0.05843157355202466,0.037572254335260125,-0.291220556745182,-0.08977272727272712,0.012658227848101333,-0.06467840459935315
1996-11-24,0.005361223413605121,-0.03356582388840457,0.0010980047684778782,0.05269249097964468,0.06554472984942428,0.18584676193371852,0.6038894575230296,0.6038894575230296,0.6129032258064517,0.0,0.2764227642276422,0.6247379454926625,0.3315579227696406,-1.384,-0.14501510574018128,0.04354136429608135,0.0,0.032031249999999956,0.08333333333333348,0.42034139402560444,0.13445835601524214,0.03342618384401108,0.05891238670694876,0.004993757802746579,0.02499999999999991,-0.08195671660904091
1997-02-23,0.16204796456566717,-0.0019846639603067207,0.04628498010090554,0.008795188514518548,1.6974231088944305,-0.17338632138965449,-0.21633694958519467,-0.21633694958519467,-0.21999999999999997,0.0,-0.5535610885929357,-0.9316129032258065,-0.30900000000000005,-1.5625,0.09540636042402828,0.127260083449235,0.0,-0.025738077214231492,1.5897435897435899,0.040560841261892966,0.09548944337811882,0.03504043126684642,1.3209700427960058,0.01863354037267073,-0.04268292682926822,-0.010740689077974541
1997-05-25,-0.021415316715983734,-0.08587182500225976,0.02066610758356302,-0.1714212449515995,-0.237904468412943,0.11972704714640203,-0.44462540716612375,-0.44462540716612375,-0.4487179487179488,0.0,1.622568093385214,9.39622641509434,1.3921852387843705,-7.7407407407407405,-0.5870967741935484,-0.03207896360271445,0.0,-0.060606060606060774,-0.2376237623762376,-0.6263233878729548,-0.048620236530880434,0.03385416666666674,-0.2212661339889367,-0.03170731707317076,-0.031847133757961776,0.1032148900169203
1997-08-24,0.015400779007790133,0.10016810046474833,0.03186806737484593,0.10305609284332684,-0.09805903760614643,-0.019044321329639846,0.969208211143695,0.969208211143695,0.9534883720930232,0.0,0.06181998021760626,-0.6279491833030852,0.14216575922565022,-1.2967032967032968,0.421875,0.04780114722753348,0.0,0.043010752688172005,-0.09090909090909094,0.3747585318737927,0.06998158379373853,0.032745591939546514,-0.11128650355169689,0.06297229219143574,-0.019736842105263164,-0.002556237218813928
1997-11-23,-0.0033817034700315274,0.042243393852237965,0.012370606301899567,-0.02861752121764749,-0.127549876709258,0.15658312742675617,-0.5189873417721519,-0.5189873417721519,-0.5119047619047619,0.0,-0.01630181648812301,2.15609756097561,-0.2860169491525424,1.1666666666666665,0.6428571428571428,0.055352798053527996,0.11660527061490522,-0.21728786677240286,-0.12857142857142856,0.16112412177985935,-0.02108433734939752,0.034146341463414887,-0.12433392539964483,-0.20142180094786732,-0.01342281879194629,0.07291132752434648
1998-02-22,-0.01248385708136035,-0.05131079682649187,-0.026180510688502467,-0.11127157195465376,0.1127954779033915,-0.13037905145577733,1.0294117647058822,1.0294117647058822,1.024390243902439,-0.14736842105263148,-0.2367424242424242,-0.1808346213292118,-0.10014836795252224,-2.1196581196581197,-0.4381270903010034,0.06512968299711819,0.14642811825910407,0.02735562310030404,0.13114754098360648,0.22226704316256551,0.32087912087912085,0.030660377358490587,0.12677484787018267,-0.0029673590504452063,0.027210884353741527,0.06747880090767944
1998-05-31,-0.009846658803015496,-0.05890373602399779,0.05898981740560183,0.1729769255768605,-0.5608404525513738,0.09040499754334252,-0.29977116704805495,-0.29977116704805495,-0.28915662650602414,0.0,0.13151364764267992,0.2283018867924529,0.05276174773289366,-0.20610687022900764,-0.6190476190476191,-0.03625541125541132,0.0,0.062130177514792884,-0.5507246376811594,-0.14818481848184828,-0.04792013311148091,0.029748283752860427,-0.5562556255625564,0.04017857142857162,0.019867549668874274,-0.1976952338330723
1998-08-30,0.0423421556948258,0.13039698638075925,0.05662998474613201,0.1641615294036156,-0.2334384858044164,-0.05175410363694888,0.579520697167756,0.579520697167756,0.5932203389830508,0.1358024691358024,-0.24013157894736847,-0.22273425499231947,-0.4933437744714174,-3.2403846153846154,3.640625,-0.07748455923638398,0.0,0.02042711234911776,-0.22580645161290325,1.0534676481983727,-0.13317022020272629,0.028888888888888964,-0.2657200811359025,0.01573676680972813,0.006493506493506551,-0.029005717473155723
1998-11-29,-0.0010186588486670312,-0.048449115611381655,-0.014333221623572423,-0.017849705479859534,0.35322359396433467,0.1386871223949495,-0.0096551724137931,-0.0096551724137931,0.0,0.0,0.2316017316017316,0.5948616600790513,0.7032457496136013,-1.8669527896995708,-0.6801346801346801,0.06451612903225801,0.0,0.17743403093721555,0.3333333333333335,0.3750943396226414,0.03346774193548385,0.030237580993520474,0.3563535911602209,0.17605633802816922,0.0,-0.031164727847192375
1999-02-28,0.02927278153601276,0.005298132183908066,0.038472603635412606,0.023444599260919574,-0.14901165737455646,-0.10868010015500174,-0.017409470752089096,-0.017409470752089096,-0.02127659574468077,-0.03260869565217395,0.2091388400702987,1.033457249070632,-0.7014519056261344,-1.4653465346534653,0.9894736842105263,0.12921669525443114,0.0,0.004636785162287715,-0.15625,-0.15312843029637757,-0.04877097151775267,0.027253668763102867,-0.1731160896130346,0.007185628742514938,0.0,-0.01764008301215536
1999-05-30,0.0005315935725505039,-0.01518535060294779,0.001485921523195488,0.006451994791050186,-0.022036926742108442,0.07049695672530265,-0.25726435152374205,-0.25726435152374205,-0.2500000000000001,-0.247191011235955,-0.17393410852713176,-0.5155393053016453,2.221884498480243,-2.595744680851064,-0.7936507936507937,-0.025316455696202556,0.0,0.007692307692307665,0.0,0.1552171095268957,-0.04881050041017221,0.02857142857142847,-0.02216748768472898,0.017835909631391145,-0.012903225806451646,-0.02157839142900253
1999-08-29,0.08781123964547066,0.13723356009070287,0.07833521941405763,0.18702581897312243,0.31729598051157115,-0.016807247735082798,0.5124045801526718,0.5124045801526718,-0.24637681159420277,-0.25373134328358216,-0.13841642228739004,2.2138364779874213,-2.4216981132075475,-3.8066666666666666,10.794871794871796,0.07116883116883121,0.0,-0.004580152671755822,0.33333333333333326,0.07110799438990201,0.04614057783527392,0.01388888888888884,0.20906801007556686,0.008177570093458097,-0.013071895424836666,-0.04194941394201113
1999-11-28,0.01998090713318379,0.041154889137023476,0.011567164179104417,0.03636723975623046,0.18677762367082762,0.15480427046263334,0.22208201892744484,0.22208201892744484,0.23076923076923084,0.24,0.19469026548672574,-0.7299412915851272,-1.5447909754479099,-0.4204275534441805,0.5304347826086957,-0.014064015518913786,0.0,0.055981595092024605,0.19444444444444442,-0.26057352363493524,0.12489694971145915,0.02739726027397249,0.1645833333333333,0.06836616454229438,-0.013245033112582738,0.004668383773341889
2000-02-27,0.0005223864353656182,-0.05109544967059909,0.05173367760973813,0.11741645551465307,-0.8648227502921698,-0.10873871890821041,-0.2085699535363965,-0.2085699535363965,-0.203125,-0.19354838709677413,0.09629629629629632,1.1028985507246376,-0.14494518879415352,-1.9385245901639343,-0.32528409090909094,-0.16478111165764875,0.0,-0.005809731299927345,-0.8604651162790697,-0.3006906321940853,-0.24587761084646398,0.024761904761904763,-0.8658318425760286,0.0010845986984815426,-0.006711409395973145,-0.15077711905143398
2000-05-28,-0.0050035895316205,-0.039073221926212987,0.06587023235423062,0.08206049715483688,-9.322766570605188,0.04334403556433686,-0.2896281800391389,-0.2896281800391389,-0.27450980392156865,-0.26,-0.10135135135135132,-0.3514817367332874,0.43447293447293456,-0.04366812227074235,-0.4610526315789474,0.05535924617196719,0.0,-0.01753104455807153,-9.5,6.5631805520384905,0.02137998056365409,0.026022304832713727,0.0,-0.006500541711809249,-0.006756756756756799,-0.11207547169811327
2000-08-27,0.04274438638301592,0.10131899521129117,0.04292030848329054,0.020244355699656102,0.04570637119113563,-0.00881761155166294,0.45913682277318646,0.45913682277318646,0.5135135135135136,0.4864864864864866,-0.04106419895893576,0.12539851222104148,-0.679245283018868,-2.2602739726027394,1.078125,0.03125,0.0,-0.013382899628252787,0.03921568627450989,0.0,0.010466222645099776,0.025362318840579823,0.0,-0.014176663031625014,0.0,0.07947301317467059
2000-11-26,0.027300176130168552,0.04332901060340233,-0.0021493926486827464,-0.05026547300701467,-0.46721854304635757,0.13153024061137986,0.27564505978602893,0.27564505978602893,0.2857142857142856,0.2727272727272725,-0.1399276236429433,0.07365439093484416,-0.5294117647058824,-0.5036231884057971,0.25751879699248126,0.011904761904761862,0.0,-0.0022607385079127518,-0.4716981132075472,0.0,-0.13700564971751417,0.02473498233215543,0.0,0.0033185840707965486,-0.006802721088435382,0.09862204724409462
2001-02-25,0.019614646691431536,-0.01242962638005407,-0.005968025611129746,-0.2164367909899616,-0.7849596022374146,-0.1021528070915998,-0.22298963986186482,-0.22298963986186482,-0.23611111111111105,-0.22857142857142843,0.3681626928471249,0.09322779243623569,2.973684210526316,-0.24087591240875916,0.15545590433482803,0.1251336898395723,0.0,-0.013595166163141936,-0.7857142857142858,0.0,0.08292416803055125,0.024137931034482918,0.0,-0.005512679162072764,-0.006849315068493178,0.26034760795556355
2001-05-27,0.01915724151736553,0.042570518990153294,0.0017693485218981397,0.15029684407874178,-2.508670520231214,0.06135401974612131,-0.07301587301587298,-0.07301587301587298,-0.07272727272727275,-0.09259259259259267,0.1963095848282932,-0.06516492357200321,1.1589403973509933,-2.269230769230769,-0.17076326002587328,-0.0061787072243345564,0.0,0.03139356814701366,-2.5,0.0,-0.024685138539042972,0.023569023569023573,0.3733333333333333,0.042128603104212736,-0.01379310344827589,-0.09368780210406602
2001-08-26,0.013238529226901274,-0.020451640391989767,0.042984719190315435,-0.012540746106483147,-2.8582375478927204,-0.01926910299003326,0.28767123287671237,0.28767123287671237,0.2941176470588236,0.30612244897959195,-0.07926306769494429,0.006024096385542244,-0.16717791411042948,-0.19696969696969702,-0.16536661466458658,0.04495456719273072,0.0,0.023014105419450814,-2.8888888888888893,-0.187129607928483,-0.009814049586776785,0.021381578947368363,0.0,0.029787234042553123,-0.006993006993006978,-0.008000000000000007
2001-11-25,2.3195634474469817,1.9554878932869362,1.582312200319659,3.4973178671312644,-37.62577319587629,0.32260614272809396,-0.3042553191489362,-0.3042553191489362,-0.3484848484848485,-0.359375,-0.09678920428106097,27.790419161676645,-37.56998158379374,-76.47169811320755,14.953271028037383,0.07139588100686489,0.0,-0.441944847605225,-29.58823529411765,0.0,0.03077725612936888,0.02254428341384851,19.145631067961165,-0.15599173553719015,-0.3380281690140845,-0.3428209993674889
2002-02-24,-0.01670725226724601,-0.07680043171114603,-0.020668159981137135,-0.3636725081811787,-0.0015762659385819555,0.3252369162469051,-0.3692660550458715,-0.3692660550458715,-0.4651162790697674,-0.46341463414634143,0.004636785162287493,-1.1451747088186357,-1.0539846405640185,-0.4135,0.5497363796133568,0.02605724049551461,0.0,-0.35630689206762023,-0.004115226337448652,-0.9796523601614631,0.16902834008097156,0.022047244094488327,0.015421686746988073,-0.2582619339045287,-0.12765957446808507,0.45091434071222314
2002-05-26,-0.017709731443978582,-0.08680288014453863,-0.036121916169466806,-0.07927200487038999,0.008147500775281147,-0.7646319858270253,-0.31272727272727274,-0.31272727272727274,-0.3913043478260869,-0.31818181818181823,0.5846153846153845,-1.5671305771592303,0.7700559701492538,-1.740835464620631,-0.26287139941029714,-0.042464612822647796,0.0,-0.3353535353535354,0.004132231404958775,-0.03846153846153855,0.1316017316017315,0.0215716486902926,0.02610346464167068,-0.04950495049504955,-0.30487804878048785,-0.00812603648424548
2002-08-25,0.0034461910519951733,-0.004946173988943814,-0.013582077901803102,-0.02644858186880117,0.023769574944071614,2.232516764746134,2.1040564373897706,2.1040564373897706,2.428571428571428,2.1333333333333333,-0.12621359223300976,-0.4081559003969686,-0.11462450592885376,-0.3383199079401611,-0.23589743589743595,-0.09521739130434792,-0.8623132263420034,-0.19148936170212771,0.024691358024691468,-0.09894736842105256,0.12127008416220342,0.02111613876319751,0.020351526364477346,-0.09374999999999989,-0.10526315789473673,0.02206988797859899
2002-11-24,0.1614147135024402,0.36900584795321634,0.20028487773996995,-0.13744414655942805,0.040426113083856796,0.2502116850127012,0.5681818181818181,0.5681818181818181,0.5625,0.5531914893617023,0.5148148148148148,0.0060975609756097615,-3.255952380952381,-5.356521739130435,1.34496644295302,0.034118212397885594,0.302250803858521,0.28195488721804507,0.03614457831325302,0.009345794392523477,0.17468440805185947,0.019202363367799125,-0.10426110607434269,0.23754789272030652,0.03921568627450989,0.5871094389007034
2003-02-23,-0.03704087985059146,-0.1798376762067493,-0.06052215189873422,-0.18027351844177375,0.053294828038855435,-0.10430071114121231,-0.13043478260869568,-0.13043478260869568,-0.1333333333333333,-0.136986301369863,-0.13691931540342295,0.08484848484848495,-1.9485488126649075,-1.5439121756487026,-0.31196336576989125,0.059479553903345694,0.22777777777777763,0.2375366568914956,0.05232558139534871,0.02314814814814814,-0.1565495207667732,0.020289855072463725,0.09362348178137636,0.33281733746130016,-0.07547169811320764,0.0005153576582148656
2003-05-25,-0.01804762417842909,-0.17213541666666665,-0.034947368421052616,-0.12942366026289176,0.04062811565304081,-0.037429111531190884,-0.0625,-0.0625,-0.06153846153846154,-0.04761904761904767,0.6968838526912182,1.8491620111731844,-0.1821974965229486,-0.08440366972477065,-0.41514143094841927,-0.03157894736842115,0.17797888386123684,0.19668246445497628,0.03130755064456725,-0.07918552036199089,-0.23209366391184572,0.019886363636363535,0.06015733456733008,0.013937282229965264,0.18367346938775508,-0.04903677758318736
2003-08-24,0.00905250452625217,0.041207927021075896,-0.005017452006980783,-0.024099883855981385,0.05604790419161687,-0.010997643362136711,0.008888888888888946,0.008888888888888946,0.0,-0.01666666666666672,-1.1151919866444073,-0.7784313725490196,-1.0748299319727892,-0.7234468937875751,-0.1963015647226174,0.07291666666666674,0.0072556551429789895,0.029702970297029507,0.0535714285714286,0.039312039312039415,-0.12556053811659196,0.019498607242339983,0.04626800523788743,0.04009163802978244,-0.017241379310344862,0.0668399956667749
2003-11-23,0.021041757285776397,0.08700906344410875,0.004019586348023019,-0.06724189229396016,0.07575413926060337,0.21525019857029393,0.3568281938325992,0.3568281938325992,0.34426229508196715,0.3728813559322035,-5.6231884057971016,0.21238938053097356,-2.1818181818181817,-1.9420289855072463,0.23008849557522115,-0.03461376108062475,-0.022457627118644075,0.04038461538461546,0.07288135593220324,-0.0827423167848701,-0.07999999999999996,0.0191256830601092,0.053817271589486904,0.02312775330396466,0.01754385964912286,0.1654142973192525
2004-02-22,-0.013046488098407805,-0.08893829905503059,-0.03952540398893578,-0.15087719298245617,0.06261859582542684,-0.1166666666666667,-0.2142857142857143,-0.2142857142857143,-0.2195121951219512,-0.22222222222222232,0.5705329153605017,-0.3795620437956204,6.711538461538462,-0.8846153846153846,0.021582733812949728,0.0021862702229995534,-0.054182921543129536,0.001848428835489857,0.05371248025276465,-0.0670103092783505,-0.028428093645485042,0.01742627345844494,0.07640538400633412,-0.0043057050592034685,0.01724137931034475,0.07292846562690602
2004-05-30,-0.004640120858961927,-0.019219035997559475,-0.022281167108753275,0.035687453042824835,0.041269841269841345,0.031816500184979724,0.14876033057851235,0.14876033057851235,0.171875,0.1428571428571428,0.41716566866267457,0.588235294117647,0.3316708229426435,1.7333333333333334,0.05774647887323936,0.027486910994764413,-0.005041246562786483,0.04981549815498165,0.034482758620689724,-0.024861878453038777,0.027538726333907082,0.01844532279314892,0.0463405663847003,0.030270270270270183,0.016949152542372836,-0.05302907260029244
2004-08-29,-0.005258022549869956,-0.02830482115085542,-0.017207968374544635,-0.08487486398258981,0.023818597560975707,-0.0731444962352098,-0.34172661870503596,-0.34172661870503596,-0.36,-0.3472222222222222,-0.9450704225352112,-0.7407407407407407,-0.48501872659176026,-7.609756097560975,-0.3608521970705726,-0.014437367303609339,-0.08705665591893141,-0.040421792618629104,0.021739130434782483,-0.04815864022662886,-0.05750977107761035,0.02069857697283295,0.029173989455184568,-0.047219307450157344,0.0,0.061830031729697366
2004-11-28,0.016238897062830437,0.0585787451984634,-0.011672844861582155,-0.06658739595719376,-0.07258514796203241,0.225531914893617,1.0054644808743167,1.0054644808743167,1.0625,1.0638297872340425,11.41025641025641,1.2285714285714286,0.18181818181818188,-1.2988929889298892,0.16874999999999996,-0.023696682464455,0.04591321897073675,0.06043956043956045,-0.03262411347517724,-0.044642857142857095,0.020734597156398138,0.019011406844106293,-0.08743169398907102,0.048458149779735615,0.016666666666666607,0.13406557906638672
2005-02-27,-0.010134591667113502,-0.052918052615663735,-0.03958183704413054,0.13503184713375793,0.062010836845273865,-0.125,-0.3732970027247956,-0.3732970027247956,-0.36363636363636365,-0.4020618556701031,-0.039256198347107474,-0.21794871794871795,0.13230769230769224,-0.5555555555555556,0.06417112299465244,0.0904677846425419,-0.02315484804630974,-0.010362694300518172,0.04985337243401755,0.12772585669781944,0.02785838653511319,0.01990049751243772,0.07297904191616778,-0.017857142857142905,0.0,-0.16557470445805433
2005-05-29,-0.0213434452871073,-0.0245849297573435,-0.06464478604071455,0.565282454171343,0.07256235827664392,-0.019119769119769092,1.0,1.0,1.0,0.8103448275862071,0.5548387096774194,-11.98360655737705,2.8505434782608696,-1.6666666666666665,-0.04020100502512558,0.021044111695669665,0.14864197530864187,0.17801047120418856,0.08240223463687157,-0.027624309392265234,0.04009034443817061,0.0,0.09591907917683984,0.17967914438502675,0.0,-0.37680293590509517
2005-08-28,0.017159304771393824,0.11096563011456628,0.07470906991205473,0.20411089866156784,-0.0937279774489077,-0.020963589554983453,-0.4521739130434783,-0.4521739130434783,-0.45238095238095244,-0.39047619047619053,-0.8091286307053942,-1.0611940298507463,-0.9569513055751588,-2.5,0.06282722513089012,-0.03923900118906076,0.06706792777300086,0.05481481481481465,-0.06580645161290322,-0.11079545454545459,-0.14277958740499475,0.019512195121951237,-0.10916613621896876,0.04805077062556662,0.016393442622950838,-0.07737606135305397
2005-11-27,0.004571179799738756,0.03712433706540952,-0.013886592825260391,0.023025009924573236,0.048989113530326645,0.22952667167543206,0.46825396825396814,0.46825396825396814,0.5072463768115945,0.515625,3.528985507246377,0.7073170731707317,6.114754098360656,2.361111111111111,0.1986863711001643,-0.02970297029702962,-0.01692183722804197,0.004213483146067398,0.045580110497237536,0.03833865814696491,-0.08043065231158963,0.020334928229664984,0.04430153626295108,-0.00692041522491349,0.0,0.013804363960219668
2006-02-26,-0.013271939328277305,-0.07017045454545456,-0.03252305113160103,0.21478463329452846,0.026315789473684292,-0.12618392911701803,-0.33513513513513515,-0.33513513513513515,-0.33653846153846156,-0.2989690721649484,-0.30720000000000003,0.11428571428571432,-0.004608294930875556,-1.6363636363636362,-0.10547945205479448,0.03656462585034004,0.0008196721311475308,0.016783216783216925,0.02774108322324964,-0.009230769230769154,0.03650137741046833,0.01992966002344665,0.04002736914129312,0.00435540069686402,0.016129032258064502,-0.23455344070278172
2006-05-28,-0.0004391984628053791,-0.029636419187289986,-0.021053543579968803,-0.01964542405366554,0.04225352112676051,-0.005244755244755206,-0.09756097560975607,-0.09756097560975607,-0.0724637681159419,-0.08823529411764708,0.32794457274826794,0.3205128205128205,0.1064814814814814,-0.922077922077922,-0.009188361408882129,0.03199343724364234,-0.18304668304668303,-0.1815680880330124,0.05141388174807182,0.0031055900621117516,0.0013289036544850141,0.019540229885057547,0.04276315789473695,-0.18820468343451857,0.015873015873015817,-0.010328997704667331
2006-08-27,0.020816169605097024,0.06517632241813609,0.07257279405257111,0.1308243727598566,-0.07657657657657657,0.005272407732864748,0.20270270270270263,0.20270270270270263,0.1875,0.19354838709677424,-0.8191304347826087,1.3300970873786406,-0.8200836820083682,36.0,-0.3431221020092736,0.02861685214626397,0.005513784461152804,0.0117647058823529,-0.05012224938875309,-0.021671826625386914,0.18049104180491038,0.01916572717023679,-0.09526813880126184,-0.0032051282051283048,0.0,-0.05798221878623888
2006-11-26,0.00952329710534805,0.03428909252143075,-0.0032180873009324262,0.016568217836046673,0.04052532833020628,0.21223776223776225,0.44194756554307113,0.44194756554307113,0.47368421052631593,0.45945945945945965,3.4326923076923075,-0.7166666666666667,2.7906976744186047,-1.3018018018018018,0.15764705882352947,0.05061823802163845,0.006480558325024921,0.008305647840531671,0.03346203346203347,0.10759493670886067,0.01573917931422164,0.019911504424778848,0.030683403068340276,-0.002143622722400762,0.015625,0.017439474764054275
2007-02-25,-0.005169748974044652,-0.06601886253215206,-0.04246688741721849,-0.19940476190476186,0.07482870537324193,-0.11912316123449673,-0.3038961038961039,-0.3038961038961039,-0.3125,-0.3148148148148149,0.2754880694143167,0.5735294117647058,0.5245398773006136,-1.2388059701492538,-0.03252032520325199,0.054799558661272396,0.0004952947003467045,0.01317957166392092,0.07222914072229147,0.020000000000000018,0.017155506364139317,0.019522776572667988,0.0805142083897159,0.0032223415682062218,0.01538461538461533,0.16656583988707396
2007-05-27,-0.0258223507982428,-0.06548347613219097,0.013746001556151022,0.03469640644361838,-0.10770005032712637,0.002292075965946383,-0.16417910447761197,-0.16417910447761197,-0.1688311688311689,-0.17567567567567566,0.04081632653061229,0.7009345794392523,-0.01609657947686116,2.6875,-0.12394957983193278,0.008368200836820217,0.022277227722772075,0.003252032520325132,-0.06504065040650397,-0.05882352941176472,-0.010337323177366575,0.0202127659574467,-0.0842204132748905,-0.016059957173447548,0.015151515151515138,-0.0968020743301643
2007-08-26,0.016162560492740896,0.13886705959397516,0.17490192734095178,0.28407185628742515,-0.16174092874600488,0.003593596863769921,0.2897321428571429,0.2897321428571429,0.328125,0.32786885245901654,-0.9666666666666667,-0.7192307692307692,-1.0486707566462168,-0.8830508474576271,-0.016306954436450805,0.0003457814661134151,0.0610169491525423,0.01944894651539708,-0.14409937888198765,0.06845238095238093,0.0032985156679492533,0.019812304483837195,-0.17504273504273504,0.0021762785636563198,0.014925373134328401,-0.11311004784688994
2007-11-25,0.03266604971344145,0.10517236422184517,-0.044799628363419886,-0.17085032110213982,0.2738017807881221,0.2055338541666667,0.35167878158532373,0.35167878158532373,0.3999999999999999,0.4074074074074072,19.75,1.3150684931506849,-10.021008403361344,-14.08695652173913,0.29229644076060457,-0.004493605254061506,-0.001369237790962985,0.0015898251192369983,0.2235123367198839,0.1643454038997214,-0.025753424657534163,0.020449897750511425,0.23331951927061745,-0.013029315960912169,0.014705882352941124,0.332973672852827
2008-02-24,0.009710976600372012,0.029761440203959433,-0.004711353602285806,-0.013176712570905136,0.04354256536666967,-0.08041259383269428,0.10140845070422544,0.10140845070422544,0.07563025210084051,0.07894736842105265,0.1107961256791874,0.053254437869822535,0.192361434559851,0.0,0.17034521788341817,-0.02083333333333337,0.13985374771480807,0.12857142857142856,0.04982206405693956,-0.19856459330143528,-0.038807649043869574,0.019038076152304573,0.03360215053763449,0.10781078107810793,0.02898550724637694,0.0435486482111056
2008-05-25,-0.011688500425602544,-0.0854659828714347,-0.03925880116356306,-0.20921333311621693,0.048761557670243594,0.019233027953958093,-0.5694024645431295,-0.5694024645431295,-0.578125,-0.5691056910569106,0.7354317311782221,0.1910112359550562,1.523828125,-0.5503875968992248,0.06544165054803353,0.037234042553191626,-0.06816359262229355,-0.039381153305203864,0.04406779661016946,-0.011940298507462699,-0.09654768870684616,0.019665683382497523,0.06111833550065038,-0.05858987090367429,0.014084507042253502,0.15637604716103004
2008-08-24,0.0063229980673893404,0.056961325966850884,0.021432828704255558,-0.08057574696785619,-0.024019434344734414,0.00754803952637495,0.5037796976241902,0.5037796976241902,0.5370370370370368,0.49056603773584895,-0.7231617647058823,-0.15768194070080865,-0.8880978176752825,-1.1502463054187193,-0.009228441754916772,0.09025641025641029,-0.07487091222030984,-0.017569546120058455,-0.017316017316017285,0.04229607250755296,0.11334196891191728,0.02121504339440694,-0.030024509803921684,-0.03797468354430367,0.0277777777777779,0.14958411591092036
2008-11-23,-0.002729360192046726,0.05012806439809725,0.05593937696449136,0.11623740201567756,-0.1271408555180087,0.14682755268349879,0.35798922800718125,0.35798922800718125,0.37349397590361444,0.379746835443038,-0.3895528995130588,-1.5312000000000001,0.8243430152143845,1.5081967213114753,-0.02336234539624371,0.005330824709940396,0.006976744186046435,-0.010432190760059745,-0.11013215859030834,0.02318840579710124,0.01105293775450833,0.019830028328611915,-0.1247631080227416,-0.030701754385964897,0.013513513513513598,-0.05916676391644293
2009-02-22,-0.001622212802922074,-0.032130413140866065,-0.020107278112612592,-0.19179373996789728,0.04568288261066633,-0.1180313154482896,-0.23611845584346902,-0.23611845584346902,-0.22807017543859642,-0.22018348623853223,4.555474981870921,-2.471385542168675,1.8938589840788476,-20.45751633986928,0.4654471544715446,-0.06581409856519038,-0.09607390300230945,-0.10843373493975905,0.04207920792079212,0.05099150141643061,-0.05293440736478705,0.020370370370370372,0.04727535185853493,-0.11877828054298656,0.01333333333333342,0.19746961051848166
2009-05-31,-0.06310178366450547,-0.09102831134768186,-0.06327400690261897,-0.10478885827064865,-0.06544942298315004,0.030643975801436074,0.24195223260643828,0.24195223260643828,0.2272727272727273,0.2588235294117649,-0.08850019579689339,0.3572159672466735,1.1446161907257006,-1.6298286865972456,-0.20004267577083112,-0.14257095158597666,0.207971384772611,0.17229729729729737,-0.0558194774346793,-0.1778975741239892,-0.04313487241798308,0.019056261343012748,-0.002412129565816823,0.13992297817715027,0.026315789473684292,0.01543401698777691
2009-08-30,0.017639358202609312,0.09578771676709374,0.007521392220135148,0.0294786466999446,0.042321293988057285,-0.03483460420209561,0.17224080267558528,0.17224080267558528,0.19444444444444442,0.16822429906542058,-0.6060432478877273,-0.1168929110105581,-0.7548253115074517,-0.7962666666666667,-0.050946919178447625,0.0860591900311527,0.143824027072758,0.12247838616714679,0.03899371069182389,0.15081967213114744,-0.06793650793650796,0.021371326803205637,0.024179620034542326,0.10698198198198194,0.012820512820512775,0.06436805059675632
2009-11-29,0.020406704745988158,0.06565121982702982,-0.02580568059594468,-0.06809794467041996,0.1288911137067319,0.15897465044901682,0.34450784593437955,0.34450784593437955,0.33333333333333326,0.32799999999999985,1.5881497637222828,-0.16310845431255339,1.44344793223717,-4.842931937172775,0.20629567172568852,0.13911796342775173,0.08912721893491127,0.1386392811296535,0.1186440677966103,0.09686609686609704,0.016348773841961872,0.020052310374890858,0.10623946037099508,0.12410986775178023,0.012658227848101333,0.14356910101590947
2010-02-28,-0.01859244772726043,-0.10918649159358496,-0.0399506035526187,-0.1367538661656309,0.02351820525874948,-0.11012211269677796,-0.4120247568523431,-0.4120247568523431,-0.41860465116279066,-0.42168674698795183,-0.19789325842696626,1.7510204081632654,-0.09604404567699842,-2.138283378746594,-0.19466449207828518,0.10450110166824067,-0.004753820033955747,0.03833145434047358,0.016233766233766378,-0.012987012987013102,-0.026139410187667633,0.02136752136752129,0.04298780487804876,0.020814479638008976,0.02499999999999991,0.031930942004693375
2010-05-30,-0.02949572358669761,-0.05360202333360531,0.024857101481374322,0.2620881328690061,-0.1330530639752251,-0.016174809181339733,-0.3627067669172932,-0.3627067669172932,-0.69,-0.6875,0.09087725442129235,-0.12277448071216612,-0.16670426347845702,-0.8916816277678037,-0.02618255460726171,0.021658592191507564,-0.09655407710678965,-0.08469055374592838,-0.11608093716719914,0.0052631578947368585,-0.0013764624913971124,0.020083682008368298,-0.10669394913767916,-0.08333333333333326,-0.012195121951219412,-0.25014212620807275
2010-08-29,0.030069744158290446,0.1361494252873563,0.06717701917562269,0.08553766151070552,-0.05147235743767231,-0.010447008738516672,1.2279377064653136,1.2279377064653136,1.3548387096774195,1.3333333333333335,-0.7149277688603531,-0.491754756871036,-0.8448835950189496,-2.314917127071823,0.03535353535353525,0.025104602510460206,0.04607250755287029,0.033214709371292894,-0.03614457831325313,0.15968586387434547,0.1330117160578912,0.022969647251845915,-0.07918848167539272,0.03288201160541582,0.012345679012345512,0.04657207841438327
2010-11-28,0.009225446857582087,0.015883453892457933,-0.02690219719450737,-0.0874740315287792,0.10045270059319389,0.15100053777136235,0.3003600932005932,0.3003600932005932,0.31506849315068486,0.3142857142857145,1.3755630630630629,0.21630615640599005,6.424083769633508,-6.491596638655462,-0.18751793400286942,-0.013061224489795853,0.051263537906137246,0.03329506314580932,0.1087499999999999,0.02257336343115135,-0.045012165450121766,0.02245388933440262,0.09061833688699372,0.03183520599250933,0.0,0.113318845079168
2011-02-27,-0.005277906249149811,-0.04324553104615847,-0.025965086403547333,0.20829762159845733,0.04018015462089508,-0.10337874391383461,-0.36129662811532826,-0.36129662811532826,-0.36458333333333337,-0.3586956521739131,0.5373311211187486,0.37140902872777026,0.15021156558533155,-0.801071155317521,-0.045912060745188055,-0.010201268265784491,0.0535714285714286,0.03555555555555556,0.036076662908681056,-0.10596026490066235,-0.04713375796178332,0.0219607843137255,0.04561746497230379,0.03539019963702339,0.0,-0.2082171407324782
2011-05-29,0.021497141919426754,0.015379010643004065,-0.00879261748826965,-0.18888125374060694,0.08511472503494599,-0.003263671767867904,-0.18337158888038763,-0.18337158888038763,-0.180327868852459,-0.10169491525423724,-0.5703052728954672,0.23790523690773058,-1.0723482526057633,-4.05,0.14677031278919128,0.05766016713091915,0.019556714471968828,0.04935622317596566,0.0739934711643091,0.01975308641975304,0.011363636363636465,0.021488871834228762,0.06232471174820797,0.0595968448729185,-0.012195121951219412,0.2519370744306175
2011-08-28,0.17235802832739822,0.04982060481804207,0.15896636628172067,0.33471797114123314,0.02101955855785098,0.05869080703299123,0.2667083073079326,0.2667083073079326,0.26,0.15094339622641506,0.5816289917473987,3.6643835616438354,11.200564971751412,-4.548549810844893,-0.4541639767591995,-0.016065314722149004,-0.09143222506393867,-0.08282208588957052,0.023302938196555267,-0.08232445520581111,-0.09847984137475219,0.022539444027047217,-0.12907010853622758,-0.05707196029776662,-0.024691358024691357,-0.21352213053263314
2011-11-27,-0.019476367091151636,-0.018259935553168627,-0.02844818953060846,0.05282555282555279,0.012001292446878864,0.20173614720864963,0.096646942800789,0.096646942800789,0.07936507936507953,0.09836065573770503,0.616152450090744,-0.8678414096916299,-1.8626996990043991,-1.607320540156361,0.5053222945002958,0.028104925053533014,-0.13089373680506688,-0.13266443701226316,0.00990099009900991,0.0026385224274405594,0.06231671554252194,0.02204261572373256,0.031997305490063965,-0.12982456140350884,-0.012658227848101222,-0.06748539406223919
2012-02-26,-0.0012950230122794615,-0.04607618858165907,-0.02914865889663598,-0.25145857642940495,0.05234670761558702,-0.10893637268047929,-0.11982913669064743,-0.11982913669064743,-0.10294117647058831,-0.1343283582089554,-0.2925322852330151,0.03921568627450989,0.010198604401502998,-1.139262726740784,-0.046749165193478714,0.03098151523040893,-0.04048582995951422,-0.037275064267352165,0.04803921568627456,0.021052631578947434,0.13871635610766053,0.022286125089863384,0.05385117493472591,-0.029233870967741882,0.0,0.2743894642628819
2012-05-27,-0.01596156537151916,-0.03777076870943352,0.013658218440490755,-0.0015068849051701472,-0.07222318539066108,-0.013033664231450692,-0.16883780332056197,-0.16883780332056197,-0.180327868852459,-0.15517241379310343,0.47777777777777786,1.5226415094339623,-0.08528161530286926,-0.40756302521008403,-0.02905419328250569,-0.01868686868686875,0.0012658227848101333,-0.025367156208277675,-0.07390084190832547,-0.061855670103092675,-0.014545454545454417,0.021097046413502074,-0.05729327965314346,-0.022845275181723745,0.0,-0.036319855523226696
2012-08-26,0.0729257517727806,0.4133932925177439,0.09907004930309804,0.5548241049125728,0.03480386813460612,-0.0037871335825300223,0.6868469575906577,0.6868469575906577,0.6799999999999999,0.6734693877551019,-0.3437164339419978,-0.6170531039640987,-3.0121986639558527,-74.56028368794327,2.201188455008489,-0.013381369016983946,0.08554572271386429,0.08219178082191791,0.04040404040404044,0.06318681318681318,0.0030750307503073504,0.022727272727272707,-0.035479632063074806,0.07863974495217851,0.0,-0.090994273815721
2012-11-25,0.014031181384828173,-0.12494729175451369,-0.0037575303767740653,-0.04001338800100407,0.050939023656172866,0.20508516415699818,-0.013299325924576388,-0.013299325924576388,0.0,0.0,0.6945581014729951,5.182291666666667,-1.9513568129330254,-1.7457578094870807,-0.5127950145849907,0.0388628064684402,0.04037267080745344,0.03797468354430378,0.04854368932038833,0.0,-0.04598405885959522,0.022222222222222143,0.036444141689373266,0.040394088669950756,0.0,-0.0884205703813995
2013-02-24,-0.006949012978752167,-0.04374110174132073,-0.02087418775153227,-0.2534342096088139,0.004725288886979762,-0.09242492523249624,-0.2644017725258493,-0.2644017725258493,-0.27380952380952384,-0.2682926829268293,0.0003621876131836288,-0.8125526537489469,-0.03959945380063723,-1.0210730446024563,0.02217988842019314,0.07632437860908858,0.0003731343283581712,-0.01097560975609757,0.007407407407407307,0.025839793281653867,0.01670951156812328,0.021739130434782705,0.011501807426881339,-0.014204545454545414,0.0,0.28081417263475306
2013-05-26,-0.005940316056402328,-0.015323652022538825,0.016203994473056094,0.23614159622659137,-0.04909715393276037,-0.004491490994447678,-0.08057228915662651,-0.08057228915662651,-0.06557377049180335,-0.08333333333333326,-0.05829109341057204,0.3157303370786517,-0.14549763033175356,-1.6012269938650308,-0.013045793397231109,0.12362957779332873,0.01305483028720622,0.004932182490752224,-0.04319852941176472,0.11586901763224167,0.11504424778761058,0.02127659574468077,-0.04320987654320996,0.0028818443804035088,0.0,-0.2034530115754365
2013-08-25,0.012648954011827973,0.09172113796552606,0.006379618184315428,0.03192353463420172,0.022796079254219004,-0.008615412519554666,0.2538902538902539,0.2538902538902539,0.2456140350877194,0.2727272727272725,-0.511598103293605,-0.5166524338172502,-0.5612867443150305,-2.7857142857142856,0.0236039924467224,0.03612206767697734,-0.054491899852724734,-0.05153374233128849,0.03362151777137368,0.08126410835214459,0.014172335600907138,0.023989898989899006,0.009847198641765642,-0.06513409961685823,0.012820512820512775,0.05800492610837438
2013-11-24,0.009043522223093792,0.01759993181624475,0.027315095974725256,-0.08654743817386368,-0.02797356505429127,0.11503190248587836,0.19725669497060738,0.19725669497060738,0.22535211267605648,0.19999999999999996,0.6473366570453949,0.8038869257950529,0.7568478718921197,-0.12571428571428567,0.020160758993279737,-0.008815868563414098,0.017912772585670034,0.002587322121604174,-0.013011152416356975,-0.039665970772442716,0.035774175517048645,0.023427866831073008,-0.03665097511768667,0.0051229508196721785,0.0,0.11407286695378893
2014-02-23,-0.009809045399769345,-0.04568868043050378,0.006934481109516888,-0.061421614797298685,-0.04910000904513523,-0.10220070964169248,-0.2533187852336789,-0.2533187852336789,-0.2413793103448275,-0.23809523809523803,0.13937559732398852,-0.4471106758080313,0.23770688414487884,3.764705882352941,0.09416171531903905,-0.005862138669900929,0.03366488140780399,0.005161290322580614,-0.03389830508474567,0.006521739130434856,-0.01349163518618457,0.02289156626506017,-0.03979057591623025,0.00917431192660545,0.0,0.01671716644028831
2014-05-25,0.009627044711014277,-0.03600579252238023,-0.00022428032401911047,0.1579767700059782,0.03600361462973822,-0.02138255585507376,-0.014612761811982455,-0.014612761811982455,0.0,0.015625,0.14189850412414362,0.16474756421612047,0.2672480620155038,-0.7229080932784637,0.023846063038602372,0.05795038633590899,0.02701702442635101,0.016688061617458505,0.0399610136452242,0.09503239740820746,0.042669584245076386,0.02414605418138982,0.026172300981461172,0.02929292929292937,-0.012658227848101222,-0.16750590895077577
2014-08-24,0.009811757691493561,0.06873790827358595,0.037918475607342295,0.06814787498847608,-0.05088143477994733,-0.003594939072785852,-0.1468116658428077,-0.1468116658428077,-0.1515151515151515,-0.15384615384615385,-0.596718903036239,0.4996197718631179,-0.7658663404190243,-2.292079207920792,-0.03009339328951921,0.015952335191235845,-0.040000000000000036,-0.06691919191919204,-0.03748828491096534,-0.023668639053254448,-0.019937040923399763,0.02357676825761934,-0.0598653914275592,-0.056918547595682045,-0.012820512820512886,0.0004937662017034938
2014-11-23,0.03554986993428266,0.06195293365988719,0.09288724739207543,0.051889316600783664,-0.08545217096883417,0.10397338581201376,0.0026071842410198,0.0026071842410198,0.03571428571428559,0.0181818181818183,0.6205221615057681,3.939148073022312,-4.4147615937295885,-3.0421455938697317,0.06336186400380406,-0.028755202421490655,-0.084834834834835,-0.1299052774018944,-0.08471275559883151,0.010101010101010166,0.025695931477516032,0.023033707865168562,-0.116804822908817,-0.1113423517169615,-0.025974025974025983,0.009623689080814346
2015-02-22,-0.03390390725384962,-0.10468474249959892,-0.0267332088575567,0.0999064607709601,-0.040741850748373665,-0.07667331607317174,-0.008379081190407422,-0.008379081190407422,-0.017241379310344862,0.0,0.30798051704758334,-0.756570841889117,-1.9873756694720734,-3.069418386491557,-0.12330911123532695,0.03467082197117244,-0.009844134536505234,-0.04821150855365475,-0.02872340425531905,0.13000000000000012,0.15501043841336104,0.02251510159253156,-0.007252559726962482,-0.04332552693208436,0.0,-0.1859953562263229
2015-05-31,-0.060667747219145474,-0.15202490816235104,-0.05615419094576424,-0.27040656471465874,-0.08169153863118428,-0.011974534004458803,-0.45571095571095566,-0.45571095571095566,-0.45614035087719296,-0.4642857142857143,0.40561443712403333,-0.18220160269928298,1.398876404494382,3.0797824116047146,-0.5738332058148432,0.024472891566265087,-0.09320629660314828,-0.1405228758169934,-0.0854326396495072,0.05486725663716796,0.060099412562133026,0.023630504833512145,-0.022346368715083775,-0.15177478580171355,0.01333333333333342,0.1622879447530401
2015-08-30,0.016317239181406373,0.13720051773780284,0.024783288693020378,0.08380196723993372,-0.009526287349650775,-0.021145435935609913,1.28372591006424,1.28372591006424,1.290322580645161,1.2999999999999998,-0.5609333605054004,-0.2826199071686436,-0.8732940321408382,-1.2586666666666666,0.3482944344703771,-0.013414185961043823,0.13019643672909997,0.07794676806083656,-0.008383233532934131,0.07885906040268442,0.16155157715260016,0.023084994753410415,-0.025494505494505493,0.06926406926406914,0.0,0.049212089899250966
2015-11-29,-0.03288999189173447,-0.05981278019093628,-0.03572598135229821,-0.06235966716353136,-0.030732860520094607,0.05156966657952888,0.2412095639943741,0.2412095639943741,0.23943661971830998,0.26086956521739135,0.6827570201902993,-5.759884974838246,6.551943913320587,0.7113402061855669,0.4420772303595206,0.0663065747811511,0.19037995149555376,0.17460317460317465,-0.02415458937198056,0.0746500777604977,-0.004403669724770687,0.022564102564102573,0.00225529995489393,0.1605937921727394,0.013157894736842035,0.002708358980672232
2016-02-28,0.001987150685312189,-0.008968277497776511,-0.004158630279185727,0.057210125970942105,0.019136960600375286,-0.09548238378268437,-0.3169027384324835,-0.3169027384324835,-0.3068181818181819,-0.32183908045977017,-0.025651634257343847,-1.2837939888234406,-0.6803949700396659,-0.33283132530120485,0.2045244690674053,-0.002096069868995576,0.041086587436332866,0.033033033033032844,0.017326732673267342,0.02315484804630974,-0.12974566900110573,0.02206619859578729,0.017101710171017137,0.03372093023255829,0.0,-0.0626151012891345
2016-05-29,0.0037306533035004197,-0.018472814299603568,0.0011839497593493231,-0.045491748672364274,0.008468335787923387,-0.01861383170097941,0.04948852640309642,0.04948852640309642,0.032786885245901676,0.05084745762711873,0.0860580325548479,0.2863225119744546,0.49221019276472133,-1.142964635063958,-0.02427494570077937,0.08716961316296157,0.13176777560339192,0.1308139534883721,0.0048661800486617945,0.06930693069306915,0.07369758576874208,0.02257114818449457,0.004867256637168138,0.15298087739032606,-0.012987012987012991,0.02829076620825166
2016-08-28,0.009248214145898936,0.06497002946256214,0.014389830072752519,0.03996251021995323,-0.004442010466106816,-0.005091779322284218,0.07744994731296106,0.07744994731296106,0.07936507936507953,0.08064516129032273,-0.6242669099439593,-0.4733140256516343,-0.7244735445053972,-1.1052631578947367,0.0026188293832656306,0.09016261471582676,-0.008357348703169953,-0.005141388174807138,0.004842615012106588,0.08465608465608465,-0.03589743589743588,0.02303262955854124,-0.013650374284456146,0.007804878048780495,-0.013157894736842146,0.024073366450133804
2016-11-27,-0.014192423710018165,-0.019437157166706465,0.031114771755314186,0.19736917796398923,-0.1482590713689057,0.05225312827861517,0.1779951100244499,0.1779951100244499,0.2058823529411764,0.19402985074626855,1.425598335067638,0.19952867242733707,2.0391779062299293,21.0,0.05746375865221376,-0.024811696942844352,0.0034873583260679464,-0.028423772609818987,-0.13132530120481933,-0.029268292682926744,-0.017594108019639898,0.022514071294559068,-0.1361607142857143,-0.009680542110358181,-0.026666666666666727,-0.1810945273631841
2017-02-26,0.003157100467084284,0.004013133892739829,0.00755778943875729,-0.08021587342258663,-0.028034253456441616,-0.07755161596264681,-0.257368202573682,-0.257368202573682,-0.24390243902439024,-0.23750000000000004,-0.18332618332618333,-0.056974459724950854,-0.2521132713440406,1.0318181818181817,0.11041126343090024,-0.06784794790246862,0.04315088328989303,-0.003989361702127825,-0.02219140083217752,0.07286432160804002,-0.043315285297792716,0.022018348623853212,-0.03100775193798455,0.010752688172043001,-0.013698630136986356,0.09158566221142173
2017-05-28,0.006566591140870326,-0.016133720930232576,-0.011062594526028202,-0.07185514059371467,0.06509327164443568,0.0035326373510491393,0.14281721632196764,0.14281721632196764,0.12903225806451601,0.13114754098360648,0.3213097531080371,0.5479166666666666,0.8725628708674766,-2.487695749440716,-0.147925703481259,-0.04906580016246942,0.053026096612992735,0.017356475300400742,0.06382978723404253,-0.02810304449648693,-0.05616020896821938,0.021543985637342944,0.05813333333333337,0.026112185686653744,0.0,0.06010852928899402
2017-08-27,0.01820048962526255,0.06822770473235829,0.045818379151712385,0.10488106850754098,-0.09799209778414475,-0.009825040718751676,-0.010271460014673495,-0.010271460014673495,0.0,0.0,-0.21746620726212562,-0.4490803050695379,-0.31899803832805196,-1.411278195488722,0.07140060044380636,-0.036220741500085474,0.058265225415238486,-0.005249343832020914,-0.08399999999999996,-0.09397590361445796,-0.060885608856088624,0.021528998242530628,-0.11391129032258052,0.006597549481621279,-0.01388888888888895,-0.03320645754035956
2017-11-26,-0.0008149628989265745,-0.001014175406246376,-0.008891928864569132,-0.09175028438513388,0.08373892105128333,0.11394990979518194,0.0637509266123053,0.0637509266123053,0.0714285714285714,0.07246376811594213,0.6533446232006774,0.2043973941368078,0.5060935076445823,1.5831809872029252,0.17214912280701755,-0.05885481297642248,-0.03413054309915298,-0.03825857519788922,0.08151382823871911,0.027925531914893664,-0.06532416502946947,0.02107526881720423,0.08418657565415222,-0.0365168539325843,0.0,0.09991854466467553
2018-02-25,0.0022125588626276116,-0.0131515193465771,-0.0428357249946455,0.16078138143751763,0.17370647883329005,-0.07535665801319458,1.186759581881533,1.186759581881533,1.1866666666666665,1.1891891891891895,-0.41769947761958415,0.04259634888438124,-0.3545681918493453,-1.0636942675159236,-0.009354536950420989,0.05801469203239784,0.2937838534949704,0.3552812071330589,0.17227456258411866,-0.02199223803363526,0.08145034156594844,0.02064026958719478,0.17156348373557195,0.35665694849368323,0.0,-0.14983954579116276
2018-05-27,0.3769412695700656,-0.03586542283322813,0.45169190224012334,0.18234668899768103,0.23672869341066538,0.0020348762331607873,-0.6235394093902697,-0.6235394093902697,-0.6280487804878049,-0.6296296296296297,0.24133685136323657,52.570038910505836,-16.990882151812173,60.56666666666667,-0.5813660686181933,-0.16432259213103084,-0.11682615629984061,-0.11336032388663975,0.18828932261768072,-0.2870370370370371,-0.39018464528668606,0.02022286421791164,-0.10210479175996412,-0.03008595988538687,-0.08450704225352101,-0.18452380952380953
2018-08-26,-0.00225966562173463,0.014986541212988369,-0.006336864279781085,-0.0209891172584753,0.013678331243588193,0.052388052028173426,0.10694130925507905,0.10694130925507905,0.08196721311475419,0.08333333333333348,-0.1392943176987388,-0.983100296592216,-1.0602976394115635,-1.061180292365999,0.08496240601503757,-0.045590115040477164,-0.1128668171557562,-0.08447488584474894,0.008695652173912993,-0.19666048237476808,-0.0223107569721116,0.019822006472491882,0.01596009975062329,-0.02584933530280653,-0.06153846153846154,0.03667438134235379
2018-11-25,-0.0055899564061947515,0.01153983992354557,-0.015098632332790407,0.015345446450930833,0.06854508361311473,0.07747923790913536,-0.12464950293143007,-0.12464950293143007,-0.13636363636363646,-0.1230769230769232,0.29914389199868285,0.1160458452722064,0.2394799054373522,1.943952802359882,0.23053823053823064,0.00267857142857153,-0.13791348600508913,-0.10972568578553599,0.06800766283524906,-0.006928406466512715,0.013854930725346382,0.019436731455771517,0.07461953853706449,-0.05382865807429871,-0.06557377049180335,-0.0037781212433455336
2019-02-24,-0.0032319641916798147,-0.015116443856582729,-0.016165726035787698,0.02993929926967298,0.04188339998195967,-0.0482635110627494,0.30110658124636,0.30110658124636,0.29824561403508776,0.29824561403508776,-0.20022810797110635,-0.27920410783055194,-0.02593934770169748,-0.8557114228456913,0.027032100619485577,-0.0690115761353518,-0.30076741440377797,-0.29271708683473385,0.03766816143497764,-0.12790697674418605,-0.022508038585209,0.019066147859922333,0.045226130653266194,-0.2580128205128205,-0.05263157894736825,-0.04378555421479047
2019-05-26,-0.005765078023364123,0.004004988248836883,-0.013149527515286308,-0.05714019636537793,0.017906614336834714,-0.008717814353428777,0.2761862130707251,0.2761862130707251,0.28378378378378377,0.2702702702702702,0.23498653145301862,0.32502226179875326,0.4066966908165264,-7.743055555555555,-0.17748126485103277,0.1893830703012913,0.10173068805403118,0.14455445544554446,0.012964563526361328,0.14666666666666672,0.597861842105263,0.01870943108056511,0.024038461538461453,0.12203023758099363,0.03703703703703698,0.06489994591671189
