Quarter end,Assets,Current Assets,Liabilities,Current Liabilities,Shareholders equity,Revenue,Earnings,Earnings available for common stockholders,EPS basic,EPS diluted,Cash from operating activities,Cash from investing activities,Cash from financing activities,Cash change during period,Cash at end of period,Price,ROE,ROA,Book value of equity per share,P/B ratio,P/E ratio,Cumulative dividends per share,Equity to assets ratio,Net margin,Asset turnover,Current ratio
1993-12-31,0.041078045453281975,0.049214111860756304,0.11315847487224961,0.12674554137244254,0.021010016861982894,0.04967493492244479,0.12911227361625666,0.12911227361625666,0.11764705882352922,0.06666666666666665,-0.5481260647359455,6.677182919056724,0.14885250128932448,-2.1956780480547495,0.2181756213939674,-0.010150223304912664,0.006777893639207555,-0.013708019191226883,0.02067183462532296,-0.053968253968254,0.009876543209876631,inf,-0.019285529381309785,-0.0033670033670033517,0.008130081300812941,-0.06880852362066125
1994-03-31,0.041078045453281975,0.049214111860756304,0.11315847487224961,0.12674554137244254,0.021010016861982894,0.04967493492244479,0.12911227361625666,0.12911227361625666,0.11764705882352922,0.06666666666666665,-0.5481260647359455,6.677182919056724,0.14885250128932448,-2.1956780480547495,0.2181756213939674,-0.010150223304912664,0.006777893639207555,-0.013708019191226883,0.02067183462532296,-0.053968253968254,0.009876543209876631,inf,-0.019285529381309785,-0.0033670033670033517,0.008130081300812941,-0.06880852362066125
1994-06-30,0.007781873410546147,0.004180798825554222,-0.04728293884526291,-0.05335285093390718,0.023975554814628097,0.04967493492244479,0.12911227361625666,0.12911227361625666,0.11764705882352922,0.06666666666666665,-0.5481260647359455,6.677182919056724,0.14885250128932448,-2.1956780480547495,-0.21414629921994177,-0.03568498769483175,0.006777893639207555,-0.013708019191226883,0.02405063291139231,-0.053968253968254,0.009876543209876631,1.0,0.015969381021512463,-0.0033670033670033517,0.008130081300812941,0.060787822273746794
1994-09-30,-0.004098822117234002,-0.010652663922159022,-0.009340140884545711,0.03677484722457991,-0.0030754324764875607,0.039855681377536145,0.026939488248299615,0.026939488248299615,0.03508771929824572,0.06666666666666665,1.8883854128905968,-0.6326013864098626,1.184108635879019,-0.7816903599091672,-0.0594897007713826,0.014036580178647284,0.006777893639207555,-0.013708019191226883,0.006180469715698411,-0.010067114093959662,0.009876543209876631,0.4999999999999998,0.0010392309690827606,-0.0033670033670033517,0.008130081300812941,-0.0457580005226772
1994-12-31,0.038244469523418756,0.016406776465552664,0.1278453765504428,0.08063414421997028,0.013147587562070129,-0.047535629055744266,0.12064615215841146,0.12064615215841146,0.1186440677966103,0.06666666666666665,-0.6154444709396454,-1.281437125748503,-0.2077434935642165,3.0669706469079507,-0.25724637681159424,-0.008808724832214843,0.006777893639207555,-0.013708019191226883,0.019656019656019597,-0.016949152542372947,0.009876543209876631,0.35087719298245634,-0.02413703607578499,-0.0033670033670033517,0.008130081300812941,-0.05942985186107297
1995-03-31,0.020928606518644477,0.017058731743265554,0.017578112751604813,0.020470729721028036,0.02179384273653251,0.06051375606106002,-0.15523359682827143,-0.15523359682827143,-0.1515151515151515,0.06666666666666665,-0.46897947194934886,-11.296266559614613,-0.4658040665434381,0.4828323172868054,-0.5135663147676253,0.06517139229792646,0.006777893639207555,-0.013708019191226883,0.02048192771084345,0.04482758620689653,0.009876543209876631,0.2727272727272727,0.0007978723404256094,-0.0033670033670033517,0.008130081300812941,-0.003335274498385332
1995-06-30,0.027778729647746525,0.022563112945570563,0.03988183767882525,0.04505921518135736,0.0239581743538968,0.02144970067825458,0.08539023118373024,0.08539023118373024,0.08928571428571419,0.06666666666666665,-0.900374900129064,0.21545539613225206,-1.6729496752261275,-0.8255794721546204,-0.18414947489210964,0.03138657131505762,-0.0005178663904712444,-0.013708019191226883,0.023612750885477984,0.00990099009900991,0.009876543209876631,0.2142857142857142,-0.003720435822482049,-0.0050675675675675436,0.0,-0.021539360458939782
1995-09-30,0.024477565401471946,0.0219640243597492,0.011742347916444462,0.013880811049596264,0.028261126875406717,0.04108543361717465,0.026971480428660932,0.026971480428660932,0.032786885245901676,0.06666666666666665,50.14743985194325,-0.14438313979598383,-3.661990888999143,-0.6231373611487402,-0.0850634459562758,-0.009630200308166414,-0.00829015544041456,-0.013708019191226883,0.02768166089965396,-0.02941176470588236,-0.025672371638141844,0.17647058823529416,0.0037343291544411628,-0.005093378607809895,-0.012096774193548265,0.007980239407182177
1995-12-31,0.04240231827086771,0.040025352652447665,0.16142857700733781,0.04114675815742741,0.005461918224705986,-0.03889962502229394,0.1468058010188169,0.1468058010188169,0.1428571428571428,0.06666666666666665,-0.30183331323121454,-0.22629625463952308,-0.6117013165251868,-6.151329978432782,0.47892925174614853,0.048619214313496695,0.002089864158829835,-0.007644197359277238,0.013468013468013407,0.02020202020202011,0.03136762860727749,0.14285714285714302,-0.035477013021525505,0.0034129692832765013,-0.008163265306122436,-0.0010771509357748732
1996-03-31,0.03981387184209173,0.04669320920360476,0.11089218437143278,0.13883210942034463,0.01437595176396611,0.06906629420358135,-0.16289136420809303,-0.16289136420809303,-0.1527777777777778,0.06666666666666665,1.0223892200051825,-0.24741968309347284,2.1465724134921675,1.053241225315749,0.6649116464048448,0.06973293768545985,-0.002606882168926017,-0.017507002801120497,0.015503875968992276,0.05280528052805278,0.0444038929440389,0.14375000000000004,-0.02438352390136378,-0.006802721088435382,-0.012345679012345734,-0.08090039088825973
1996-06-30,0.01490099692388891,0.012970082206500866,0.029151823142882227,0.0355872674695592,0.008800231695046401,0.032109646108854584,0.09393020548501507,0.09393020548501507,0.09836065573770503,0.06666666666666665,-0.1780021526318487,0.770201532419033,0.13565386215504094,-1.4471367884451998,-0.17857191329958333,0.03467406380027738,0.004704652378463292,-0.010691375623663624,0.013086150490730475,0.018808777429467183,0.014560279557367606,0.12021857923497259,-0.006071731149392967,-0.006849315068493067,-0.004166666666666541,-0.0218513521440723
1996-09-30,0.03071323507964885,0.029463078384813324,0.09489224977758814,0.11566401694679529,0.0033592762195209236,0.020737462738939616,0.009144568324403357,0.009144568324403357,0.014925373134328401,0.06666666666666665,-0.511670199941805,0.2428981922671225,-1.0107092267864992,-2.041042790909782,0.2263143980701232,-0.018096514745308268,0.006243496357960288,-0.01729106628242083,0.010764262648008671,-0.03076923076923077,-0.040757749712973634,0.1073170731707318,-0.026566273618411573,-0.006896551724138056,-0.008368200836820106,-0.07724369546313237
1996-12-31,0.01940961805354835,0.006370181008706455,0.012667612171222364,-0.09158195882879427,0.021844489792787858,-0.05017032402246757,0.1506400824014127,0.1506400824014127,0.13235294117647056,0.06666666666666665,0.441339831031474,0.07939480846331692,-43.97833523375142,-1.4998174782799154,-0.0922405314003153,0.03412969283276457,0.005170630816959676,-0.00806451612903214,0.025559105431310014,0.02539682539682553,0.014961101137043631,0.1013215859030836,0.002481027437244432,0.0017361111111111605,-0.012658227848101333,0.10782179183050067
1997-03-31,0.03021853712934197,0.03784393608313619,0.059013962716575996,0.07820661917488159,0.017318166754616282,0.0405491550444983,-0.1837441520935239,-0.1837441520935239,-0.4415584415584416,0.06666666666666665,-0.5258083567104681,-0.515562303437805,-0.8509232728430436,-2.2605901256208005,0.12809285618868094,0.003960396039603964,-0.004629629629629539,-0.01552106430155209,0.016614745586708057,-0.021671826625386914,-0.01474056603773588,0.09600000000000009,-0.0125200174697917,-0.0017331022530330253,-0.012820512820512775,-0.0374585667771552
1997-06-30,0.007174061746126004,0.0039418787948104494,-0.027249672826093807,-0.03548781880782603,0.022210493459323022,0.036229646978758856,0.09329590704354063,0.09329590704354063,0.09302325581395343,0.06666666666666665,1.1297132359809448,0.38392657264383256,6.93628759565759,-1.1068366164542294,-0.012131100088154434,0.07264957264957261,-0.007235142118863114,-0.01276276276276278,0.021450459652706977,0.053797468354430444,0.05924596050269293,0.0875912408759123,0.014890166592953058,-0.00347222222222221,-0.008658008658008698,0.040897178033766135
1997-09-30,0.009294973223444636,0.006544167433999881,0.03786566007420711,-0.03426597324905856,-0.003799163440088904,0.030004184166900538,-0.0003463058716757228,-0.0003463058716757228,0.0,0.06666666666666665,0.6221491228070175,0.05046910384988679,1.3786383818450911,21.878524945770064,-0.2809499074333054,0.009500459699662844,-0.007808433107756363,-0.009885931558935357,0.0040000000000000036,-0.012012012012012074,-0.0028248587570621764,0.08053691275167796,-0.012928529924462584,-0.006968641114982521,-0.004366812227074357,0.04224733575360107
1997-12-31,0.04300799609813444,0.030235582835369534,0.06117783362566653,-0.024333074060837956,0.03629462148541274,-0.0478275792916204,0.17484948394495414,0.17484948394495414,0.14893617021276606,0.06666666666666665,-0.6472714163399577,0.31613797351401285,-1.1309192725764332,-1.8929553427514934,0.34889880897253045,-0.02944748026715238,-0.0041972717733472775,-0.00844854070660539,0.03585657370517947,-0.03343465045592697,-0.03796033994334269,0.07453416149068315,-0.00647534952170703,0.0,-0.00877192982456143,0.05592853731846392
1998-03-31,0.03545320642195682,0.046279741931292806,0.06448449227740771,0.09914029927927337,0.01798256275450827,0.03494812561640703,-0.18659061098740204,-0.18659061098740204,-0.16666666666666674,0.06666666666666665,0.9161918389248027,-0.7460804960804961,-3.9038669259019225,0.3796453599490337,0.356851544155006,0.10541132311542079,-0.008429926238145313,-0.013942680092951187,0.017307692307692246,0.0691823899371069,0.08951707891637217,0.07225433526011571,-0.01688638720189617,-0.0017543859649122862,-0.008849557522123686,-0.04807129555732903
1998-06-30,0.007369529041582501,0.008197896313069553,-0.01246922500829084,-0.01852968130516386,0.01609430156595204,0.056253905388816916,0.07357683942098547,0.07357683942098547,0.06666666666666665,0.06666666666666665,-0.184908125983412,2.0825941711784357,0.6946138967415563,-2.307192057567245,-0.34379111425969033,0.0011318619128466434,-0.010095642933049986,-0.01649646504320501,0.017013232514177634,-0.01764705882352946,-0.009189189189189317,0.06738544474393526,0.008738888051830651,-0.012302284710017597,-0.0044642857142858094,0.02721962943297096
1998-09-30,0.10789194133584301,0.06367378691421877,0.24792196484548312,0.28558113213827996,0.04447399903606741,0.08689667607971674,0.002969121140142583,0.002969121140142583,0.0,0.0,0.3915945490536097,1.8844170403587444,-1.2984620337445307,-1.832293199882249,0.43604256631708815,-0.07603165630299613,-0.020933977455716568,-0.039936102236421744,0.03810408921933095,-0.08982035928143706,-0.08074195308237841,0.06313131313131315,-0.05735623599701267,-0.02491103202846967,-0.017937219730941756,-0.17262018118997746
1998-12-31,0.13112466851334692,0.14233333645521062,0.33839909466780727,0.059580004919794316,0.02211198007278581,-0.03334636288124215,0.20471563403336468,0.20471563403336468,0.1875,0.1875,-0.2582055863820183,1.7586769792840764,5.9495489311629735,-1.2861740883528454,-0.08743140055631327,-0.048944631385744786,-0.009868421052631526,-0.053244592346089914,0.024171888988361756,-0.08552631578947378,-0.054005934718101,0.05938242280285033,-0.09633972429092053,-0.018248175182481785,-0.031963470319634646,0.07809417335262414
1999-03-31,0.07430410123375863,0.06534836773489316,0.1594468726801841,0.1906870525617388,0.012418352219709217,0.11751906801950618,-0.17063205265338766,-0.17063205265338766,-0.1578947368421052,-0.1578947368421052,0.11931854199683034,-0.5019818347469169,-0.29985255003774436,-8.888394512421208,0.7511297839288236,-0.009006111289803886,-0.00609080841638987,-0.05975395430579966,0.014860139860139787,-0.03237410071942437,-0.023839397741530655,0.058295964125560484,-0.05751358933894446,-0.03717472118959109,-0.02358490566037752,-0.10525513160703936
1999-06-30,0.0016290480914336047,-0.0003197246310399082,-0.02361419355209171,-0.0360791364322518,0.02424680024494541,0.06392118891928233,0.07555829247321832,0.07555829247321832,0.08333333333333348,0.08333333333333348,0.6409406900848094,-0.6592201423923806,-2.162070112151228,-1.5572267920094007,-0.23901691566362226,0.027588445309964404,-0.006685236768802283,-0.051401869158878455,0.024117140396210157,0.014869888475836479,0.012210796915167021,0.05508474576271194,0.022511627906976805,-0.036679536679536606,-0.019323671497584516,0.03708753749659133
1999-09-30,0.0009496144240210835,-0.0001308700830989773,-0.005454103839691471,-0.018944737153083535,0.0038037117538873844,0.029331739577061366,-0.02087091790988349,-0.02087091790988349,-0.019230769230769273,-0.019230769230769273,0.05780945313982988,-0.08276606342354309,0.09419466724474312,0.032953746661043226,-0.32444008760774334,-0.03663929248262787,-0.0033651149747615516,-0.034482758620689724,0.010933557611437994,-0.05860805860805862,-0.0552380952380952,0.052208835341365445,0.0029112081513829047,-0.030060120240480992,0.0,0.019195372074677808
1999-12-31,0.01335496713026152,0.0132220582049134,0.00875053293808703,-0.00597276661501267,0.01880004772298216,-0.051397804948447035,0.19542791575184526,0.19542791575184526,0.17647058823529416,0.17647058823529416,-0.5340707026215762,-1.3884816122122665,-0.20202396424382663,-0.16443912132182814,-0.40211778547617494,-0.18426229508196723,-0.002813731007315745,-0.009183673469387754,0.024958402662229595,-0.19455252918287935,-0.19623655913978488,0.04961832061068705,0.005261248185776557,-0.022727272727272707,0.009852216748768461,0.01931759545923617
2000-03-31,0.034181733233715095,0.03181089547088756,0.06132264881484506,0.08031226665152857,0.014518830392598492,0.05204365922153986,-0.15340101522842642,-0.15340101522842642,-0.1333333333333333,-0.1333333333333333,0.6640523791183781,-4.834821775258212,-0.8912657033616367,-2.131222309095648,0.7592434678036515,-0.08561093247588425,0.0,0.003089598352214118,0.01379870129870131,-0.10628019323671489,-0.09866220735785969,0.050909090909091015,-0.0189496480779644,-0.00634249471458781,0.009756097560975618,-0.04489511817002556
2000-06-30,-0.010423733296915927,-0.011800614735302917,-0.025569109171198146,-0.012779171748794171,0.0018278672347329383,0.02766982161728282,0.053025760664566324,0.053025760664566324,0.05769230769230771,0.05769230769230771,0.1640856776148294,-0.5512039043356757,9.569367065485432,-1.7843278424144684,-0.3384953827415206,0.025934065934065886,0.0005643340857788282,0.0010266940451746365,0.012810248198558805,0.010810810810810922,0.007421150278293043,0.04671280276816603,0.012325239146431244,-0.004255319148936176,0.004830917874396157,0.0009937723598780757
2000-09-30,-0.004356687942435378,-0.00451584492132584,-0.011718546297157073,0.002764775066457892,0.0014106462675709253,0.011443679284776964,-0.050355615831374934,-0.050355615831374934,-0.036363636363636376,-0.036363636363636376,0.24184146550867136,0.08149084017687924,0.08654211745186813,-0.548522122269139,-0.2310235983766722,-0.13367609254498714,-0.006204173716864214,-0.00512820512820511,0.012648221343873445,-0.14438502673796794,-0.14548802946592998,0.046280991735537125,0.005815009994548426,-0.0064102564102564985,0.0,-0.007280428883446932
2000-12-31,0.03446506990813436,0.027482042345661428,0.05343732112520638,0.008859431175316512,0.020084898560297937,-0.0757099734251877,0.1476414220148481,0.1476414220148481,0.13207547169811318,0.13207547169811318,-1.2087969667639418,-0.5310831108144192,-1.2133705532889556,0.0654684450227716,-0.322273260359656,0.11473788328387746,-0.017026106696935273,-0.020618556701030966,0.02654176424668231,0.09999999999999987,0.10452586206896552,0.04423380726698256,-0.013911472448057904,-0.010752688172043001,-0.009615384615384581,0.018467897859857363
2001-03-31,0.011724689373590502,0.020381317186629166,0.01986597760776343,-0.015720728149887786,0.005132240448760372,0.02933313831670925,-0.15197773387035485,-0.15197773387035485,-0.1333333333333333,-0.1333333333333333,-1.9616604510125126,0.270753625767417,-0.6966342390696634,-2.6371269368750476,0.7732352729108083,0.16149068322981375,-0.01327944572748263,-0.01473684210526316,0.004562737642585635,0.13068181818181812,0.1609756097560977,0.04236006051437213,-0.006412605349944922,-0.0021739130434781373,-0.009708737864077666,0.03665881120712222
2001-06-30,-0.009411601318068064,-0.015652922958680593,-0.05916358992865667,0.006987220079442746,0.03115372276733641,0.031145923156130628,0.06065663750518069,0.06065663750518069,0.05769230769230771,0.05769230769230771,4.534340908267189,0.8640946646127994,-16.920383339476594,-1.1632320029839611,-0.07117879071280442,0.0844155844155845,-0.01930953774136923,-0.012820512820512886,0.028009084027251996,0.08040201005025116,0.08403361344537807,0.04208998548621201,0.040936750875898875,-0.004357298474945703,-0.009803921568627416,-0.022480424349583084
2001-09-30,-0.011469831409329001,-0.007230294167591245,-0.04087958778259515,0.025845955329516057,0.010152769521035943,-0.009337057144582994,-0.06835079418722545,-0.06835079418722545,-0.07272727272727275,-0.07272727272727275,0.5507603243002528,-0.5541073507869136,0.24790084583564864,-19.060268494715796,1.3840210134617488,0.08312786192321231,-0.025656324582338907,-0.015151515151515138,0.006627393225331346,0.051162790697674376,0.08372093023255811,0.03899721448467974,0.021789193976970767,-0.002188183807439681,-0.014851485148514865,-0.032235142118863136
2001-12-31,0.025105126590545312,0.04495216826249715,0.07419870486521529,-0.08529283275499533,-0.00923957105069595,-0.07224783261742262,-0.7169447719234606,-0.7169447719234606,-0.7254901960784313,-0.7450980392156863,-1.354458230221539,-0.9776766910959481,-1.3806664275377556,-1.3581742554840341,-0.21249793414987972,0.13463414634146353,-0.2198407838334353,-0.21538461538461529,-0.013167520117044584,0.12831858407079655,0.14449213161659502,0.03753351206434319,-0.03346047156726761,-0.20833333333333337,-0.01005025125628145,0.14238034844135905
2002-03-31,-0.10735892680296844,-0.024847658072628342,-0.06405962067381676,-0.01762112141134331,-0.1431217040641365,0.01551401801975727,-13.337324789747697,-13.337324789747697,-13.642857142857142,-14.538461538461538,-2.4318460713647463,42.177358490566036,-3.2444397511088003,0.29871506159756267,-0.3429171038824764,0.03181427343078247,-1.346938775510204,-1.3459383753501402,-0.1452928094885101,0.04705882352941182,0.31562500000000004,0.03746770025839785,-0.04017937219730938,0.0,0.02030456852791862,-0.007333177515484457
2002-06-30,0.019295477393625804,0.02138794981545189,0.010214012933748462,0.0625692149584045,0.027022346521621277,0.07745242936013419,-1.3117771364948079,-1.3117771364948079,-1.310734463276836,-1.3125,-0.29090878833768785,0.27075686068869076,-0.25814320458625284,0.08149734802121578,-0.5644096667731289,-0.0005555555555556424,0.018099547511312153,0.008097165991902688,0.024284475281873386,0.1685393258426966,0.0,0.03611457036114585,0.007662119230050335,0.0,0.01990049751243772,-0.0387615151425964
2002-09-30,0.008642501071200792,0.007425833411782712,0.003533342497734182,0.007564490459966544,0.01290976874540295,0.012123848621536926,-0.021031370058408938,-0.021031370058408938,-0.018181818181818188,-0.018181818181818188,0.15996245012907773,1.0926409903713892,-0.47922216042697263,-1.4731679713288692,0.6131003299523403,-0.14841578654808218,-0.028888888888888742,-0.04417670682730912,0.013547840812870415,-0.16987179487179493,0.0,0.03485576923076916,0.004265578635014755,0.0,0.024390243902439046,-0.00015309246785066843
2002-12-31,0.041259309856422455,0.05665323059622884,0.06940344335619852,0.10651974003378362,0.018933912608368964,-0.07569598643149278,-0.03858466185244669,-0.03858466185244669,-0.05555555555555558,-0.05555555555555558,-1.3221583781815238,-0.8601899628619318,-1.3033312099524113,-2.3228356919805995,-0.4950757575757576,0.0032637075718013886,-0.6956521739130435,-0.7016806722689075,0.022556390977443552,-0.007722007722007707,0.0,0.03368176538908263,-0.021421975992612974,0.0,0.01904761904761898,-0.045046700352166624
2003-03-31,-0.010519067535722182,-0.01936971168618984,-0.03463802616767242,-0.06102916843504547,0.009846906750159201,0.014224723238162484,-0.23801148242790293,-0.23801148242790293,-0.21568627450980393,-0.23529411764705876,-2.332286629404007,5.234602726845322,-1.6714638665843113,-1.2528879959819186,0.25181295323830954,-0.03513337670787242,-13.458646616541353,-13.549295774647886,0.0106209150326797,-0.05836575875486383,0.0,0.033707865168539186,0.02056991885261361,0.16620498614958445,-0.009345794392523366,0.04434966649563887
2003-06-30,0.011045722023412363,0.005588533982725297,-0.014191435099808358,-0.023242940800490608,0.031884956784874685,0.06476023538745057,0.3087118737569501,0.3087118737569501,0.30000000000000004,0.33333333333333326,1.4391203921938343,-0.5653042756956489,7.743077913715389,-1.6133068520357496,-0.12337195365561326,0.08496291301416048,-0.035003017501508804,-0.029180695847362603,0.031527890056588515,0.07438016528925617,-0.23182897862232776,0.03152173913043499,0.02052514792899407,-0.019002375296911955,-0.009433962264150941,0.029539104000982697
2003-09-30,0.007623039502990592,0.010913093797338957,-0.005206554018639564,-0.011502535960076998,0.017668310981376,0.016998375134824828,-0.020133558148821895,-0.020133558148821895,-0.019230769230769273,-0.019230769230769273,0.7400059910906684,0.5894700320929829,0.6014245733644761,-4.087435233160622,0.4345091605140825,-0.013673088875077677,-0.03564727954971847,-0.02774566473988438,0.017241379310344973,-0.04230769230769227,0.0012368583797155441,0.03161222339304515,0.009965573473455391,-0.021791767554479535,-0.00952380952380949,0.022666945032658425
2003-12-31,0.015879968875774253,0.027752041068870748,0.007071282703392523,0.04859543639275188,0.023685320812136368,-0.04756032279340161,-0.0180679927094064,-0.0180679927094064,-0.03921568627450989,-0.03921568627450989,-0.5768154252837816,0.03132332878581168,-0.5235892752728157,-2.5954478707782673,-0.5109607319862752,0.007876496534341415,-0.030479896238651216,-0.01664684898929847,0.02234206471494593,-0.012048192771084487,0.02408894379246429,0.029622063329928672,0.007714388231072844,-0.022277227722772186,0.004807692307692291,-0.019889760564612557
2004-03-31,0.01230998103484593,0.008591343815853358,-0.0037345466055476173,-0.00622264440753606,0.023244127124577796,0.05358132798787674,0.15520481455434254,0.15520481455434254,0.16326530612244894,0.16326530612244894,0.06463084958400045,-0.3620297370231229,-0.222563918691563,-1.8345933863651305,0.824725524589099,0.04876523913723041,0.06755852842809373,0.08101571946795638,0.021853805576488305,0.028455284552845406,0.05971049457177324,0.029761904761904878,0.010859889620794094,0.07341772151898729,0.009569377990430672,0.014907608533936356
2004-06-30,0.022777802974727868,0.030360999225991003,0.019853006722239552,0.15920989745726066,0.025270600964484746,0.045833141783466536,0.009451192127665875,0.009451192127665875,0.01754385964912286,0.01754385964912286,0.9296658325834801,0.12084266401260679,-0.23033259423503327,6.849074438755416,3.5475647963543153,0.08554396423248889,0.007518796992481258,0.014541387024608499,0.022123893805309658,0.06324110671936767,-0.007968127490039834,0.028901734104046062,0.002465656921451398,0.011792452830188704,0.0,-0.11114694499824096
2004-09-30,0.041276932209315165,0.04961705036712605,0.06867945460301272,0.1046273114576941,0.02175469665733787,0.02245607102101843,-0.03216143001206173,-0.03216143001206173,-0.0344827586206895,-0.0344827586206895,0.48537189871477127,0.5523901139558975,0.2579165706383959,0.5753281682790734,1.228916794538565,0.04393190554640314,0.001865671641791078,0.0022050716648289725,0.023809523809523725,0.01858736059479571,0.014343086632243152,0.028089887640449396,-0.01879831342234728,0.006993006993007089,-0.004739336492890933,-0.04980703895504168
2004-12-31,0.0038825907793031966,-0.025317447203009547,-0.02561432703605193,-0.1246893526789854,0.026540449948640132,-0.04085331567120687,-0.016129856067338855,-0.016129856067338855,-0.017857142857142905,-0.0357142857142857,-0.634334199163986,0.020306020306020356,2.9387699016141147,-1.9642356598629056,-0.5260340564235135,0.06286165176223024,0.0006207324643079382,0.004400440044004528,0.02607470049330529,0.04014598540145986,0.03902714932126705,0.027322404371584508,0.022560429722471076,0.00694444444444442,0.0,0.11354879022459818
2005-03-31,0.01699681297131228,0.015417158848091805,0.027357899698462695,0.042032638395359756,0.009520208679767217,0.039450461033494255,0.10677575430363184,0.10677575430363184,0.1090909090909089,0.12962962962962954,0.36672194192569596,-0.3476290586311609,-0.6308063000623307,-1.1511449675603536,0.1695346079739144,0.06928977975748585,-0.004342431761786614,-0.004381161007667167,0.01098901098901095,0.04210526315789487,0.04518236254763197,0.027482269503546153,-0.007354228681492048,0.0,-0.004761904761904856,-0.025562690940831856
2005-06-30,0.01761630837709882,0.020232269829369987,0.024509249366266417,0.04068960609187622,0.012003425990812167,0.05697888439122001,0.04098575958273143,0.04098575958273143,0.049180327868852514,0.032786885245901676,0.7297501957646007,0.4386279003150959,-0.014665490739574127,3.4901429383223324,0.6508867865946,-0.012728535061328539,0.006853582554517068,0.004400440044004528,0.014266304347825942,-0.023569023569023684,-0.029687499999999978,0.02674719585849883,-0.0054683365672958395,0.0045977011494253706,0.0,-0.019642971399321696
2005-09-30,0.03437631417255749,0.034263787113634425,0.054366918935277786,0.08390340561711485,0.0196331352387753,0.03225244854194265,-0.0008200636225184077,-0.0008200636225184077,0.0,0.0,-0.12146296812194057,-0.3116133207227836,0.0715801856635041,-0.23124774875634002,0.3030920633458458,0.024378809188935868,0.014851485148514865,0.013143483023001057,0.022772940388479546,0.010344827586207028,0.0026838432635534204,0.026050420168067356,-0.014366796736431375,0.009153318077803174,0.004784688995215447,-0.04581647304529435
2005-12-31,0.0004707196643192191,-0.022152138527346765,-0.020330051821510597,-0.06182290133211554,0.01640842915606955,-0.05705882560106568,-0.016982935892348228,-0.016982935892348228,-0.03125,0.0,-1.3018686296715742,0.6119748354906356,-0.09206004486659347,-2.920941659174085,-0.44356931414853984,-0.003432494279176357,0.014634146341463428,0.012972972972973063,0.02030124426981006,-0.027303754266211677,-0.032655246252676684,0.02538902538902521,0.016015835882670526,0.013605442176870763,-0.004761904761904856,0.04230506155950753
2006-03-31,0.009193681366469253,0.006445957610453856,0.002643855535219952,0.0005876212068811615,0.014106386998753218,0.059701895140825245,0.045250612424651226,0.045250612424651226,0.06451612903225823,0.04761904761904767,-2.1265241042956293,0.15682756145702492,-0.0405051978604003,-0.7446124028452579,-0.2050701123809625,0.000688863375430504,0.0012019230769231282,0.0010672358591248265,0.015404364569961526,-0.01754385964912286,-0.035417819590481514,0.02715654952076685,0.004782146652497321,-0.004474272930648726,0.009569377990430672,0.005840469862519404
2006-06-30,0.006343598026833153,0.005135692475454867,0.0030189409420913194,0.0048686309745742395,0.008553203031231416,0.04239310576013344,0.05929339477726581,0.05929339477726581,0.06060606060606055,0.06060606060606055,2.0964782282907337,0.16282767178532653,0.6025586587587493,-2.006040268456376,0.2595308015528963,-0.011473152822395583,0.007202881152460927,0.009594882729211163,0.0164348925410871,-0.02857142857142847,-0.030981067125645412,0.026438569206842955,0.002291556495681135,0.0022471910112360494,0.004739336492891155,0.00026096884684378985
2006-09-30,0.013617342140957556,0.017510071153733264,0.017405580336930404,0.016226313237356127,0.010774042708557863,0.0142144146547174,0.0054110043089161675,0.0054110043089161675,0.014285714285714235,0.014285714285714235,-0.08477137433520288,0.6338413312435389,-0.17988341681054376,-0.35215784882229173,0.1334901794919241,-0.02506963788300831,0.010727056019070202,0.014783526927138357,0.016169154228855787,-0.040441176470588314,-0.05091770278271168,0.025757575757575646,-0.002813928948293909,0.008968609865470878,0.004716981132075304,0.00127189120438298
2006-12-31,-0.08447941771299416,-0.021284506872600972,-0.08759142094265149,-0.060748944998910925,-0.0843877871980444,-0.05804364358075764,-0.015379163129568996,-0.015379163129568996,-0.014084507042253502,-0.028169014084507116,-0.8984047709979729,-0.1666326488957831,-0.4291729197932299,-4.101548576181235,-0.36577982592796443,0.08261904761904759,0.035966981132075526,0.037460978147762614,-0.0844553243574051,0.06513409961685812,0.050530255770430355,0.02511078286558366,0.0,0.011111111111111072,0.028169014084507005,0.04201680672268915
2007-03-31,0.028703459918914653,0.03319759684620616,0.036997747414616144,0.07135909533788021,0.022898904349074156,0.041644251701964397,0.01746088878100238,0.01746088878100238,0.014285714285714235,0.02898550724637694,10.968654213174483,-0.43641929953465586,0.2749214927335135,-2.457126074242444,0.8392033712575291,0.0659775676270069,0.02788844621513964,0.026078234704112413,0.023395721925133728,0.16546762589928066,0.04275534441805218,0.025936599423631135,-0.005643738977072488,0.00659340659340657,0.022831050228310668,-0.03560265066266555
2007-06-30,0.021403296928727444,0.01964519877126336,0.004258038459867164,0.0007996505519300978,0.03417672941435357,0.04556102419056174,0.07048777076666135,0.07048777076666135,0.07042253521126773,0.07042253521126773,-0.29543367963276157,0.5681195949763156,0.273091794357726,-0.8174902943676661,0.09787989539431075,0.031978543428925255,0.02491694352159457,0.02639296187683282,0.036577400391900605,0.0092592592592593,0.013667425968109548,0.025983146067415586,0.012593118126995373,0.008733624454148492,0.013392857142856984,0.01883123197095915
2007-09-30,0.02328385829137991,0.02303994740967652,0.048851197875782626,0.06478373781837932,0.004609403643111909,0.01012050072088111,-0.011842823218389031,-0.011842823218389031,0.0,0.0,0.7554351553391401,0.24714554927391652,0.811541057367829,1.6645539229808892,0.20211247086247086,-0.023590563774490203,0.022150189086980188,0.01904761904761898,0.017013232514177856,-0.05810397553516822,-0.043820224719101186,0.024640657084189055,-0.018216850586792677,0.0043290043290042934,0.013215859030836885,-0.039225042947127475
2007-12-31,-0.012621264446978642,-0.01944246529772886,-0.03360291444637997,0.13105953717904417,0.0024919159412877256,-0.0608699164556491,-0.01940426193809297,-0.01940426193809297,0.0,-0.013157894736842146,-0.8720464135021098,-1.3666281498600061,-0.07032773244911394,-2.769894759604988,-0.29757432162204744,-0.004299754299754266,-0.0026427061310781985,-0.0018691588785045843,0.017967781908302394,-0.022727272727272818,-0.021739130434782705,0.024048096192384794,0.015343443354148167,0.006465517241379448,-0.004347826086956386,-0.13304195225323656
2008-03-31,-0.003906730296524885,-0.0067305500205773194,0.014644499611525807,0.013873600107495276,-0.01731575917394379,0.0427074654327364,-0.02016100249831465,-0.02016100249831465,-0.013157894736842146,0.0,3.4544288724008423,-4.682950481847385,0.02955516965001337,-0.28404011607188306,-0.30330792755254765,-0.13037219823154433,-0.0015898251192368873,-0.002808988764045006,-0.00791235544735236,-0.14617940199335544,-0.14774774774774768,0.02544031311154593,-0.013530135301353052,-0.004282655246252598,0.0,-0.020318527288698762
2008-06-30,0.008816259685268557,0.009199566886328503,0.006198144615454648,0.007607750985694439,0.010325979876194546,0.04891889790481607,0.07713913374290726,0.07713913374290726,0.08000000000000007,0.08000000000000007,-0.09989923708075432,-0.3874598864477906,-0.21910538778422917,-0.6348730054893483,-0.1589596270407816,0.010877275951761689,0.0058386411889597145,0.001877934272300541,0.022699386503067576,0.01945525291828809,-0.002114164904862492,0.024809160305343525,0.0014250089063057025,-0.004301075268817178,0.004366812227074135,0.0015593933959689998
2008-09-30,0.00456815366339236,0.002553677689693279,0.02406036194340433,0.02799052986229844,-0.01043140008623622,0.0030033217504179532,-0.01545016644999364,-0.01545016644999364,0.0,0.0,0.4606703068241529,0.6345611348432336,0.17532462137890348,-0.555365141187926,-0.08403757250964339,-0.022923976608187013,0.008443271767810012,0.00562324273664494,0.004199160167966287,-0.041984732824427606,-0.038841807909604564,0.02420856610800759,-0.014941302027748238,-0.002159827213822907,0.008695652173912993,-0.02475575104122074
2008-12-31,-0.006828437074753002,-0.04952514556940424,0.14952005895142184,-0.20825623625170397,-0.12917176356868687,-0.1255761827685571,-0.3299800789210561,-0.3299800789210561,-0.3086419753086419,-0.32098765432098764,-0.6803837230520581,-0.08763971071663379,-0.6000565470931261,3.9624211632796076,-0.45529141350821356,-0.1556140770888197,-0.03924646781789631,-0.07455731593662629,-0.12903225806451601,-0.15936254980079678,-0.1697281410727406,0.023636363636363678,-0.1231491513181654,-0.06493506493506485,-0.008620689655172376,0.20051885851127516
2009-03-31,-0.012847994818598774,-0.013305970419122737,-0.0028709069725847414,-0.023097607572975853,0.0062043632321027165,-0.03003503704085808,0.015663446641757117,0.015663446641757117,0.0,0.0181818181818183,2.2693135847579278,-0.6419254882179145,1.0169311795270581,-2.1562726165469277,0.9664635495817164,-0.08193932520555713,-0.0419389978213508,-0.07150050352467263,0.006172839506172867,0.05213270142180115,-0.018584070796460295,0.023682652457075015,0.0193574958813838,-0.04861111111111116,-0.02608695652173898,0.010006981615080512
2009-06-30,0.027532908417295276,0.025159774832214543,-0.019631180896709344,0.12342628366738939,0.0723073364309954,0.037041991477998026,0.16208122567547867,0.16208122567547867,0.1607142857142856,0.1607142857142856,0.4390086916605962,5.263030790903603,-0.45864951543085475,0.6076575476306791,0.790120122147943,0.009264978381716915,-0.04889141557703236,-0.06941431670281994,0.07157464212678932,0.0045045045045044585,0.07935076645626693,0.023134759976865427,0.04363636363636347,-0.03649635036496335,-0.0357142857142857,-0.08745885450954582
2009-09-30,0.02519019786839971,0.03020315295012921,0.010105332455562888,0.02261414856782018,0.039489014945798484,0.028288255238072768,0.038886207894990754,0.038886207894990754,0.030769230769230882,0.030769230769230882,-0.03722838052904032,-0.18979145914334372,0.031968274522499174,0.18266418505716575,0.5220022716889714,0.10312117503059959,-0.050806933652121966,-0.06410256410256421,0.0394402035623409,0.026905829596412634,0.17209690893901408,0.022611644997173386,0.013937282229965264,-0.030303030303030498,-0.03240740740740755,0.007394582115932691
2009-12-31,0.0055147018197430064,-0.00036264116792761314,0.005255408716157595,-0.025079075202611767,0.005537238745710882,-0.05199679141554048,-0.07870753165674149,-0.07870753165674149,-0.059701492537313494,-0.0746268656716419,-0.7162299403612895,-0.8096135160324416,0.4230413300917575,-1.2114112281603289,-0.07250786901768769,0.024965325936199934,-0.0012594458438287548,0.01743462017434627,0.011015911872704898,-0.013100436681222849,0.08410548823948694,0.022111663902708578,0.0,0.03385416666666674,-0.014354066985645786,0.025350902320252056
2010-03-31,0.0327838553004991,0.028119969411043666,0.04541667491118018,0.07515884580098908,0.021459335528147827,0.052970321469528736,0.014541127592848424,0.014541127592848424,0.0,0.016129032258064502,0.7722571229138904,2.9382356004582855,-0.2254811189736129,-0.8759589821496392,-0.009697063268438777,0.09012178619756428,-0.004413619167717431,0.006119951040391758,0.020581113801452666,0.07964601769911517,0.05917159763313595,0.02217414818820984,-0.011072928598701792,0.012594458438287104,-0.009708737864077666,-0.04372119011035058
2010-06-30,0.009789191299580002,0.015499859993328924,0.025353214164326898,0.04044833696468397,-0.004885751398089777,0.09418146392453841,0.23713584271784827,0.23713584271784827,0.25396825396825395,0.23809523809523814,0.5394536145225393,-0.7357515008859856,0.6678193798118659,-24.984996938150644,0.23486149962372993,0.03550148957298904,0.03483217226092439,0.031630170316301776,0.0029655990510082386,0.012295081967213184,0.007448789571694592,0.021693121693121764,-0.014478764478764616,0.019900497512437942,0.014705882352941124,-0.023992112182296244
2010-09-30,0.0372478618068115,0.04294124897844598,0.035282640124140174,0.092366696648984,0.03928992306248835,0.0363074277549833,0.058794700603372885,0.058794700603372885,0.06329113924050622,0.0641025641025641,-0.005475004302785913,1.3222739328429163,-0.43164442472439335,0.5300823386736453,0.29101031388392506,0.00839127307600096,0.04039167686658529,0.034198113207547065,0.039621525724423234,0.00809716599190291,-0.04004929143561309,0.021232522009321686,0.0019588638589618235,0.02195121951219514,0.009661835748792313,-0.04523515546076995
2010-12-31,0.009471034048361915,0.005371073401709392,0.009993216964568896,0.14581392713632813,0.008894665150939618,-0.048408437720297126,-0.09966991691011873,-0.09966991691011873,-0.1071428571428571,-0.0843373493975903,-0.48437324602432175,-0.3462698788949705,-0.001711480430572454,-1.0147089496825437,-0.003315586264483361,0.13813599619591055,0.025882352941176467,0.019384264538198304,0.007963594994311762,0.09236947791164662,0.07445442875481367,0.020791075050709873,-0.0005865102639295294,0.01193317422434359,0.009569377990430672,-0.12258013950936597
2011-03-31,0.019117137940700912,0.01819797426298786,0.010638050129022414,0.016138439021124773,0.027361471877741517,0.05928993121840853,0.06628739991571853,0.06628739991571853,0.06666666666666665,0.05263157894736836,-0.5155069348064695,0.5966311764511982,0.09116474922926532,35.35053885422575,-0.1209242822208133,0.10256945895132663,0.03612385321100908,0.03579418344519025,0.02934537246049662,0.09558823529411753,0.050776583034647604,0.02235469448584193,0.008215962441314506,0.021226415094339535,0.014218009478673022,0.0020098258150960113
2011-06-30,0.02648001982217507,0.03071300705703761,0.03532712517263481,0.051795336079008436,0.01803389376997644,0.07087154251330952,0.1999525747935027,0.1999525747935027,0.2124999999999999,0.19999999999999996,2.679766340266986,-0.3509713648657018,0.5891643811072673,-1.793402615235777,0.10913922409537169,0.0017051913603636226,0.030990592141671325,0.030237580993520474,0.021929824561403688,-0.02684563758389269,-0.05173393973848783,0.02186588921282806,-0.00834303453628249,0.025404157043880105,0.004672897196261516,-0.02001337196344999
2011-09-30,0.011844846625004957,0.0028105292760589595,0.03863366724042927,0.06322674935881167,-0.013790441146273924,0.031578180612524376,0.0001317418912865076,0.0001317418912865076,0.0,0.01041666666666674,0.25906685661951756,1.8370073480293923,0.10705520142231473,-0.6445541438854581,0.034975848028363066,-0.018725174957442636,0.027375201288244666,0.020964360587002018,-0.006974248927038573,-0.04137931034482767,-0.07134292565947242,0.021398002853066922,-0.025239679123459258,0.009009009009008917,0.009302325581395321,-0.05685436186664239
2011-12-31,0.016400626616543734,-0.015004800580589395,0.06685901731812538,-0.1912771237046228,-0.03417845126257579,-0.08261148784377703,-0.11114257863954902,-0.11114257863954902,-0.1030927835051546,-0.12371134020618557,-0.4846821872082826,-0.29994281677823,-0.38402180980657896,-1.5393127870303767,-0.01822547078259018,0.06727062451811872,0.0308254963427379,0.011293634496919891,-0.0345759049162615,0.07553956834532394,0.024531956100710017,0.020949720670391025,-0.04977920513849854,0.013392857142857206,0.0,0.21797839506172845
2012-03-31,0.036777728246743635,0.005451650091028437,0.0372761577466687,0.06583399233916065,0.03638715379764923,0.05545637471447029,0.08371555384307605,0.08371555384307605,0.08045977011494254,0.09411764705882364,0.3511476721116069,2.296287398295855,-0.13388190107975428,9.324202318662152,-0.19165647723853163,0.14935885858768283,0.03345159655347185,0.011167512690355208,0.03525461667599328,0.1906354515050166,0.12035286704473869,0.022799817601459216,-0.00042247570764675224,0.017621145374449254,-0.004608294930875445,-0.056659803611023074
2012-06-30,0.01461655174382348,-0.03871981286289439,0.016013317363324564,0.02427656237622111,0.012931143567241454,0.04920899962530889,0.152904174216266,0.152904174216266,0.14893617021276606,0.16129032258064524,0.4452718271357017,0.8049045950817999,0.9063904143784323,1.5126403656961145,-0.5957415226283151,-0.040854808296668765,0.02893575282000982,0.009036144578313365,0.018378378378378413,-0.0730337078651686,-0.0748031496062993,0.021845742309407168,-0.0016906170752325478,0.015151515151515138,-0.0092592592592593,-0.061490031479538354
2012-09-30,0.042191753535085086,0.0545284991663606,0.038918486234851724,0.06235846119005828,0.04585994498613699,0.011367245125284864,0.025649693389792283,0.025649693389792283,0.0277777777777779,0.0277777777777779,0.37945754489671346,-0.8930280890104506,-0.385222099839019,-1.8959607984275075,1.3203459671168045,0.014908256880733939,0.019542421353670347,0.006965174129353047,0.04564755838641177,-0.003030303030302939,-0.017021276595744483,0.021815008726003393,0.0035986452159186832,0.02771855010660995,-0.01869158878504673,-0.007379248658318294
2012-12-31,0.05603251812552568,0.03334837578986294,0.12402502816067518,0.18367809167893112,-0.01895279244113579,-0.07607490776940906,-0.07353868037445865,-0.07353868037445865,-0.06306306306306309,-0.08108108108108114,-0.5877289254658566,-0.12265955305013088,0.26650045103738607,-0.9780304668912029,0.01250131870450466,0.020500403551251045,0.021972884525479186,0.0029644268774704496,-0.017258883248730927,-0.024316109422492405,-0.01546072974644419,0.021349274124679685,-0.07108205020037972,0.03319502074688785,-0.02857142857142858,-0.12701058797026354
2013-03-31,0.07806614337670847,0.11026111116067172,0.12244049696726567,0.21533518944476637,0.02216961479868984,0.025596944628444085,-0.09883601185832425,-0.09883601185832425,-0.10576923076923073,-0.08823529411764708,-0.17822593173184198,-0.4358040273076702,-4.337778349342646,87.16536065903155,1.0885746536176337,0.12749130022144906,-0.01784080512351316,-0.049261083743842415,0.02117768595041314,0.14641744548286617,0.08165829145728631,0.022157190635451407,-0.05177111716621252,-0.004016064257028051,-0.044117647058823595,-0.08644715111478118
2013-06-30,0.043858099966995745,-0.045568207214136125,0.07273771528691597,0.09910746948547189,0.003923182379030665,0.1491792864953818,0.49843132094550135,0.49843132094550135,0.5053763440860213,0.4946236559139783,2.0134561515062983,30.889928313589913,-2.051012726507531,-2.470203897456466,-0.766276989739801,0.09525813692480356,0.060083837913367466,0.01761658031088076,0.005058168942842833,0.07336956521739135,0.09523809523809534,0.02208588957055202,-0.03831417624521072,0.0463709677419355,-0.03076923076923077,-0.13163098130049156
2013-09-30,0.03702068048655449,0.036754800214028105,0.047342755216570165,0.03946707546042716,0.02167813960019771,0.0025152360026408083,-0.19694763746955268,-0.19694763746955268,-0.19999999999999984,-0.19424460431654667,0.05619332763045337,-0.9181449613626617,-0.4480398626127269,-1.1923661187616643,0.6306855719875997,0.04521583194568968,-0.005711775043936718,-0.048879837067209775,0.024660291897332653,0.040506329113924044,-0.0275715800636267,0.021608643457383003,-0.014691235059760999,-0.021194605009633993,-0.026455026455026398,-0.002602303038188758
2013-12-31,-0.03318343640399435,-0.01397117350190491,-0.09793897712414479,-0.07847209716933012,0.06554533940003071,-0.045435809795989046,-0.13398294061446014,-0.13398294061446014,-0.1250000000000001,-0.14285714285714302,-0.40809433946982643,1.4798706737043026,0.08396556568830316,-1.9990088638195003,-0.386377660734877,-0.012499999999999956,-0.04153778170570033,-0.04175588865096358,0.07023575638506885,-0.03649635036496357,-0.014721919302071895,0.021151586368977737,0.10209754864796561,-0.04133858267716528,0.0,0.0699889113560761
2014-03-31,0.039331421688510115,0.023928031284550677,0.05776566580948539,0.07530338883157128,0.015732109830956187,0.030444018862920252,0.04663481029062844,0.04663481029062844,0.04081632653061229,0.0625,-0.727342802149184,0.37633124941095164,-1.1099071499269453,-0.24646507013397645,-0.4744759844179326,0.03313477289650035,-0.0073766712770863,-0.0022346368715082665,0.016521340064249657,-0.03535353535353536,0.047039291643608205,0.021864211737629535,-0.02270121531758762,-0.012320328542094527,0.010869565217391353,-0.0477932211655695
2014-06-30,0.03372104589436686,0.031035657244992132,0.03125877101351615,0.024575646748304925,0.03686560082686552,0.07820636007036885,0.2555370704325519,0.2555370704325519,0.2647058823529411,0.2549019607843137,4.140985964970977,-0.7513581374115499,-10.289463527595522,-1.528692692221235,0.4773368640791711,0.03591591591591592,-0.059451927542963245,-0.044792833146696576,0.04018058690744919,0.01832460732984309,0.015327695560253707,0.02177177177177181,0.0030502111684653777,-0.04158004158004147,-0.005376344086021501,0.006338028169014187
2014-09-30,0.010896016117218243,0.013245866879908696,0.025297758574678975,0.03676457588482451,-0.008503984781000118,0.019834780946717867,-0.03646947559008129,-0.03646947559008129,-0.03100775193798455,-0.03125,-0.27691386586750744,1.9897181676305884,-0.516958189649203,-1.3507926545322022,-0.11334332048958873,-0.0006957328385898132,-0.001481481481481639,0.011723329425556761,-0.00694444444444442,-0.03856041131105392,0.024466423737636633,0.020940484937545856,-0.01918128654970752,0.00433839479392617,0.00540540540540535,-0.022711368407659527
2014-12-31,-0.01141515205317245,0.001279770371811928,0.020806656474891216,-0.014210698001145272,-0.05602436252117782,-0.041008211677687534,-0.13099687165382434,-0.13099687165382434,-0.1359999999999999,-0.13709677419354838,-0.09629602962816297,-0.7110955875579574,0.5052132610835556,-1.1265727807918735,0.016180083667190592,0.12555117196565324,0.02522255192878342,0.004634994206257126,-0.055069930069929995,0.1336898395721926,0.09552845528455278,0.020510975170924706,-0.04531361793465305,0.002159827213822796,0.005376344086021501,0.01575315714099723
2015-03-31,-0.0009559510652008552,0.0075411375005030035,0.022991872106989275,0.04889519449013213,-0.03674670912333755,-0.0226040653465025,-0.02747660954704967,-0.02747660954704967,-0.02777777777777779,-0.01869158878504673,-0.38994731652906556,0.23703998937159554,-0.730471552561571,12.116735066119471,0.20885064982211565,0.030000000000000027,0.021225277375783724,-0.0034602076124566894,-0.03376503237742834,0.08962264150943389,0.005102040816326703,0.02186177715091686,-0.03572320759430425,-0.0021551724137930384,0.0,-0.03947705716482963
2015-06-30,0.02127584936555893,0.022862090770066068,0.021956633163031425,0.02879771322839164,0.02008749856129266,0.05469679080933321,0.21342152661325375,0.21342152661325375,0.21904761904761894,0.21904761904761894,1.7066409821078752,0.5260761233782971,3.7874490589149845,0.9935685729184773,0.3444247575002253,-0.07967170453408057,0.017949929145016474,-0.008101851851851971,0.02441359502154139,-0.04761904761904756,-0.08537148131056771,0.02104899930986881,-0.0012953367875647714,-0.006479481641468721,-0.005347593582887722,-0.005737923672271106
2015-09-30,-0.025019512973765368,-0.024297304425073607,-0.02443344348296428,-0.02677459172587182,-0.026212653927551344,-0.004720077981910986,-0.03765617562303902,-0.03765617562303902,-0.03125,-0.03125,0.3325824195708029,-0.158259205044477,0.9607492914501654,-1.4280408056500131,-0.1096586847748392,-0.07678085916258837,0.022737819025522077,0.001166861143524045,-0.02102803738317749,-0.09772727272727277,-0.07669021190716441,0.020953024670496756,-0.001037613488975353,0.0,0.0,0.002549993289491459
2015-12-31,-0.00711399358878706,-0.012121671235010623,-0.00925557182442971,0.04691360517397669,-0.0038682582485802808,-0.06119941802263351,-0.1422378946472641,-0.1422378946472641,-0.12903225806451601,-0.14516129032258063,-0.4039408978476008,0.4416928633536219,-0.5937031822870006,-1.5026073494663081,0.06190351942356509,0.01943691836494299,0.006352087114337435,-0.0034965034965034336,0.004773269689737569,0.04030226700251882,0.0191256830601092,0.020191989407480904,0.0031160737470785627,0.004347826086956497,-0.005376344086021501,-0.05642570281124504
2016-03-31,0.03754015920152942,0.0386930284433864,0.0443856609800084,0.0688393347906211,0.0270653699730532,0.009907409167823289,-0.020139763010547318,-0.020139763010547318,-0.01851851851851849,-0.009433962264150941,-0.4872734313896714,-0.010716895347893107,-0.6018072437987944,-1.526546161951852,-0.03069493599708928,0.01744857869193428,-0.008566275924256073,-0.010526315789473828,0.026128266033254244,0.012106537530266248,0.019839142091152784,0.02141466580142759,-0.010095780481490957,-0.0043290043290042934,-0.005405405405405461,-0.028162020288004408
2016-06-30,0.02172432559531501,0.016615172813463808,0.034006393543845936,0.046117619350387384,0.0018222438136850094,0.04877836906279187,0.2110045878816642,0.2110045878816642,0.2075471698113207,0.21904761904761894,1.9282609500536858,2.1637376165074156,0.503808031767206,-5.386083743842365,0.13889389913959094,0.09903463940942636,-0.005002273760800424,-0.011820330969267157,0.00648148148148131,0.07177033492822993,0.09884332281808628,0.02064803049555275,-0.01935146443514646,-0.0021739130434781373,-0.010869565217391353,-0.028248175182481905
2016-09-30,0.013349727227210062,0.007217690945769739,0.005608966024502671,-0.0010528418104612802,0.026128151582999637,0.010797156043714784,-0.03157773725106994,-0.03157773725106994,-0.03125,-0.03125,-0.4667806305269733,-0.6403607916961582,0.2663152791673973,-1.2965744770461884,-0.03616876474037678,0.043401880748165755,-0.01645338208409508,-0.020334928229664984,0.027598896044158217,0.03571428571428559,0.043540669856459324,0.020541549953314586,0.012533333333333285,-0.004357298474945703,-0.016483516483516536,0.008337715015398484
2016-12-31,0.012575531135263107,0.006761296725622534,0.04395319018307453,-0.03575596763944178,-0.03867423271001369,-0.04101688009593729,-0.17701779566817388,-0.17701779566817388,-0.16935483870967738,-0.17741935483870963,-0.02909039172910932,0.4611587960720873,-0.6886810895347322,-3.0949112426035503,0.07861371276817786,-0.074279488957116,-0.016263940520446107,-0.03296703296703285,-0.036705461056401045,-0.09913793103448276,-0.07427785419532318,0.020128087831656094,-0.050566236502501916,-0.01969365426695835,-0.011173184357541888,0.04410011918951118
2017-03-31,0.034700544054902194,0.04129340997651321,0.04997094856303308,0.0790931046263681,0.007904555428640103,0.0332205927675846,0.05009179124049301,0.05009179124049301,0.04854368932038833,0.05882352941176472,-0.502652325547317,-0.07589348678457586,0.07776033490319212,-4.6697548299627165,-0.2674665162488318,0.03156092864020543,0.00425129900803034,-0.016414141414141548,0.014869888475836479,0.07177033492822993,0.040614165428429994,0.020328849028400597,-0.02579750346740628,-0.008928571428571397,-0.011299435028248594,-0.035031392694063856
2017-06-30,0.0267614984728628,0.017331760644307304,0.029710933490066926,0.048327963050181166,0.02148231749691587,0.04980923745935684,0.18613886113886124,0.18613886113886124,0.19444444444444442,0.19444444444444442,1.3911215871145157,0.24592878619068692,0.40167993785201017,-1.3883501123733875,0.14179645565066856,-0.04190002074258459,-0.006114769520225938,-0.024390243902439046,0.025183150183150316,-0.0558035714285714,-0.04807234650166592,0.01963082332258992,-0.005410022779043344,-0.015765765765765716,-0.005714285714285672,-0.02957486136783738
2017-09-30,0.008721711015046152,0.0024108866959426933,-0.0010956010513187842,0.0003124240419047908,0.027404988376350747,-0.0010419059855449886,-0.16597182742719985,-0.16597182742719985,-0.16279069767441856,-0.16279069767441856,-0.1905456248151678,-0.4351469048012788,0.7797637604350687,-0.7250277469478357,0.03414802234856884,-0.039294219528036356,-0.04306672976810222,-0.05789473684210533,0.029030817329164682,-0.06382978723404265,-0.04149999999999987,0.019540229885057547,0.018608645863154916,-0.04805491990846689,-0.011494252873563204,0.0020571428571427575
2017-12-31,0.30735991971548215,0.15772468388096894,0.465935388409048,0.13978857997025407,0.01003985809157748,0.027141736162890506,-0.3172075586018859,-0.3172075586018859,-0.3148148148148149,-0.3240740740740742,0.3836801591288508,12.486288669854591,-11.44909497859089,14.109845754648983,0.49893374967869697,0.03290140845070422,-0.08259149357072204,-0.1494413407821228,0.009114583333333481,0.005050505050504972,0.06990088680229523,0.018883878241262808,-0.22737492973580675,-0.09134615384615374,-0.06395348837209291,0.01573905109489071
2018-03-31,0.027957005186998396,0.03674592257810971,0.027914809920403183,0.051780362712994465,0.02869948349311513,0.09013813869775578,0.6321972953236645,0.6321972953236645,0.6216216216216215,0.6438356164383561,-0.4925775434015681,-0.9435407229450387,-1.051674087705786,-0.8943491990803019,0.035166831269708654,0.059234209665103066,0.004851752021563405,-0.05582922824302139,0.02881720430107526,0.05025125628140703,0.1326182350073135,0.01991701244813271,0.0007275372862860507,-0.013227513227513255,-0.0434782608695653,-0.01429747735608966
2018-06-30,-0.015116078396826715,-0.0076821393656124615,-0.021071724947551163,-0.017469125338342995,0.000539304101132787,0.05140773792521802,0.28540685030808266,0.28540685030808266,0.29166666666666674,0.28333333333333344,1.288898364494424,0.10323122712578847,2.611660809227719,1.6339172837276505,0.08947980354201124,-0.06632337796086507,0.041309012875536455,-0.012173913043478257,0.0004180602006689238,-0.09330143540669844,-0.09255273353422311,0.019528071602929353,0.015994183933115247,0.013404825737265424,-0.025974025974025983,0.009948359659781358
2018-09-30,0.0072093933389048015,0.0036055655385240915,-0.001127807649656587,0.0007592505710731778,0.02821263950851538,-0.020560278635812668,-0.029717321960417986,-0.029717321960417986,-0.032258064516129115,-0.032467532467532534,0.4854408477209291,0.26809087388666586,0.8272544450155443,-0.8640976412506857,0.011161763919119494,0.06364438561658958,0.07418856259659967,0.022887323943661997,0.02841621395737559,0.0633245382585752,0.005218216318785718,0.019154030327214633,0.02075134168157411,0.05555555555555558,-0.026666666666666727,0.0028573576960673197
2018-12-31,0.002047938397355731,0.00333686731797056,0.02412808926800425,0.042313372685490735,-0.044475380318322544,-0.025223791542608565,-0.15224291299431947,-0.15224291299431947,-0.1466666666666666,-0.1476510067114094,-0.5331330999402701,1.5467889534706174,-1.0360953548771197,-7.44752774974773,-0.07117138441402937,0.02115524214456066,0.1040767386091126,0.10154905335628239,-0.03941487200325067,-0.007444168734491385,-0.0632373761208117,0.018794048551292075,-0.04626708727655093,0.08521303258145374,0.013698630136986356,-0.0373397315738172
2019-03-31,0.10939727383971043,0.04101289783504858,0.1396853930534947,0.10924083499456771,0.02912083087109485,0.02889813440746236,-0.1416665327612896,-0.1416665327612896,-0.140625,-0.1417322834645669,-0.7189466303645089,-0.26441881100266196,10.022092759325112,-1.9147038109398231,0.07008907290426847,0.04173860058901191,-0.02302345786272808,-0.04531249999999998,0.02834179357021993,0.08499999999999996,-0.060453400503778454,0.01947220087112478,-0.07239985299522234,-0.02771362586605075,-0.020270270270270285,-0.06153127190591168
2019-06-30,0.040435008489374535,0.0378219898049692,0.04322842969953977,-0.00719688254258688,0.03221605826753593,0.04167911344985131,0.40049921996879867,0.40049921996879867,0.3999999999999999,0.4036697247706422,2.882148064150332,0.5212075766961171,0.6713939552028776,7.7957053640174525,0.5761042235763816,0.025541041138623655,-0.013783903957314325,-0.04091653027823239,0.03208556149732633,-0.0023041474654377225,0.04664879356568363,0.01910027645136969,-0.007923930269413626,-0.009501187648455978,-0.02758620689655178,0.04531496389741885
