Quarter end,Assets,Current Assets,Liabilities,Current Liabilities,Shareholders equity,Revenue,Earnings,Earnings available for common stockholders,EPS basic,EPS diluted,Cash from operating activities,Cash from investing activities,Cash from financing activities,Cash change during period,Cash at end of period,Price,ROE,ROA,Book value of equity per share,P/B ratio,P/E ratio,Equity to assets ratio,Net margin,Asset turnover,Current ratio
1998-03-31,-0.21247595134835495,-0.4454745547922364,-0.2408648648648649,-0.43284601721546656,0.05759341789509764,0.085387323943662,-1.9807692307692308,-1.9807692307692308,-1.9714285714285715,-2.0,-0.7843894899536321,-0.3278688524590164,-1.5937726285300506,-1.9630450849963044,-0.899737605303135,-0.18696581196581186,0.37856212932156796,-2.1262729124236253,0.07031250000000022,-0.24180327868852458,0.021874999999999867,0.34279705573080976,0.017334777898158293,0.0,-0.02235673142633987
1998-06-30,-0.21247595134835495,-0.4454745547922364,-0.2408648648648649,-0.43284601721546656,0.05759341789509764,0.085387323943662,-1.9807692307692308,-1.9807692307692308,-1.9714285714285715,-2.0,-0.7843894899536321,-0.3278688524590164,-1.5937726285300506,-1.9630450849963044,-0.899737605303135,-0.18696581196581186,0.37856212932156796,-2.1262729124236253,0.07031250000000022,-0.24180327868852458,0.021874999999999867,0.34279705573080976,0.017334777898158293,0.0,-0.02235673142633987
1998-09-30,0.02335307026624167,0.057132547510223786,0.018845533086490063,0.04950614309804857,0.05413290113452196,0.028115706947823726,0.031372549019607954,0.031372549019607954,0.02941176470588225,0.03125,-1.4587813620071683,0.19024390243902434,-1.0189895470383274,-1.0227168073676132,0.20385674931129483,-0.18696581196581186,0.37856212932156796,-2.1262729124236253,0.0754257907542577,-0.24180327868852458,0.021874999999999867,0.030540328895849456,0.017334777898158293,0.0,0.007289794287996587
1998-12-31,0.043010317620878036,-0.28820116054158607,0.16022923170106695,-0.21014575921037526,-0.7306273062730627,-0.020773073889034932,-8.961977186311788,-8.961977186311788,-9.17142857142857,-9.666666666666666,7.44921875,0.34426229508196715,-19.990825688073393,-2.493243243243243,-0.2528604118993135,-0.11103810775295675,0.37856212932156796,-2.1262729124236253,-0.7239819004524887,-0.17297297297297298,0.021874999999999867,-0.7416413373860182,0.017334777898158293,0.0,-0.09884009120650328
1999-03-31,-0.034021258437427315,-0.05978260869565222,-0.03011806280620033,0.07018308631211867,-0.14497716894977164,-0.07250268528464021,-1.0955109837631327,-1.0955109837631327,-1.097902097902098,-1.0944055944055944,-1.0624133148404993,-1.0884146341463414,-0.9859903381642512,-0.30316742081447967,-0.23583460949464008,0.053215077605321515,0.37856212932156796,-2.1262729124236253,-0.11475409836065564,2.8169934640522873,0.021874999999999867,-0.11470588235294132,0.017334777898158293,0.0,-0.12145214521452152
1999-06-30,-0.01827235853981768,-0.07174430465827952,-0.02467704537926463,-0.056347589952477906,0.18825100133511352,0.0799073537927042,0.2849999999999999,0.2849999999999999,0.3214285714285714,0.29629629629629606,-0.5703703703703704,-7.551724137931035,-12.172413793103448,-1.4415584415584415,0.13627254509018027,0.09684210526315784,0.37856212932156796,-2.1262729124236253,0.15740740740740744,0.23886986301369872,0.021874999999999867,0.2093023255813955,0.017334777898158293,0.0,-0.01627848735286752
1999-09-30,-0.013580953939294815,0.0849816849816849,-0.03625403294277463,-0.0057553956834532904,0.5865168539325842,-0.00214477211796249,0.6342412451361867,0.6342412451361867,0.5945945945945945,0.6000000000000003,-7.982758620689655,-6.821052631578947,-4.783950617283951,3.264705882352941,0.5114638447971782,0.17594369801663445,0.0,-2.1262729124236253,0.5760000000000001,0.015894955079474693,0.021874999999999867,0.6098901098901097,0.017334777898158293,0.0,0.09126782077393081
1999-12-31,0.026416189765281484,0.31634031060094525,0.04131794555545776,0.11345875542691752,-0.21317280453257792,0.024449220849005915,0.14761904761904754,0.14761904761904754,0.1694915254237288,0.3035714285714284,1.8666666666666667,-1.1383363471971066,-1.1272430668841762,2.93448275862069,1.3313885647607933,-0.17410228509249182,0.0,-2.1262729124236253,-0.1624365482233503,-0.4755102040816326,0.021874999999999867,-0.23378839590443679,0.017334777898158293,0.016949152542372836,0.1821999300128312
2000-03-31,0.004525069694153672,0.024749935880995055,0.01192893401015227,-0.999999070704445,-0.15301530153015297,-0.043010752688172005,-0.4979253112033195,-0.4979253112033195,-0.49275362318840576,-0.5205479452054795,-1.2360034453057709,2.189542483660131,6.07051282051282,-0.7361963190184049,0.15065065065065064,-0.19499341238471668,0.0,0.032549728752260254,-0.1575757575757576,-0.03891050583657585,0.021874999999999867,-0.15812917594654796,0.017334777898158293,0.016666666666666607,1101809.8524913667
2000-06-30,-0.016007722318304274,-0.07408334376173198,-0.022447955856533697,1027691.3076923077,0.14771519659936239,0.05398739380652229,0.4297520661157024,0.4297520661157024,0.4571428571428573,0.4285714285714286,-2.0,-0.2704918032786885,-1.483227561196736,-3.089700996677741,-0.27359721618094823,0.06464811783960722,0.0,0.06304728546409799,0.15827338129496415,0.26315789473684204,0.021874999999999867,0.16666666666666674,0.055378061767838105,0.0,-0.9999990983135527
2000-09-30,-0.017003883098303696,-0.05122313826192726,-0.020183878554628998,-0.02667392487751774,0.051851851851851816,0.026261050442017764,-0.014450867052023142,-0.014450867052023142,0.0,0.020000000000000018,-3.7226277372262775,-0.4915730337078652,-2.465290806754221,-0.6613672496025438,-0.12754491017964076,-0.2621060722521138,0.0,-0.052718286655683566,0.08074534161490665,-0.3632478632478632,-0.3134556574923547,0.07029478458049887,-0.06659939455095853,0.016393442622950838,-0.025225941007051222
2000-12-31,0.07484718699322213,0.10242165242165235,0.15925457164055334,0.5281040268456376,-1.6276408450704225,0.14821383329110716,-6.354838709677419,-6.354838709677419,-6.470588235294118,-6.470588235294118,-0.3766756032171582,0.06629834254143652,0.408450704225352,-3.1690140845070425,0.31708991077556625,-0.5604166666666667,0.0,-1.6295652173913044,-1.6264367816091956,-0.5922818791946308,-0.5501113585746102,0.0,0.0,0.032258064516129004,-0.2785532348446257
2001-03-31,-0.02932415180471193,-0.13154154283499164,-0.02740757473081845,-0.019123433067984252,0.04207573632538564,-0.12687555163283315,-1.0799561883899234,-1.0799561883899234,-1.0788530465949822,-1.0788530465949822,2.195698924731183,2.4404145077720205,0.3063636363636364,-2.6471861471861473,-0.3965607087024492,-0.2890995260663507,0.0,0.10220994475138112,0.04587155963302725,0.0,0.0,0.0,0.0,0.015625,-0.1145318457844936
2001-06-30,0.05093459806305045,0.12914744829638436,0.04246342029883099,-0.8145522388059702,-0.24360699865410496,0.13798332069749808,0.5753424657534247,0.5753424657534247,0.5909090909090908,0.5909090909090908,-0.8997308209959624,-0.7786144578313253,-0.5963813500347948,-1.352168199737188,0.2314335060449051,-0.39,0.0,0.09774436090225569,-0.24561403508771928,0.0,0.0,0.0,0.0,0.030769230769230882,5.08835725677831
2001-09-30,0.028973415753346776,0.08327842930557394,0.016486576807396736,0.3380281690140845,-0.5693950177935942,-0.004885631801021528,-0.13913043478260867,-0.13913043478260867,-0.1428571428571428,-0.1428571428571428,-6.845637583892618,1.2312925170068025,-1.4206896551724137,0.23880597014925375,0.23281907433380078,-0.08743169398907114,0.0,0.09589041095890427,-0.5697674418604651,0.0,0.0,0.0,0.0,0.0,-0.19039136585110294
2001-12-31,0.0013636531161316245,-0.09001338036735196,0.044273972602739686,-0.06353383458646622,4.855371900826446,-0.04240124972104442,0.07070707070707072,0.07070707070707072,0.10000000000000009,0.10000000000000009,-0.04936854190585538,-0.4085365853658537,1.2172131147540983,-0.8343373493975903,0.03128555176336745,-0.07784431137724546,0.0,-1.61875,4.837837837837839,0.0,0.0,0.0,-0.507027027027027,-0.02985074626865669,-0.02827929851808697
2002-03-31,-0.005447184394552829,-0.02860580136345403,-0.006891244271871821,-0.09072661581694097,-0.03458009880028223,-0.03635516196690747,-0.41509433962264153,-0.41509433962264153,-0.4242424242424243,-0.4242424242424243,-0.8538647342995169,1.268041237113402,-0.9537892791127541,-7.363636363636363,-0.193050193050193,0.31168831168831157,0.0,-0.043771043771043794,-0.03240740740740755,0.0,-0.16831683168316836,0.0,-0.037280701754385914,0.0,0.06832711774107625
2002-06-30,0.035230552882836275,0.09825237374432372,0.011976047904191711,0.1130242825607064,-0.4473684210526315,0.14050785973397817,0.7096774193548387,0.7096774193548387,0.6842105263157894,0.6842105263157894,3.8677685950413228,-0.6386363636363637,-0.6,-2.508571428571429,0.3609022556390977,0.4554455445544554,0.0,-0.03873239436619724,-0.44976076555023925,0.0,0.49404761904761907,0.0,-0.036446469248291646,-0.015384615384615441,-0.0132776461787808
2002-09-30,0.012046900693501117,0.05663450695401573,0.010198398886181792,0.08052360174533923,-0.05820105820105825,0.015055131467345273,-0.339622641509434,-0.339622641509434,-0.34375,-0.34375,0.26315789473684204,0.09433962264150941,0.3999999999999999,-0.005681818181818232,0.2636865896534404,-0.23469387755102045,0.0,-0.08791208791208804,-0.05217391304347807,0.0,-0.21513944223107562,0.0,-0.09219858156028371,0.015625,-0.02211131467559535
2002-12-31,-0.05065169015576987,-0.015297047314123069,0.0025841573924130223,-0.10682819383259912,2.11938202247191,-0.05285147273866719,-2.821428571428571,-2.821428571428571,-2.8095238095238093,-2.8095238095238093,-0.32795698924731187,0.9195402298850575,2.0714285714285716,-0.5942857142857143,0.12480127186009549,-0.2222222222222222,0.0,-0.678714859437751,2.110091743119266,0.0,-0.15228426395939088,0.0,-0.6822916666666666,0.01538461538461533,0.10249370114348477
2003-03-31,0.008929568032146395,0.0026493256262043463,0.005773592686782569,0.010686395396629633,-0.03241782980639352,-0.01896779885310984,-0.9098039215686274,-0.9098039215686274,-0.8947368421052632,-0.8947368421052632,-0.812,-0.44311377245508987,-0.2558139534883721,-1.375586854460094,-0.028268551236749095,0.25142857142857133,0.0,-0.6625,-0.03244837758112107,0.0,2.856287425149701,0.0,-0.6721311475409837,0.015151515151515138,-0.00796929477601016
2003-06-30,0.04388391046207185,0.11542157098246464,0.024806943210551546,0.1960146400976006,-0.2159143787808283,0.13174460431654667,-3.8260869565217392,-3.8260869565217392,-3.5,-3.5,1.8297872340425534,0.6989247311827957,-11.46875,-6.2875,0.15599999999999992,0.3835616438356164,0.0,-1.9629629629629628,-0.2164634146341463,0.0,3.2779503105590058,0.0,0.0,0.014925373134328401,-0.06736761274698011
2003-09-30,-0.0031794255837778174,0.006245289113814945,-0.0011336356361696387,-0.10268616116967022,0.03323442136498511,0.034962256654747614,-2.523076923076923,-2.523076923076923,-2.5,-2.5,0.048872180451127845,-0.4683544303797469,-1.8865671641791044,-1.425531914893617,-0.056621579112928644,0.3333333333333335,0.0,3.346153846153846,0.035019455252918386,0.0,0.0,0.0,0.0,0.02941176470588225,0.12138197479257729
2003-12-31,0.01860580501116349,-0.005992509363295873,0.014086387609319795,-0.035998484274346376,-0.05916140149339455,-0.018618042226487552,4.0,4.0,4.0,4.0,0.6810035842293907,1.505952380952381,-0.8215488215488216,-1.5166666666666666,0.031010336778926284,-0.23514851485148514,0.0,0.7345132743362832,-0.06015037593984962,0.0,0.0,0.0,0.0,0.0,0.031120273361384898
2004-03-31,0.006019066174935528,0.035741199267951274,0.0020737327188939947,0.010613207547169878,-0.06715506715506714,0.01408175239585363,-1.3191919191919192,-1.3191919191919192,-1.32,-1.32,-0.55863539445629,-0.8028503562945368,-2.339622641509434,0.7311827956989247,0.05206985769728334,0.012944983818770295,0.0,-0.33673469387755106,-0.06799999999999995,0.0,0.0,0.0,0.0,0.028571428571428692,0.02486785528441926
2004-06-30,0.03302784022133842,0.09021931192183774,0.03672437013434937,0.16102683780630112,0.10667539267015713,0.10395371263259401,0.3481012658227849,0.3481012658227849,0.3333333333333335,0.3333333333333335,2.1449275362318843,0.6626506024096386,-1.6056338028169015,1.8819875776397517,0.14263756532431593,0.43769968051118213,0.0,-0.4076923076923077,0.10300429184549342,0.0,0.0,0.0,0.0,0.01388888888888884,-0.06098180166216838
2004-09-30,0.03331101439571471,0.08694823148059871,0.015240328253223856,0.22680067001675042,-0.3039621525724423,0.013102725366876289,1.2535211267605635,1.2535211267605635,1.28125,1.25,0.2534562211981566,4.108695652173913,-0.813953488372093,-0.7112068965517242,0.03605057842345971,0.6422222222222222,0.0,-2.5584415584415585,-0.3073929961089493,0.0,0.0,0.0,3.0749999999999993,0.013698630136986356,-0.11400438259483758
2004-12-31,0.14657378908148377,0.07753705815279366,0.2985144497846577,0.058438012015292085,4.282922684791844,0.01586480427659942,-11.154166666666667,-11.154166666666667,-11.068493150684931,-11.208333333333334,0.7843137254901962,-0.5319148936170213,2.375,8.350746268656716,0.32537003375746565,0.6427604871447905,0.0,-11.725,4.241573033707865,0.0,-0.16842105263157892,0.0,0.0,-0.027027027027027084,0.018051585134744474
2005-03-31,-0.02127779818587694,-0.017663817663817638,-0.01643954142331816,-0.1470588235294118,0.011096815696365336,0.023934815820743527,-1.0063602790315962,-1.0063602790315962,-1.0068027210884354,-1.0068027210884354,-1.2177197802197801,-1.0696969696969698,-0.962962962962963,-1.2841181165203512,-0.06974921630094044,-0.0823723228995058,0.0,-0.013209013209013243,0.007502679528403,0.0,0.0,0.0,0.0,0.0,0.15169585108061212
2005-06-30,-0.011635292758979121,-0.020301624129930418,-0.015565818732741987,0.12341197822141559,-0.03721965961507878,0.12151856763925739,9.548387096774194,9.548387096774194,8.799999999999999,8.799999999999999,0.5362776025236593,-8.26086956521739,-3.0,0.9887640449438202,-0.1491154170176917,-0.16068222621184924,0.0,-0.05905511811023623,-0.037234042553191404,0.0,0.0,0.0,0.0,0.0,-0.12790729529079814
2005-09-30,0.012210440218502594,0.05176351179903582,0.0026311870128581383,0.06569736133548743,-0.05154468858417316,-0.034146341463414664,-0.01834862385321101,-0.01834862385321101,-0.020408163265306145,-0.020408163265306145,-2.7700205338809036,0.011976047904191711,-44.5,-1.8403954802259888,0.1472772277227723,0.018181818181818077,0.0,0.01087866108786617,-0.051933701657458586,0.0,0.0,0.0,0.0,0.01388888888888884,-0.013099202110950392
2005-12-31,0.0150356411070387,0.008122235625251273,0.018147157853040108,-0.0472460838807478,0.10033095279568016,-0.026017753290480616,-1.0186915887850467,-1.0186915887850467,-1.0208333333333333,-1.0208333333333333,-0.4385150812064965,0.9822485207100591,-0.8275862068965517,-0.8117647058823529,0.024163969795037765,-0.09558823529411764,0.0,-1.160596026490066,0.09790209790209792,0.0,0.0,0.0,0.6073619631901843,0.013698630136986356,0.0581213992424483
2006-03-31,-0.0031843511884454,-0.01595405232929159,-0.0033069908814589155,-0.06390877751259616,0.008864967547886682,0.03488372093023262,-1.1666666666666667,-1.1666666666666667,-1.0,-1.0,-1.8305785123966942,-0.37014925373134333,-1.8666666666666667,-6.294642857142857,-0.12492100273857176,0.3356562137049943,0.0,-0.046391752577319645,-0.0031847133757960666,0.0,-0.5028371890004364,0.0,-0.06488549618320616,0.013513513513513598,0.05122883012965129
2006-06-30,0.030148317170564765,0.05852788586251623,0.020298128766254253,0.06628895184135986,-0.017574140906951197,0.10704524749468569,-53.0,-53.0,-inf,-inf,-2.2761194029850746,1.071090047393365,9.76923076923077,-1.4688026981450253,0.06692344727973043,0.2252173913043478,0.0,-0.5945945945945945,-0.023429179978700865,0.0,0.28884986830553117,0.0,-0.5959183673469388,0.01333333333333342,-0.007268356893492922
2006-09-30,0.008029459811169204,0.005667024046561497,0.0006456086655028948,0.09245483528161524,-0.02938827663312571,0.016870113838979517,-4.538461538461538,-4.538461538461538,-4.375,-4.375,-0.253411306042885,-0.30892448512585813,-1.0642857142857143,-0.6223021582733813,0.023691335740072095,-0.24130589070262598,0.0,-0.52,-0.0294438386041439,0.0,0.86716621253406,0.0,-0.5353535353535355,0.013157894736842035,-0.07944194627003343
2006-12-31,-0.0009064190952289275,0.04233932378921712,0.0005735041101126992,0.09095330739299601,0.011683396412703662,-0.05934718100890213,-0.7282608695652174,-0.7282608695652174,-0.7037037037037037,-0.7037037037037037,1.6971279373368144,0.13907284768211925,-9.333333333333334,6.866666666666666,0.182058629050033,0.5219831618334894,0.0,0.41666666666666674,-0.0022471910112359383,0.0,2.297701568770522,0.0,0.4130434782608696,0.025974025974025983,-0.04455786573146292
2007-03-31,-0.0026667399791059365,-0.01490356516656921,-0.008908100878868952,-0.02630405706642891,-0.060182173064411204,0.026096931459707484,-0.040000000000000036,-0.040000000000000036,-0.12499999999999989,-0.12499999999999989,-1.4743465634075508,-0.32558139534883723,0.6533333333333333,-1.6900726392251815,-0.10628379638262164,0.4333128457283344,0.0,0.23529411764705865,-0.07207207207207211,0.0,-0.04447394623299028,0.0,0.23076923076923084,0.0,0.011699931176875289
2007-06-30,0.021694186399095816,0.046722040937407394,0.0014217210053253382,0.12042124542124544,-0.11889927310488058,0.135830072666294,3.270833333333333,3.270833333333333,3.1428571428571423,3.1428571428571423,-2.1061224489795918,1.4655172413793105,0.2338709677419355,-1.263157894736842,0.031295639474233194,0.16595197255574612,0.0,1.1111111111111112,-0.11893203883495151,0.0,-0.07409980317239784,0.0,1.0500000000000003,0.025316455696202445,-0.06579203109815346
2007-09-30,0.02374271530325922,0.04222757545699296,0.010683863516049774,0.06313853698406202,-0.07974857591828721,-0.03654035433070868,-0.18536585365853664,-0.18536585365853664,-0.1724137931034483,-0.2068965517241378,0.11808118081180807,-0.6486013986013985,-1.581699346405229,1.7133333333333334,0.08233866073234886,-0.1552041191614565,0.0,-0.045112781954887216,-0.08402203856749302,0.0,-0.5954733024884331,0.0,-0.0487804878048782,0.012345679012345512,-0.01966087589722254
2007-12-31,0.01966055239300024,0.07307953772943576,0.013189848102471258,0.0015375744762637922,-0.023692636072571993,0.02630570808325894,1.2934131736526946,1.2934131736526946,1.291666666666667,1.2608695652173911,-0.6303630363036303,4.293532338308458,-4.02247191011236,-2.3390663390663393,-0.10186915887850467,0.16760992599042246,0.0,0.68503937007874,-0.03909774436090241,0.0,0.237403400309119,0.0,0.653846153846154,0.012195121951219523,0.07144878324844361
2008-03-31,0.015068493150685036,0.00608172315489397,0.006673559545069985,-0.04567261562080216,-0.06318320944468736,-0.05536891875077765,-0.6449086161879896,-0.6449086161879896,-0.6545454545454545,-0.6346153846153846,-3.1294642857142856,-1.0629699248120301,-0.7509293680297398,-0.6385321100917432,-0.04099895941727372,-0.22445935868754663,0.0,0.08878504672897214,-0.07042253521126751,0.0,-0.5318511116662503,0.0,0.09302325581395343,0.0,0.054205730886042636
2008-06-30,-0.01744200850457056,0.009445249039732984,-0.02079831932773113,0.34647094309270066,-0.0693115519253209,0.1854583772391991,0.838235294117647,0.838235294117647,0.8421052631578947,0.7894736842105263,0.07966457023060802,-2.626865671641791,-0.8955223880597015,2.3197969543147208,-0.14192708333333337,0.2317307692307693,0.0,0.03862660944205998,-0.0690235690235691,0.0,0.11152614727854848,0.0,0.02127659574468077,0.012048192771084265,-0.250297488570176
2008-09-30,-0.027106872602881693,-0.07229742374150083,-0.04579370187608767,-0.22774790919952215,-0.2018555667001003,-0.011777777777777776,0.1319999999999999,0.1319999999999999,0.11428571428571432,0.1470588235294117,0.6077669902912621,0.8073394495412844,59.142857142857146,0.07339449541284404,-0.17754172989377848,-0.20960187353629978,0.0,0.12809917355371914,-0.20253164556962022,0.0,-0.24051848295727307,0.0,0.09027777777777768,0.03571428571428581,0.20128649596925796
2008-12-31,0.03231047893026484,0.007396449704142105,0.0748476066753272,0.03094179075614001,0.5708451146716933,-0.1360467731054643,0.9293286219081272,0.9293286219081272,0.9743589743589742,0.9743589743589742,-3.217391304347826,-0.6345177664974619,-1.843230403800475,-2.9216524216524213,0.41482164821648215,-0.5718518518518518,0.0,0.15384615384615374,0.5714285714285714,0.0,-0.6194690265486726,0.0,0.16560509554140146,-0.011494252873563204,-0.022809457579972325
2009-03-31,-0.03839504580054187,-0.07408890668802559,-0.046671625139456996,-0.07146876758581877,-0.2502,-0.11231129619989588,-1.7124542124542126,-1.7124542124542126,-1.7012987012987013,-1.7012987012987013,-0.7020697167755992,-9.305555555555555,-0.6366197183098592,-0.30615270570793185,0.20343403607911315,-0.356401384083045,0.0,-0.42539682539682533,-0.24963924963924955,0.0,-0.4518272425249169,0.0,-0.4180327868852459,-0.011627906976744207,-0.002846569883290684
2009-06-30,0.023720718061555734,0.051254325259515676,0.01589623561536957,-0.02808080808080804,-0.061883168845025316,0.042369154082979144,-1.4961439588688945,-1.4961439588688945,-1.5,-1.4814814814814814,0.16819012797074961,-1.254180602006689,-0.48062015503875966,-0.42307692307692313,0.0975257359581001,0.8835125448028673,0.0,-0.07734806629834268,-0.06346153846153846,0.0,2.3181818181818183,0.0,-0.028169014084507005,-0.05882352941176461,0.08164430488153007
2009-09-30,0.03189955702340708,0.09120208461907708,0.01975136795622534,0.03138640615256705,0.08188797270400916,0.059915611814346015,1.300518134715026,1.300518134715026,1.259259259259259,1.3461538461538458,0.9859154929577465,-2.375,-0.9552238805970149,1.9203703703703705,0.2595030442652624,0.60418648905804,0.0,0.23952095808383245,0.08213552361396292,0.0,0.7497716894977171,0.0,0.31400966183574863,-0.050000000000000044,0.057996832937450504
2009-12-31,0.007976021133915934,0.023502796455727948,0.0022593019698289307,-0.0030229746070132846,-0.21366622864651774,-0.09992038216560506,0.04504504504504503,0.04504504504504503,0.06557377049180335,0.06557377049180335,0.4806934594168637,-2.885167464114833,70.33333333333333,-0.1908687381103361,0.1667102168800627,0.39205219454329776,0.0,-0.11111111111111116,-0.21252371916508528,0.0,0.1137787056367432,0.0,-0.07352941176470584,-0.03947368421052633,0.0265980667290302
2010-03-31,-0.002595635300640109,-0.000552587953582595,-0.015591612463897397,-0.08975136446331111,-0.18516042780748665,-0.09346896653398207,0.21336206896551735,0.21336206896551735,0.19999999999999996,0.1692307692307693,-1.0298030867482704,1.4086294416243654,-0.8271028037383178,-1.8628526645768027,-0.12329227323628222,0.14401363442692805,0.0,1.3097826086956523,-0.19277108433734946,0.0,0.28397375820056237,0.0,1.3928571428571428,-0.04109589041095896,0.09798621024815479
2010-06-30,0.024103691351474277,0.05141909325469962,0.02158719557283595,0.007772596047079805,-0.020508613617719496,0.11400227679297448,-0.0941385435168739,-0.0941385435168739,-0.10256410256410264,-0.0921052631578948,-16.875,-0.7017913593256059,-2.72972972972973,-1.5331516802906449,0.07497764720909439,-0.05512104283054009,0.0,0.17176470588235282,-0.020895522388059806,0.0,-0.5937956204379562,0.0,0.20232172470978438,-0.014285714285714346,0.043320700434313464
2010-09-30,0.038561172378062336,0.07227578147823555,0.023792845801811957,0.10511238431026881,-0.2303182579564489,-0.004233576642335812,0.07647058823529407,0.07647058823529407,0.0714285714285714,0.07246376811594213,-0.06861642294713166,-0.06713780918727918,-0.046875,0.323679727427598,0.09232414448669202,-0.05163579030350818,0.0,0.034136546184738936,-0.23170731707317072,0.0,-0.2021563342318059,0.0,0.0813793103448277,-0.04347826086956508,-0.02972292191435766
2010-12-31,0.014751995438996524,0.03759808195292069,-0.010080507218281798,0.06261216350947163,-0.588139281828074,0.01598006157454912,-0.18214936247723135,-0.18214936247723135,-0.17333333333333334,-0.2702702702702702,0.9516908212560387,2.609848484848485,4.360655737704918,0.24066924066924056,0.10486239530077235,0.32502078137988355,0.0,-0.025242718446601864,-0.5873015873015872,0.0,0.26463963963963955,0.0,-0.012755102040816313,-0.015151515151515138,-0.023528447286440435
2011-03-31,-0.01961748250111195,-0.04500577670412775,-0.036124870406635146,0.07787577406642887,-0.9669749009247027,0.003896103896103842,0.20712694877505577,0.20712694877505577,0.19354838709677424,0.33333333333333326,-2.1163366336633667,-0.7471143756558237,-0.9908256880733946,-3.0363070539419086,-0.19326572806931186,0.16593475533249702,0.0,-0.0239043824701195,-0.9711538461538461,0.0,0.21282279608192334,0.0,-0.03875968992248069,0.01538461538461533,-0.1140122575770296
2011-06-30,0.030301583132357424,0.07088259554577947,0.0050911872266174996,0.04857242339832868,-42.2,0.18786833405203396,0.39852398523985233,0.39852398523985233,0.3918918918918919,0.38888888888888884,-1.5992239467849223,0.7468879668049793,22.0,-1.3835965359144167,0.09189650964120077,0.12994350282485878,0.0,0.10408163265306114,-47.666666666666664,0.0,0.14610866372980902,-0.4936440677966102,0.0658602150537635,0.030303030303030276,0.021289364793581456
2011-09-30,0.04324650041716871,0.05977200369723734,0.05248513674197386,0.11671924290220814,-0.32815533980582523,0.04574056147144234,0.0712401055408971,0.07255936675461738,0.06796116504854366,0.07000000000000006,0.1748381128584644,1.5558194774346794,1.5797101449275361,-0.6135458167330677,0.032524868671062857,0.008809523809523823,0.0,0.09611829944547123,-0.3285714285714285,11.45267489711934,-0.0954516335682255,-0.35564853556485354,0.049180327868852514,0.04411764705882337,-0.051000525778616246
2011-12-31,-0.0010441196072332737,0.04133152437251675,-0.021804460311363183,-0.05501040737436813,1.3034682080924855,-0.0446655866697524,-0.29064039408866993,-0.29151291512915134,-0.28181818181818186,-0.2710280373831776,0.2779527559055117,-0.5845724907063197,-0.1741573033707865,3.2783505154639174,0.13476943061268676,-0.09936275666745342,0.0,0.03541315345699836,1.3085106382978724,0.3417052214144085,-0.18838526912181297,1.2987012987012987,0.006009615384615419,0.028169014084507005,0.10194238039369052
2012-03-31,-0.008161540685391544,-0.0073984458610580894,-0.02970525732236906,-0.028791692888609166,0.5734002509410288,-0.08624031007751942,0.06423611111111116,0.05729166666666674,0.03797468354430378,0.025641025641025772,-1.195317313616759,-0.37360178970917224,-0.006802721088435382,-1.3220883534136547,-0.0382524086616427,0.3663522012578617,0.0,0.01140065146579805,0.5483870967741935,-0.40812807881773394,0.2748691099476439,0.5875706214689265,0.007168458781362075,0.013698630136986356,0.022033597539335092
2012-06-30,0.02134529147982067,0.047581098818676226,0.015712041136980437,0.0011339705167665581,0.11403508771929816,0.09583775185577936,0.13703099510603578,0.13793103448275867,0.13414634146341475,0.125,-5.630914826498422,0.3321428571428571,-0.589041095890411,-3.57356608478803,0.10236064272961709,0.04027617951668594,0.0,-0.03542673107890504,0.11011904761904767,-0.3283395755305868,0.017111567419575646,0.09074733096085419,-0.023724792408066464,-0.013513513513513487,0.04638712851231297
2012-09-30,0.0441912539515279,0.05521994003669395,0.020555008672010544,0.026213592233009786,0.4058697208303508,-0.0606023950647151,0.09038737446197986,0.08946608946608947,0.08602150537634401,0.09999999999999987,0.1423705722070845,1.487935656836461,8.633333333333333,0.35465116279069764,0.12578729530322108,0.011430678466076705,-2.020986358866737,-0.03338898163606008,0.3994638069705094,-0.08859975216852534,0.0397039030955586,0.3474714518760196,0.004860267314702238,-0.04109589041095896,0.028263274336283173
2012-12-31,0.07015662777252185,0.034816165557016276,0.09590519716142665,0.019079154840744295,-0.214867617107943,0.02729848055627082,-2.4723684210526313,-2.4781456953642387,-2.4653465346534653,-2.494949494949495,0.01848539057841392,0.3168103448275863,-0.44809688581314877,-0.38698140200286124,0.06849424552429673,0.15986146554866942,-0.6858170606372045,-0.6511226252158895,-0.2107279693486589,-0.17131203263086348,0.18705501618122988,-0.26634382566585957,-0.6396614268440145,-0.042857142857142705,0.015437577322360285
2013-03-31,-0.008015402145298833,-0.004343906237193718,-0.028102013872880804,-0.07612563824849139,0.3009079118028535,-0.1101779894710454,-1.4754244861483468,-1.4740143369175627,-1.472972972972973,-1.4662162162162162,-0.7066744730679158,-0.6538461538461539,-1.3322884012539185,-1.1995332555425904,-0.012790784651058429,0.15810152443815806,-0.18482172064115154,-0.11386138613861385,0.2815533980582525,0.4675963904840035,2.3206106870229006,0.31188118811881194,-0.07046979865771819,-0.04477611940298509,0.0777095031253312
2013-06-30,0.022992830831385813,0.049473164306881756,-0.0013799646384061726,0.05911907553173679,0.30508474576271194,0.1308635019016764,0.5657894736842106,0.5652173913043479,0.5571428571428574,0.5507246376811596,1.3992015968063871,11.19385342789598,-2.9433962264150946,21.07017543859649,-0.28595241703288377,0.06825892251323107,-0.016853932584269704,0.12290502793296088,0.29356060606060597,-0.16657350475125765,0.17504105090311994,0.2754716981132075,0.16606498194945862,-0.03125,-0.009117719341361408
2013-09-30,0.012486690543025869,0.05482782963369681,-0.00287170186120822,0.012492093611638166,0.14935064935064934,-0.039237668161434924,-0.16326530612244894,-0.16183574879227058,-0.17431192660550465,-0.16822429906542058,0.43344425956738775,-0.889104303993796,-1.470873786407767,-1.2975622681505035,0.1191638370118846,0.04331808943089421,-0.16816326530612236,-0.08457711442786076,0.14641288433382127,-0.19382964453386997,-0.09628283957518169,0.13510848126232733,-0.0619195046439629,-0.032258064516129115,0.041816513306381475
2013-12-31,0.03175908221797319,-0.1469363474122546,0.04478032091119721,-0.00734030923004847,-0.06846128281821207,0.007001166861143604,-0.2611190817790531,-0.26512968299711814,-0.2666666666666666,-0.2696629213483146,0.005803830528148479,3.63986013986014,-0.1030927835051546,-1.8005342831700801,-0.08523750829619792,0.1370997199561672,1.4082433758586848,1.6902173913043481,-0.0715197956577267,-0.0074875207986688785,0.23426627493428165,-0.09730668983492607,1.7623762376237622,-0.01666666666666672,-0.14062611593857877
2014-03-31,-0.25155204684864996,-0.3036959553695955,-0.28137370722709276,0.9976400251730648,-0.00017838030681416317,-0.04145744817818975,-0.023300970873786353,-0.01764705882352946,-0.015151515151515138,-0.015384615384615441,-8.23196768609348,-2.328937452901281,-42.47126436781609,5.027808676307008,-0.5616708126036485,0.047328407752436075,-0.08109209453952726,0.03838383838383841,0.011004126547455195,0.1274098910310142,-0.6286644951140065,0.33589990375360923,-0.022700119474313052,0.05084745762711873,-0.6514488337304005
2014-06-30,-0.03340183722484957,-0.0823735603405108,-0.038733308337899786,0.007639599905489458,-0.001962533452274706,0.1255876427132303,1.7176938369781314,1.718562874251497,1.7538461538461538,1.765625,-1.0534588685869306,-1.1145449390416784,-1.4598115299334813,-0.7434951097988558,-0.32868290375975406,-0.01308659646252941,0.19179600886917947,0.29182879377431914,0.017687074829932037,-0.02379182156133819,0.002024291497975561,0.032420749279538974,0.19804400977995118,0.08064516129032273,-0.08933396916229541
2014-09-30,0.07085403965367076,0.22776261937244202,0.09690969096909696,-0.03837736438955763,-0.0838398283875581,0.021957040572792463,-0.451353328456474,-0.4530102790014684,-0.44134078212290506,-0.44067796610169496,-7.717910447761194,-0.1856435643564357,-5.912597950572634,-3.3316546762589927,1.1415991546319129,-0.01263855796125557,0.05804651162790697,0.07831325301204806,-0.07219251336898391,-0.02970297029702973,-0.18754208754208757,-0.1444521981856246,-0.010204081632653073,0.08955223880596996,0.27683714435329043
2014-12-31,-0.020380824801454422,-0.060558919939996625,0.019201312910284374,-0.03917743639762661,-0.2860487804878049,-0.06106959364782816,-0.796,-0.7919463087248322,-0.79,-0.7878787878787878,-1.3650299933348145,0.34042553191489366,-1.196319018404908,-1.1558161061400802,-0.08305921052631582,-0.06295247088448219,-0.027430982943555393,-0.04469273743016755,-0.27377521613832856,0.010204081632652962,-0.08619975134687108,-0.2716150081566068,-0.12164948453608249,0.09589041095890427,-0.022282980177717127
2015-03-31,-0.07987399882789603,-0.2082323023242061,-0.08756910525468309,-0.4392183402419423,-0.002732987154960398,-0.10384280562119141,2.450980392156863,2.4,2.4285714285714284,2.4285714285714284,-3.273889227023737,-0.07936507936507942,-2.2424999999999997,3.568316831683168,-0.41381165919282514,0.059007949837644125,0.11878502983185668,0.02631578947368407,-0.005952380952381042,0.4584304584304584,0.1882086167800452,0.08398656215005595,0.016431924882629012,0.012499999999999956,0.41191275167785246
2015-06-30,0.01218120538202272,0.12302061547654608,0.008470837377569929,0.03907074973600855,0.04494382022471921,0.08534554537885097,0.0890151515151516,0.08918406072106255,0.09722222222222232,0.08333333333333348,-1.3466274089935761,-0.17980295566502458,-1.3018108651911469,-1.1738188123103597,0.12270501835985304,0.05075068724888987,-0.20378151260504196,-0.27920227920227925,0.05189620758483038,0.057005860415556775,0.027862595419847258,0.03305785123966953,-0.26905311778290997,-0.012345679012345734,0.08080808080808066
2015-09-30,-0.027923439958049245,-0.051346857332889906,0.0062414326129436315,0.03818234610917548,-0.3364804615788093,0.010228870988364669,-0.7547826086956522,-0.759581881533101,-0.759493670886076,-0.7564102564102564,0.26100386100386097,0.2072072072072073,0.8966666666666667,-1.8927680798004989,-0.09757427091850646,-0.014992956329241247,-0.17089506799269338,-0.28260869565217395,-0.3206831119544591,-0.0640120967741935,0.3464537690308205,-0.31800000000000006,-0.2890995260663507,0.012499999999999956,-0.08626534726039947
2015-12-31,-0.008496291301416048,-0.1695295519876604,0.003883945392887167,-0.010767724793735112,-0.1786561264822134,-0.03974180483483103,0.45390070921985815,0.4710144927536233,0.5263157894736841,0.5263157894736841,-0.42314758113900797,-0.24378109452736318,-0.4446397188049209,-0.9664804469273743,-0.0036242826940501294,-0.005822862396567596,0.169889840881273,0.06611570247933884,-0.17597765363128492,0.46365105008077534,0.41257584114726975,-0.17155425219941345,0.05111111111111111,0.012345679012345512,-0.16049135121584346
2016-03-31,-0.21425462459194777,-0.24533558463486704,-0.2800346470333478,-0.34294599943454906,0.8835418671799808,-0.5218136285751944,-1.1317073170731708,-1.1330049261083743,-1.1379310344827587,-1.1379310344827587,-0.007430997876857748,0.4342105263157894,-3.7927215189873418,-71.5,0.25644134586238243,-0.16769420468557328,-0.39736346516007537,-0.34366925064599485,0.8813559322033897,0.010301692420897846,-0.2012885591565795,1.3982300884955752,-0.3023255813953488,-0.07317073170731703,0.14859053989488769
2016-06-30,0.03226699903060526,-0.2056158406980647,-0.00040102662816809964,-0.020869191049913915,0.24118548799182427,0.07635060639470792,-15.333333333333334,-15.333333333333334,-14.75,-14.75,-0.281283422459893,4.908256880733945,-1.164872521246459,-3.602836879432624,-0.5312424607961399,-0.0680246913580248,-0.27222222222222214,-0.1614173228346456,0.2450450450450452,-0.504734158776402,0.5125886091420193,0.20221402214022133,-0.0757575757575758,-0.0921052631578948,-0.18869592346089847
2016-09-30,0.008686611215454887,0.05379524010702719,0.008144106555403985,0.03977147879586895,0.01132153149444215,0.03585147247119069,0.023255813953488413,0.023255813953488413,0.0181818181818183,0.0181818181818183,0.0535714285714286,-0.8722826086956521,-0.01718213058419249,-1.0458673932788374,0.05198147195059177,0.0070207974566167675,0.1612595419847329,0.43661971830985924,0.01447178002894356,-0.19117647058823528,0.24095022624434392,0.0030693677102517913,0.639344262295082,-0.1159420289855072,0.01352304044094077
2016-12-31,-0.03182044887780544,-0.12494988640919413,0.01054558478252221,0.01606086221470826,-0.24933848972114803,0.08974042027194074,-0.5328282828282829,-0.5328282828282829,-0.5178571428571428,-0.5357142857142858,-0.153954802259887,-0.3799392097264438,4.160839160839161,-12.267326732673267,-0.5567514677103718,-0.09392265193370164,-0.10969597370583406,0.042483660130719025,-0.22967189728958626,-0.10636363636363633,-0.3404089074098191,-0.22460220318237445,0.17799999999999994,-0.11475409836065564,-0.13880106234981648
2017-03-31,-0.0072120337935297485,-0.03970678069639588,-0.017445065763566192,-0.09733777038269553,0.06317787418655096,-0.0970961887477314,1.3189189189189188,1.3189189189189188,1.333333333333333,1.423076923076923,-0.40066777963272115,0.5147058823529411,-0.8550135501355014,-0.875219683655536,-0.1567328918322296,0.03208478513356572,0.48361790493770185,0.48589341692789967,0.06296296296296289,0.3387589013224821,0.055281342546890544,0.07024467245461707,0.4516129032258065,0.0185185185185186,0.0638079154122917
2017-06-30,0.034281167842811655,0.13788167938931295,0.035750070137469336,0.08294930875576045,0.026268808977301772,0.079145728643216,0.02331002331002341,0.02331002331002341,0.015873015873015817,0.015873015873015817,1.9136490250696379,-0.07119741100323629,-1.3831775700934579,-7.014084507042254,1.1178010471204187,-0.016458010972007386,0.0895800933125972,0.03586497890295348,0.027874564459930307,-0.07446808510638303,-0.3459307764265669,-0.007374631268436627,0.012865497076023358,0.036363636363636154,0.050731639977912746
2017-09-30,-0.0013378373858657922,-0.00013976240391333494,0.0017799791045931546,-0.04340425531914893,-0.02360834990059646,0.0,0.07972665148063784,0.07972665148063784,0.09375,0.09375,0.21414913957935,0.059233449477351874,-11.536585365853659,-0.8372365339578455,0.08590852904820756,-0.0015732265446224414,0.1204681701398802,0.05702647657841142,-0.016949152542372947,-0.028735632183908066,-0.04462242562929064,-0.022288261515601815,0.038106235565819935,0.01754385964912286,0.04526046114432103
2017-12-31,-0.026424193710439026,0.018451216102879586,0.021167291127505816,-0.0031138790035587505,-0.34741664545685924,0.06984866123399303,-3.5949367088607596,-3.5949367088607596,-3.6,-3.6,-0.5929133858267717,0.3125,-0.5925925925925926,-2.647482014388489,-0.13033579965850883,0.05099555937544764,-0.9210191082802548,-0.9267822736030829,-0.346551724137931,0.0693153000845308,-0.014970059880239472,-0.32978723404255317,-0.9276974416017798,0.0,0.02161890397184507
2018-03-31,0.013106295149638791,-0.0013724951962668097,0.020993304837916504,0.038821954484605126,-0.06708268330733225,-0.06093579978237218,-1.3544715447154472,-1.3544715447154472,-1.3516483516483517,-1.3516483516483517,0.7214700193423598,0.21553884711779459,0.5653409090909092,-0.4672489082969432,-0.00981675392670156,-0.07441733678615248,0.1903225806451614,0.05263157894736836,-0.0633245382585752,0.41660079051383403,12.760790273556232,-0.07936507936507942,0.04615384615384621,0.01724137931034475,-0.038693405511810997
2018-06-30,0.15520695392346617,0.08356239692138545,0.1511929460580912,0.080541237113402,0.20568561872909696,0.12560834298957135,-0.11009174311926606,-0.11009174311926606,-0.09375000000000011,-0.09375000000000011,-0.6629213483146068,8.288659793814434,-8.357531760435572,0.5163934426229508,-0.12227362855254464,-0.014725371815638377,-0.3739837398373984,-0.44999999999999996,0.20845070422535228,0.0518973214285714,-0.07629271309610586,0.044334975369458185,-0.4411764705882353,0.0,0.0028156395981313587
2018-09-30,0.03265534066192455,0.07293252156265861,0.04048530878898071,0.06062413039157222,-0.0502773925104022,0.01894173358039941,-0.5850515463917525,-0.5850515463917525,-0.5862068965517242,-0.5862068965517242,2.8333333333333335,-0.8514983351831299,-1.0668475579674395,-2.108108108108108,0.1543674698795181,0.07532506351815882,-5.008658008658009,-4.5,-0.04662004662004671,-0.110344827586207,0.7205098161122934,-0.08018867924528306,0.0,0.0,0.01161380894646169
2018-12-31,0.014800899439273651,0.01347677030381833,-0.001484643221675741,-0.0359820089955023,0.208105147864184,0.0507173166296222,3.291925465838509,3.291925465838509,3.291666666666667,3.291666666666667,-0.060869565217391286,-0.21375186846038863,-0.7527675276752768,1.3268292682926828,0.31115459882583174,-0.07519110493398184,-7.393088552915766,-7.48051948051948,0.21271393643031788,-0.029815146094215872,0.0,0.18974358974358974,21.81578947368421,-0.016949152542372947,0.05128366870623857
2019-03-31,0.02274703391018984,0.14382363233407203,0.019917603692345853,0.23639191290824257,0.05107283167119969,-0.0971153846153846,-0.642547033285094,-0.642547033285094,-0.6407766990291262,-0.6407766990291262,-0.34259259259259256,-0.12357414448669202,2.253731343283582,-0.9412997903563941,0.013930348258706537,0.06928163510670271,-0.19037162162162158,-0.15631262525050105,0.048387096774193505,-0.11862323294406885,-0.9602918693537179,0.028017241379310498,-0.12918108419838525,-0.0344827586206895,-0.0748829953198128
