Quarter end,Assets,Current Assets,Liabilities,Current Liabilities,Shareholders equity,Revenue,Earnings,Earnings available for common stockholders,EPS basic,EPS diluted,Cash from operating activities,Cash from investing activities,Cash from financing activities,Cash change during period,Cash at end of period,Price,ROE,ROA,Book value of equity per share,P/B ratio,P/E ratio,Cumulative dividends per share,Equity to assets ratio,Net margin,Asset turnover,Current ratio
1994-12-31,0.07697872480352497,0.1859110608109973,0.09287827724244879,0.13569206842923798,0.04113156392694073,0.03314525329140072,0.30382595648912236,0.30382595648912236,0.30681818181818166,0.12612612612612595,-1.0210953346855984,0.2298728813559323,-0.8815225611293168,-2.192982456140351,0.2044639298525308,0.05127453852915331,-0.010198878123406474,0.011128775834658322,0.037735849056603765,0.07772020725388606,0.0176322418136019,inf,-0.03351773511226819,0.030172413793103647,-0.015151515151515138,0.04423145189918354
1995-03-31,0.07697872480352497,0.1859110608109973,0.09287827724244879,0.13569206842923798,0.04113156392694073,0.03314525329140072,0.30382595648912236,0.30382595648912236,0.30681818181818166,0.12612612612612595,-1.0210953346855984,0.2298728813559323,-0.8815225611293168,-2.192982456140351,0.2044639298525308,0.05127453852915331,-0.010198878123406474,0.011128775834658322,0.037735849056603765,0.07772020725388606,0.0176322418136019,inf,-0.03351773511226819,0.030172413793103647,-0.015151515151515138,0.04423145189918354
1995-06-30,0.024130841882429532,0.04313113914622235,0.012422000550158518,0.040465593974666314,0.051841699503169414,0.03314525329140072,0.30382595648912236,0.30382595648912236,0.30681818181818166,0.12612612612612595,-1.0210953346855984,0.2298728813559323,-0.8815225611293168,-2.192982456140351,-0.2025148908007942,0.11510590858416925,-0.010198878123406474,0.011128775834658322,0.04675324675324677,0.07772020725388606,0.0176322418136019,1.25,0.027272727272727337,0.030172413793103647,-0.015151515151515138,0.002583627957573942
1995-09-30,0.009669373031095052,0.013901595447952664,-0.003346251197643313,-0.011285864701237158,0.039318522379307996,-0.013638534081413356,-0.09378596087456847,-0.09378596087456847,-0.10434782608695647,0.12612612612612595,41.42307692307692,0.25839793281653756,-2.8893617021276596,-0.7091503267973855,-0.07385892116182569,0.0404898775306175,-0.010198878123406474,0.011128775834658322,0.03870967741935494,-0.004807692307692402,0.0176322418136019,0.5555555555555554,0.029170763684038148,0.030172413793103647,-0.015151515151515138,0.025430625254306394
1995-12-31,-0.036456692913385824,-0.15454025265196536,-0.0662314369753928,-0.08938733402109889,0.028584861307005216,-0.01161840791504043,-0.07047619047619047,-0.07047619047619047,-0.06796116504854377,0.12612612612612595,2.0530371713508613,1.240930869267625,2.064189189189189,-3.533707865168539,0.20206093189964158,0.014893105933221129,-0.010198878123406474,0.011128775834658322,0.01481127568084073,-0.02415458937198056,0.0176322418136019,0.3571428571428572,0.06751592356687897,0.030172413793103647,-0.015151515151515138,-0.0715561140136235
1996-03-31,0.070840483778704,0.15951686797167852,0.08323729620922271,0.1870043489383475,0.04625651339244907,-0.006489729696635749,0.03688524590163933,0.03688524590163933,0.02083333333333326,0.12612612612612595,-1.3469933184855234,-0.481979230299328,-2.678794560823227,0.19068736141906872,0.2001490868430862,0.1332544378698226,-0.010198878123406474,0.011128775834658322,0.04237288135593231,0.11386138613861396,0.0176322418136019,0.26315789473684204,-0.02297136038186154,0.030172413793103647,-0.015151515151515138,-0.023149796994087923
1996-06-30,0.0031383846381318747,-0.0022674209770114917,-0.014298683613254703,-0.032481527093596085,0.03893985728848115,0.025881990448312964,0.2378129117259553,0.2378129117259553,0.24489795918367352,0.12612612612612595,-1.730423620025674,0.021816037735848948,-1.0328371278458843,-1.8063314711359404,-0.13447204968944104,0.04302422723475341,-0.015455950540958274,0.011128775834658322,0.03794037940379402,0.004444444444444251,0.0176322418136019,0.20833333333333326,0.03572519083969472,0.025104602510460206,-0.015384615384615441,0.03128190170628553
1996-09-30,-0.0012362114872574992,-0.012600409513309208,-0.022608220124338052,-0.03220365950676218,0.04039582866113478,-0.018561345547379537,-0.09419904204364027,-0.09419904204364027,-0.10655737704918022,0.12612612612612595,1.3895723491505567,0.032890940565493354,11.14,-2.053117782909931,0.1636167922497309,-0.09271125350420495,-0.01831501831501836,0.011128775834658322,0.0395996518711923,-0.12831858407079644,-0.10808580858085803,0.17241379310344818,0.04186320754716988,0.02244897959183656,-0.0078125,0.020222017959414584
1996-12-31,-0.07913929353518045,-0.08278832349657039,-0.05874817792305309,-0.09045473974944929,-0.11645515048635247,0.0007344615478777072,-3.398354876615746,-3.398354876615746,-3.403669724770642,0.12612612612612595,0.35474380975729347,-0.05586592178770955,1.5617792421746293,-2.8815789473684212,-0.2645698427382054,0.05252703597439856,-0.8448827292110874,-0.8443396226415094,-0.1251569694432818,0.015228426395939021,0.037927844588344195,0.16470588235294126,-0.04074702886247872,-0.844311377245509,0.0,0.008455194400166288
1997-03-31,0.0592237225749086,0.11704347826086958,0.07538285857305982,0.120200997758658,0.027721021011863023,-0.011284058591480406,-1.4174424301812838,-1.4174424301812838,-1.416030534351145,0.12612612612612595,-1.0955483170466884,0.07041420118343189,-1.5509110396570205,-1.2062937062937062,0.0742138364779874,0.11679597399874186,0.18900343642611683,0.19191919191919182,0.03349282296650724,0.2749999999999999,6.084670231729055,0.14141414141414121,-0.029498525073746285,0.17948717948717952,0.007874015748031482,-0.002817675761116245
1997-06-30,-0.009165804423794,-0.01843820199728652,-0.031420009891484635,0.0010649627263046302,0.03623145400593475,0.025454657924038004,0.1279342723004695,0.1279342723004695,0.12844036697247696,0.12612612612612595,-6.7102272727272725,-0.17578772802653397,-1.6334630350194552,-1.8757062146892656,-0.060499609679937505,0.057266241081487035,0.040462427745664664,0.04237288135593231,0.03657407407407409,0.0235294117647058,-0.0918354510001258,0.1238938053097347,0.045592705167173175,0.032608695652173836,0.0078125,-0.019503790489317607
1997-09-30,-0.009802279645738765,-0.011737514728541676,-0.02224191271438436,0.007479045776918047,0.013917127230033577,0.002020811340672557,0.009885535900103992,0.009885535900103992,0.016260162601626105,0.12612612612612595,-0.05373134328358209,-0.2535211267605634,0.06388206388206386,-0.09677419354838712,-0.058163689239717487,0.15769845498135315,0.2055555555555557,0.2032520325203253,0.011165698972755767,0.11494252873563227,0.14309461144202795,0.11023622047244097,0.024127906976744384,0.18947368421052624,0.015503875968992276,-0.0190482884655937
1997-12-31,-0.013311843361986653,-0.04528362452423529,0.0017510175869748235,0.04025342378087804,-0.04100884005987515,-0.03846848473902831,-0.9896960329726945,-0.9896960329726945,-0.992,0.12612612612612595,0.8170347003154574,2.120395327942498,-0.2678983833718245,-3.2785714285714285,0.14071460079400078,-0.0038349440098174314,2.7327188940092166,2.743243243243243,-0.0401943462897526,-0.013745704467354014,-0.17159476490547743,0.1063829787234043,-0.02810105024127174,2.7876106194690267,-0.01526717557251911,-0.08225852679850965
1998-03-31,0.026992961865004883,0.17082542808424783,0.019932841656572498,0.017440787450015316,0.0405536739802681,-0.03143000250438266,87.4,87.4,111.99999999999999,0.12612612612612595,-1.6790123456790123,-0.6991073999424129,-3.832018927444795,-4.081504702194358,-0.38012374323279197,0.035571296581459855,-0.0006172839506174421,0.012635379061371799,0.034054302807178916,0.07665505226480818,-0.7252779403159743,0.09615384615384603,0.013142523364485958,0.02102803738317771,-0.007751937984496138,0.15076514678326047
1998-06-30,0.012645923947727455,0.027096324253363946,0.012733204046964097,0.04930918765305203,0.012481603079361525,0.014059469941822833,0.1255656108597285,0.1255656108597285,0.1150442477876108,0.12612612612612595,-1.0701704545454545,0.922488038277512,-0.4327485380116959,-1.2288911495422177,0.14036182158452903,0.03345724907063197,0.0061766522544781655,0.007130124777183777,0.013796172674677365,0.0,0.028221512247071256,0.08771929824561409,-0.00028826751225130565,0.027459954233409523,-0.015625,-0.0211683289232647
1998-09-30,0.035418222011072364,-0.021448684920016725,0.040569426713772616,-0.023683300679958497,0.02571772006820794,0.01727490039840629,-0.07035175879396982,-0.07035175879396982,-0.05555555555555558,-0.06400000000000006,-0.3157894736842105,-1.0945744151319063,-1.2935689739813452,-2.0888888888888886,-0.13402625820568925,-0.18791366906474827,-0.02516881522406378,-0.030088495575221197,0.029850746268656803,-0.19741100323624594,-0.19264629725530813,0.08064516129032251,-0.009227220299884653,-0.006681514476614692,-0.023809523809523836,0.0022873778332292982
1998-12-31,-0.008418233575548717,-0.07567501377579133,-0.023737856460149254,-0.03308150858761727,0.020848663232769127,0.003571764263558652,-0.3432432432432433,-0.3432432432432433,-0.3445378151260504,-0.33333333333333326,43.349112426035504,-22.847368421052632,3.292642140468227,-4.293877551020408,0.5097915350600126,-0.0708717221828491,0.1832493702770781,0.19160583941605824,0.023444160272804826,-0.09677419354838701,-0.05003207184092362,0.074626865671642,0.029394644935972103,0.21076233183856496,-0.016260162601625994,-0.044052558782849194
1999-03-31,0.0027575004957833826,0.0052990660396106115,0.030145393439029666,-0.0009156111704562431,-0.047279619840888465,-0.06615466267053793,-0.7901234567901234,-0.7901234567901234,-0.7948717948717949,-0.7948717948717949,-1.1344896597731822,-0.5266200915442062,-2.0253213868328785,-1.5947955390334574,-0.20083682008368198,-0.04347826086956519,-0.22352315061202777,-0.2297090352220521,-0.047063723448563244,-0.06696428571428592,-0.2140445644834571,0.06944444444444442,-0.04975968334746961,-0.2148148148148148,-0.016528925619834767,0.006221514866526778
1999-06-30,0.0003767010406365845,-0.002262194988030153,-0.006425714204658317,-0.004948831525889763,0.013814554319500072,0.019223054292591524,1.5764705882352943,1.5764705882352943,1.625,1.5625,-4.050595238095238,-0.06208651399491094,-1.0748480243161094,-3.1708333333333334,0.5455497382198953,0.16387559808612462,-0.2535983550376971,-0.2564612326043737,0.01180069930069938,0.22009569377990434,0.4931271477663228,0.06493506493506485,0.013388872359416881,-0.24528301886792447,-0.01680672268907568,0.0027320440002875923
1999-09-30,0.23656389738762051,0.23894954653517653,0.35007495181668924,0.3920117889049213,0.016804864566058564,0.07875487912880907,0.6605783866057839,0.6605783866057839,0.6666666666666665,0.6829268292682926,-0.9466666666666667,4.62561041779707,-49.83756345177665,-1.5930902111324377,-0.20934959349593496,-0.11082562521411454,-0.19100091827364551,-0.23529411764705888,0.016414686825054092,-0.1215686274509803,0.185270425776755,0.060975609756097615,-0.17762771579565473,-0.19687500000000002,-0.0512820512820511,-0.10998781099878108
1999-12-31,-0.0024970689891438136,-0.0652239575004886,0.0030560666624368515,-0.1266596091923603,-0.01677177340437097,0.07999878375091218,-0.6260311640696609,-0.6260311640696609,-0.6285714285714286,-0.6231884057971013,24.097560975609756,-0.6292438271604939,-1.0233863423760523,-1.127831715210356,0.03384747215081396,-0.25717588133307634,-0.2440408626560725,-0.2902097902097903,-0.01699957501062488,-0.267857142857143,-0.08252427184466038,0.05747126436781613,-0.014280614066404906,-0.27237354085603105,-0.018018018018018056,0.07032949327318128
2000-03-31,0.011020713446186159,0.04766973314072831,0.013441568710136576,0.05101138917649428,0.004672251251002235,-0.004335707649427034,0.5588235294117647,0.5588235294117647,0.5769230769230769,0.5384615384615385,-1.3265306122448979,-0.7190426638917794,-11.36,-2.4556962025316453,-0.04765851636966434,-0.358143153526971,0.15315315315315292,0.09852216748768483,0.0047557284911370346,-0.3475609756097561,-0.13862433862433854,0.05434782608695676,-0.006519377037305429,0.1122994652406415,-0.01834862385321101,-0.0031612223393044925
2000-06-30,0.006325960594851576,0.009288824383163918,0.0156558826588995,0.04923232177611192,-0.018354430379746822,-0.01747490456666201,-0.061320754716981174,-0.061320754716981174,-0.07317073170731703,-0.050000000000000044,-0.9300595238095238,0.6203703703703705,-0.1634491634491635,-1.6,0.030026109660574507,0.037979797979798,-0.01822916666666663,-0.0717488789237668,-0.018502581755593828,0.03738317757009346,-0.10319410319410327,0.05154639175257736,-0.024425811155668886,-0.05288461538461542,-0.01869158878504673,-0.038054968287526414
2000-09-30,-0.004973444954541328,-0.014541990221455303,0.0015158498489271643,-0.01765594943665838,-0.02273428082863793,0.002216018649092044,-1.1105527638190955,-1.1105527638190955,-1.1052631578947367,-1.1052631578947367,0.05319148936170204,-0.4114285714285715,-0.39384615384615385,-0.9855072463768116,0.00042247570764675224,-0.14363565589723637,-0.41644562334217505,-0.4251207729468599,-0.02981148619026741,-0.1351351351351352,-0.12876712328767115,0.0490196078431373,-0.017937219730941756,-0.4314720812182741,0.00952380952380949,0.0031397174254317317
2000-12-31,0.022880621206980978,-0.0027543184429892342,0.02932002495321262,-0.014872834930181544,0.004819000631059556,0.1266655180335401,10.575757575757576,10.575757575757576,11.0,11.0,-68.02020202020202,-0.19999999999999996,-5.652284263959391,160.0,0.06798986486486491,-0.09818181818181815,-0.740909090909091,-0.7478991596638656,-0.0031631269769544224,-0.06249999999999989,0.5597484276729559,0.04672897196261672,-0.017503805175038023,-0.75,0.018867924528301883,0.012284820031299049
2001-03-31,0.009028596698113178,0.05547629499561024,0.027054148037754633,0.0028159681961239524,-0.042763345703682565,-0.12980756977188734,-0.3887434554973822,-0.3887434554973822,-0.375,-0.375,-1.6334589299171063,0.09101941747572817,-1.9034369885433715,-2.1614906832298137,-0.07394226967180706,0.26108870967741926,-2.763157894736842,-2.7333333333333334,-0.04261106074342691,0.2555555555555553,3.850302419354839,0.044642857142857206,-0.05151045701006962,0.0,-0.01851851851851849,0.052562417871221845
2001-06-30,-0.0329206383988897,-0.07671778875314095,-0.03603455447747472,-0.08053707112180852,-0.02332100679947513,0.04929412453869131,-1.1670235546038543,-1.1670235546038543,-1.1666666666666667,-1.1666666666666667,-2.2612419700214135,1.303670745272525,-1.5414653784219001,-3.8449197860962565,0.22715627668659266,0.06314948041566759,0.781094527363184,0.7500000000000002,-0.02367424242424243,0.1150442477876108,0.0,0.042735042735042805,0.010208248264597763,0.0,0.009433962264151052,0.004112506425791418
2001-09-30,0.029282919681566266,0.04283193813581598,0.03326710019267831,-0.0793532657513153,0.01716030534351143,0.02662944870900219,0.1923076923076923,0.1923076923076923,0.19999999999999996,0.19999999999999996,-0.3986040369741558,-0.5499758570738773,-2.0267657992565056,8.360902255639099,1.732776617954071,-0.07218045112781957,-0.12011173184357538,-0.1428571428571429,-0.009699321047526688,-0.04761904761904767,0.0,0.040983606557376984,-0.01212611156022636,0.0,0.009345794392523477,0.1327433628318584
2001-12-31,-0.008409466152999423,-0.054175665946724294,0.03424531142254983,-0.0727009171242996,-0.1402497598463016,-0.0558198972239593,-19.70967741935484,-19.70967741935484,-18.666666666666668,-18.666666666666668,1.6282936010037643,-0.3862660944206009,-3.1976828385228098,-0.6506024096385542,0.22154316271963337,-0.12601296596434353,1.0158730158730158,0.9358974358974361,-0.1405484818805094,-0.11666666666666659,0.0,0.015748031496062964,-0.13297872340425532,0.0,-0.02777777777777779,0.019950929752066138
2002-03-31,-0.014741469262704476,-0.030466222645099905,-0.009437594493327928,0.06538403727641673,-0.03446229050279326,-0.046478143178022235,-0.6367816091954023,-0.6367816091954023,-0.6320754716981132,-0.6320754716981132,-1.242391693519513,0.6818181818181819,-0.9878088962108732,-2.7988505747126435,-0.32624557014800915,0.14974501622624015,0.13385826771653542,0.08609271523178808,-0.03475783475783467,0.33018867924528283,0.0,0.015503875968992276,-0.019820670127418616,0.0,0.0,-0.0899537886940559
2002-06-30,0.023479573672232412,0.04702741957643908,0.02219293921353005,0.04875846501128667,0.02838751672512929,0.050616090843198736,-1.4572784810126582,-1.4572784810126582,-1.4615384615384615,-1.4615384615384615,-2.2983751846381093,0.8939708939708939,4.445945945945946,-1.1073482428115016,0.051980198019802026,-0.14919354838709675,-0.06388888888888877,-0.10365853658536595,0.02833530106257376,-0.11347517730496448,0.0,0.01526717557251911,0.004814636494944624,0.0,-0.01904761904761909,-0.0016694490818029983
2002-09-30,-0.010384330302429912,-0.0512137969819102,-0.019160677022953876,-0.031182737839001273,0.022891905197271356,0.014602736575830777,0.16608996539792398,0.16608996539792398,0.11111111111111116,0.11111111111111116,-0.7990140310959424,-0.2864983534577388,0.032258064516129004,-4.919642857142858,-0.19367647058823534,-0.3601895734597157,-0.08902077151335308,-0.12244897959183676,-0.04764638346727912,-0.384,0.0,0.015037593984962294,0.03354096789650218,0.0,-0.009708737864077666,-0.02062430323299891
2002-12-31,-0.025080090175605085,0.03267935115484155,0.1815542885239081,0.13066177899969444,-0.7763415724156898,0.00022665457842241388,-33.795252225519285,-33.795252225519285,-32.55,-32.55,9.618867924528303,0.03076923076923066,0.6225961538461537,-3.845102505694761,0.683385008207186,-0.40888888888888886,6.856677524429967,5.403100775193799,-0.7763713080168777,-0.37662337662337664,0.0,0.014814814814814836,-0.7705146036161334,0.0,0.009803921568627416,-0.08665338645418319
2003-03-31,0.007598922915430517,0.02984674842634938,0.04996798975672223,-0.09070589969052412,-0.8061789117737473,0.004362111941989655,-0.8222041259500543,-0.8222041259500543,-0.8225039619651346,-0.8225039619651346,-1.4054726368159205,-0.526865671641791,-1.7466666666666666,-1.6218307979717106,-0.2577464788732394,-0.330827067669173,0.5735903814262022,0.12106537530266337,-0.8059299191374663,2.0,0.0,0.0,-0.8080808080808081,0.0,0.01941747572815533,0.13257516747156872
2003-06-30,0.10489563280866654,0.239452319467925,0.09966921740190848,-0.03792442127441187,0.648691514670896,0.058519939082858574,-0.7302798982188294,-0.7302798982188294,-0.7321428571428572,-0.7321428571428572,1.8006134969325154,-1.332807570977918,19.93452380952381,-2.9699570815450644,0.6699751861042185,0.11423220973782788,0.0,0.04643628509719222,0.6527777777777777,4.736111111111112,0.0,0.0,0.49473684210526336,0.0,0.0,0.2883081155433287
2003-09-30,-0.004106313200327949,-0.003957071766892528,0.0035902163139984733,0.029620686750708947,-0.5382395382395382,0.04071084112647538,1.2301886792452832,1.2301886792452832,1.2333333333333334,1.2333333333333334,-1.027382256297919,-5.8246445497630335,-1.0341199886266705,-1.252723311546841,-0.10138973865920808,0.06554621848739495,0.0,0.09391124871001022,-0.53781512605042,-0.3547215496368038,0.0,0.0,-0.5352112676056338,0.0,0.00952380952380949,-0.0326179799273969
2003-12-31,0.029473308680767474,0.051601155721422876,0.03720329560287028,0.004990183246073254,-1.1364583333333333,0.0019712756969867407,2.6751269035532994,2.6751269035532994,2.7164179104477615,2.7164179104477615,30.034285714285716,-0.09724950884086447,-2.55,-5.627586206896551,0.5221281976461434,0.06466876971608837,0.0,-0.47358490566037736,-1.1272727272727272,1.3020637898686678,0.0,0.0,0.0,0.0,-0.009433962264150941,0.04635505766789905
2004-03-31,0.010589450534803868,0.07770352456318608,0.01930938969011753,0.09474969474969486,10.007633587786259,0.09916193980274923,-0.8202117863720073,-0.8202117863720073,-0.8192771084337349,-0.8192771084337349,-1.500276192229792,-0.3133841131664853,0.8333333333333333,-1.4651639344262295,-0.1714486548661256,0.4103703703703703,0.0,-0.1738351254480287,10.714285714285712,0.0,0.0,0.0,0.0,0.0,0.01904761904761898,-0.015558251147091307
2004-06-30,-0.011025823639576937,-0.004235769011167068,-0.009413009680833029,0.23818375591741647,0.16019417475728148,0.050559055301145905,-1.381562099871959,-1.381562099871959,-1.3777777777777778,-1.3777777777777778,-1.8391608391608392,1.248811410459588,-1.5826001955034212,-1.037244693632359,0.007172605275335586,-0.0493697478991596,0.0,-0.12798264642082435,0.15853658536585358,0.0,0.0,0.0,0.0,0.0,0.03738317757009346,-0.1958105646630236
2004-09-30,0.05181633904995597,0.09562353317687222,0.04336443667776724,0.018555958123986693,-0.7142857142857143,0.043103066778775956,0.2919463087248322,0.2919463087248322,0.2941176470588234,0.17647058823529416,-0.8030701754385965,-0.3988724453840733,-6.4144295302013425,31.032258064516128,0.22811853893866307,0.14364640883977886,0.0,-0.2736318407960199,-0.7157894736842105,0.0,0.0,0.0,0.0,0.0,0.03603603603603589,0.07567783625341407
2004-12-31,0.0481162397063577,0.050558037072648165,0.04034862628854574,0.004854178130650144,-2.523012552301255,0.02560349582113619,2.2363636363636363,2.2363636363636363,2.227272727272727,2.05,15.00445434298441,1.753810082063306,-1.5463278586922837,0.22222222222222232,0.22702331961591216,0.1671497584541064,0.0,-1.2534246575342465,-2.518518518518518,0.0,0.0,0.0,-0.33333333333333326,1.2142857142857144,0.026086956521739202,0.0455192915092586
2005-03-31,-0.01501817543986983,0.012430923224857171,-0.013334953373226766,-0.0694490622127476,-0.39560439560439564,-0.014043723758505822,-0.4542536115569823,-0.4542536115569823,-0.45070422535211263,-0.42622950819672134,-1.239354300027832,-0.7062579821200511,-1.1985252410663643,-1.6481735786871738,-0.11987397733624672,0.20778145695364247,0.0,1.2162162162162162,-0.3902439024390244,1.9005704971475148,-0.7139145796529149,0.0,-0.38636363636363635,1.2419354838709675,0.0,0.08796351143229475
2005-06-30,-0.016948111759287676,-0.014189266506465237,-0.017055600024629025,-0.13072719630096674,0.022727272727272707,0.04719949653870348,0.014705882352941124,0.014705882352941124,0.0,-0.02857142857142847,-2.354651162790698,0.9565217391304348,-6.371428571428571,-0.5296610169491525,-0.0640877598152425,-0.08498971898560659,0.0,0.13414634146341453,0.040000000000000036,0.5004214667041302,-0.6353069378859426,0.0,0.03703703703703698,0.1151079136690647,0.016949152542372836,0.13404475417869
2005-09-30,0.014366918608282875,0.015786419036564192,-0.0013154597845151939,0.05246615087040629,5.5777777777777775,0.007612179487179516,1.0579710144927534,1.0579710144927534,1.076923076923077,1.0588235294117645,-0.45064377682403434,-0.8518518518518519,-0.6170212765957447,-1.3693693693693694,0.025293028994447964,0.258426966292135,0.0,0.3333333333333335,5.461538461538461,0.21011235955056184,0.11553784860557781,0.0,5.5,0.3290322580645162,0.008333333333333304,-0.034855249891977524
2005-12-31,-0.03768704969517822,-0.00811335847331729,-0.024399422944238802,0.10521479439467041,-0.7533783783783784,-0.01908548707753477,-1.3591549295774648,-1.3591549295774648,-1.3580246913580245,-1.4142857142857141,4.4375,9.8,-1.6944444444444444,11.585365853658537,0.31046931407942235,-0.0720238095238096,0.0,-0.42741935483870963,-0.7559523809523809,-0.8563912101516559,-0.30446428571428563,0.0,-0.7417582417582418,-0.4368932038834952,0.016528925619834656,-0.1025220116400537
2006-03-31,0.004543418442439329,0.0013824884792625891,-0.0031503150315032036,0.02806069424236135,1.643835616438356,-0.015808674503445475,-2.450980392156863,-2.450980392156863,-2.4482758620689653,-2.2758620689655173,-1.4339080459770115,-0.31018518518518523,-4.02,-2.116279069767442,-0.2722681359044995,0.028864656831302016,0.0,0.035211267605633756,1.6585365853658538,3.2155172413793105,0.871630295250321,0.0,1.6170212765957448,0.017241379310344973,0.016260162601626105,-0.02593947455936141
2006-06-30,0.014205631290610254,0.021744132535664873,0.012512092873266711,0.15305297209866553,0.15025906735751304,0.05889621087314656,-0.972972972972973,-0.972972972972973,-0.9761904761904762,-0.972972972972973,-1.3278145695364238,-0.06040268456375841,-1.0463576158940397,-0.9618055555555556,-0.013249211356466839,-0.19700748129675805,-2.1223817678830192,-0.2857142857142857,0.14678899082568808,-0.6978527607361963,-0.2112482853223594,0.0,0.13008130081300795,-0.288135593220339,0.008000000000000007,-0.11386138613861396
2006-09-30,0.0029520758746310882,0.01024659385204374,0.005923944200267428,-0.019463440294581802,-0.2072072072072072,0.027615713730066105,-25.0,-25.0,-28.0,-28.0,-2.9696969696969697,0.17142857142857149,14.428571428571429,10.363636363636363,-0.15984654731457804,-0.03649068322981375,-1.1626760563380283,-1.1428571428571428,-0.20799999999999996,-0.1598984771573605,0.3660869565217393,0.0,-0.2086330935251799,0.0,0.015873015873015817,0.0302446542092083
2006-12-31,0.0664453907815632,0.13452964779313414,0.12632978723404253,-0.1655937052932761,-5.306818181818182,-0.05828917486752461,6.458333333333333,6.458333333333333,6.481481481481481,6.481481481481481,-5.912820512820513,-0.5182926829268293,14.583333333333334,-11.34,1.967275494672755,0.4085414987912974,0.0,12.600000000000001,-5.252525252525253,0.7784491440080565,0.0,0.0,0.0,0.0,-0.0234375,0.3596983295936176
2007-03-31,-0.06858887779669975,-0.11307594066214754,-0.1032214538708045,-0.024217745392198897,-0.8812664907651715,-0.09586012861736337,-0.5139664804469274,-0.5139664804469274,-0.5247524752475248,-0.5247524752475248,-1.4258872651356993,-0.25316455696202533,-1.783719548425431,-1.688201160541586,-0.4657604513977943,0.5320366132723113,0.0,0.75,-0.8836104513064134,0.0,0.0,0.0,0.0,0.0,-0.016000000000000014,-0.09103827641531059
2007-06-30,0.04053968854422796,0.06036774479397433,-0.026142561594884373,0.0043927081045465055,-11.777777777777779,0.09379862191598143,-1.3218390804597702,-1.3218390804597702,-1.2916666666666667,-1.2708333333333335,-0.7549019607843137,1.3220338983050848,-1.3305534495830174,-1.137717818999438,0.11761881901104188,0.26138909634055274,0.0,-0.10084033613445398,-10.408163265306124,0.0,0.0,0.0,4.345454545454546,0.0,-0.024390243902439046,0.05572646124363301
2007-09-30,0.032598158022297596,0.07730074166927814,-0.01873310158362307,0.003280122457905099,0.854639175257732,0.029059134322292124,10.928571428571429,10.928571428571429,10.32142857142857,9.576923076923077,0.72,-10.27007299270073,-2.2041284403669725,1.4693877551020407,0.2598797250859106,-0.10124333925399653,0.0,-1.3613707165109035,0.8481561822125812,-0.6268403171007928,0.0,0.0,0.7959183673469388,0.17857142857142883,-0.025000000000000022,0.0737556128785708
2007-12-31,0.008743105269334528,-0.013672064384757099,-0.05917470314242601,0.016564952048822912,0.584213451917732,0.018957345971563955,-0.9221556886227544,-0.9221556886227544,-0.9242902208201893,-0.9236363636363636,-5.563953488372093,-1.1929133858267718,-0.9485714285714286,-0.12396694214876036,0.18070235254006128,-0.0662055335968379,0.0,2.120689655172414,0.39319248826291076,-0.4946889226100152,59.15276893698281,0.0,0.5700757575757576,2.0909090909090904,0.008547008547008517,-0.029717946436515597
2008-03-31,-0.005293467512070271,-0.03421156114825008,-0.03193640610836068,0.03516295025728988,0.12877192982456132,-0.04224806201550391,1.826923076923077,1.826923076923077,1.5416666666666665,1.8571428571428572,-1.4420382165605097,-0.02857142857142858,24.59259259259259,-3.352830188679245,-0.36009240542881893,-0.08042328042328051,-4.0144300144300145,0.5027624309392262,0.1263689974726201,-0.33933933933933935,-0.9877883597883598,0.0,0.13449939686369117,0.5032679738562091,0.0,-0.06703347088491507
2008-06-30,0.02304093567251453,0.02860342019543971,0.018583879564935568,0.06980115990057989,0.04227541187441708,0.06009712666936462,-0.4897959183673469,-0.4897959183673469,-0.4918032786885246,-0.4833333333333333,-1.3804034582132565,-0.01680672268907568,-0.9218523878437048,-0.8821170809943866,-0.06633574007220222,-0.08630609896432684,-0.19602680708472964,0.005514705882353033,0.039640987284966345,-0.19090909090909092,-0.45927209705372607,0.0,0.019138755980861344,0.004347826086956497,0.008474576271186418,-0.0385295852172205
2008-09-30,-0.02578026752029272,-0.01464621474517569,-0.022063503288310637,-0.07008712487899327,-0.04145541306292877,-0.012788700133613329,-0.5866666666666667,-0.5866666666666667,-0.5806451612903225,-0.5806451612903225,-9.984848484848484,1.7777777777777777,-27.27777777777778,2.1496598639455784,-0.2237796036732721,-0.2178841309823678,-0.7124144090503126,-0.676416819012797,-0.04172661870503602,-0.247191011235955,-0.22916666666666674,0.0,-0.01617110067814298,-0.6774891774891775,0.0,0.059650378245757585
2008-12-31,-0.10661268556005399,-0.16239831274480265,0.027116928194374168,-0.004996876951905094,-0.6820161792159303,-0.20050270688321736,-11.64516129032258,-11.64516129032258,-11.461538461538462,-11.461538461538462,-1.5531197301854975,-0.9784615384615385,-1.229739252995067,-1.6220302375809936,0.17932752179327527,-0.4847020933977456,-1.295031055900621,-1.2598870056497176,-0.6824324324324325,-0.4626865671641791,0.5966735966735968,0.0,-0.644220572640509,0.0,-0.01680672268907568,-0.15821716270319808
2009-03-31,-0.038158413240509614,-0.04460431654676256,-0.06695297099408615,-0.10943712073655576,-0.4119373776908023,-0.1448609431680774,0.009090909090909038,0.009090909090909038,0.014705882352941124,0.014705882352941124,-1.4954268292682926,12.714285714285714,-2.6993865030674846,-0.9930555555555556,0.001055966209081216,-0.4135416666666667,8.543859649122806,6.521739130434782,-0.4113475177304965,0.8472222222222223,0.0,0.0,-0.38897168405365135,0.0,-0.04273504273504258,0.07283250243539041
2009-06-30,0.029634687606691745,0.023217871485943675,0.03486003169093799,0.007518796992481258,-0.061564059900166335,0.11510180995475117,-0.3363363363363363,-0.3363363363363363,-0.33333333333333326,-0.33333333333333326,-2.0215384615384613,-0.421875,-0.6371841155234657,234.0,0.2478902953586497,0.799289520426288,1.3224264705882351,0.5895953757225434,-0.06425702811244982,2.0601503759398496,0.0,0.0,-0.08780487804878045,0.0,-0.0357142857142857,0.015596624292276484
2009-09-30,0.03965780224152793,0.055439715442168636,0.022675902296755313,0.05970149253731338,0.3865248226950355,0.11209738777580514,-1.3257918552036199,-1.3257918552036199,-1.326086956521739,-1.326086956521739,0.27108433734939763,0.927927927927928,-1.0746268656716418,-0.5234042553191489,0.09467455621301779,0.42250740375123397,0.0,-0.025454545454545396,0.3862660944206009,0.5184275184275182,0.0,0.0,0.3342245989304813,0.0,-0.01851851851851849,-0.004049647628063591
2009-12-31,-0.08081903425400272,-0.16037187681580478,-0.08519891629830312,-0.09881161971830987,-0.06010230179028131,0.011858608893956735,0.48611111111111116,0.48611111111111116,0.5,0.5,1.056872037914692,-0.31775700934579443,91.93333333333334,-3.982142857142857,-0.25791505791505787,0.044413601665510116,-0.11461136615482037,-0.5317164179104478,-0.0619195046439629,-0.24595469255663427,0.0,0.0,0.022044088176352616,0.0,0.028301886792452935,-0.06833183714421498
2010-03-31,0.020263705759888895,0.06173010380622834,0.02525134440028065,0.07716727716727712,-0.02857142857142858,-0.037638043723236425,-1.439252336448598,-1.439252336448598,-1.4222222222222223,-1.4222222222222223,-0.8582949308755761,0.10273972602739723,-1.0616929698708752,-0.7784431137724551,-0.07700312174817903,-0.05448504983388702,-0.772215269086358,-0.7649402390438247,-0.02970297029702962,0.008583690987124415,0.0,0.0,-0.04705882352941171,0.0,0.04587155963302725,-0.014283285155585745
2010-06-30,-0.012855393823969496,0.006778777212879783,-0.0049410870391486394,0.003400589435502255,-0.0938375350140056,0.060421545667447285,-1.5957446808510638,-1.5957446808510638,-1.5789473684210527,-1.5789473684210527,-0.5121951219512195,0.1925465838509317,-0.08139534883720934,-0.3851351351351351,-0.05129650507328076,-0.11595221363316943,-2.7456828885400313,-2.8305084745762716,-0.09523809523809512,-0.08936170212765959,0.0,0.0,-0.08230452674897115,-0.38926174496644295,0.043859649122807154,0.003335058363521215
2010-09-30,0.07875697650382407,0.0880486857438818,0.06470588235294117,0.11432444645277906,0.32766615146831524,0.09584805653710249,-1.7142857142857144,-1.7142857142857144,-1.7272727272727273,-1.7272727272727273,-2.666666666666667,0.15104166666666674,1.9240506329113924,-0.8021978021978022,-0.010695187165775444,-0.1351351351351351,-0.5863309352517985,-0.5740740740740742,0.3308270676691729,-0.04439252336448607,1.114583333333333,0.0,0.23094170403587433,-0.5934065934065934,0.03361344537815136,-0.02355435841595499
2010-12-31,-0.0016607051609606183,-0.04260383196477446,0.013489273157781367,0.07603406326034068,-0.2502910360884749,0.022168480451430828,7.85,7.85,8.125,8.125,-9.41,0.28959276018099556,-1.9393939393939394,-19.88888888888889,0.20420420420420426,-0.003676470588235392,-4.279347826086957,-4.108695652173913,-0.25141242937853114,-0.25183374083129584,1.3017241379310347,0.0,-0.24954462659380683,0.0,0.016260162601626105,-0.1102828970536448
2011-03-31,0.10403071017274468,0.17986326911124917,0.06279646017699125,0.07292255511588475,1.06055900621118,0.06506309148264977,-1.5819209039548023,-1.5819209039548023,-1.5753424657534247,-1.5753424657534247,-1.5148632580261592,0.22807017543859653,-5.488479262672811,-0.38235294117647056,0.10473815461346625,0.2518450184501846,-0.7059993370898243,-0.7062937062937062,0.2792452830188681,0.673202614379085,0.0,0.0,0.162621359223301,0.0,0.016000000000000014,0.09967675968071754
2011-06-30,0.022369031061659772,0.029919932574799857,0.015520916600053392,0.03951527924130671,0.11152976639035428,0.04035542391706781,-0.5436893203883495,-0.6116504854368932,-0.6190476190476191,-0.6190476190476191,-0.45496535796766746,-0.62,-1.0482546201232033,-2.9571428571428573,-0.1855530474040632,0.22549742078113466,-0.2626832018038332,-0.33333333333333326,0.17699115044247793,-0.041015625,0.0,0.0,0.1544885177453028,0.0,0.0,-0.009238152369525965
2011-09-30,0.02760457997959409,0.07528641571194772,0.03168251885864226,-0.016894745734076677,0.01627118644067793,0.07864768683274015,2.574468085106383,3.0250000000000004,3.125,2.75,0.2838983050847457,0.744360902255639,-21.170212765957448,-1.78345498783455,0.1784922394678492,-0.17618761274804573,-3.2553516819571864,-3.928571428571429,0.025062656641603898,-0.3014256619144603,0.0,0.0,-0.003616636528028905,0.5405405405405406,0.015748031496062964,0.09378784209251645
2011-12-31,-0.027580120249324325,-0.06659056316590561,0.017611902339776275,0.018903591682419618,-0.5003335557038026,-0.06252062025734084,-0.8511904761904762,-0.84472049689441,-0.8787878787878788,-0.8333333333333333,-6.759075907590759,-0.19396551724137934,-1.9293248945147679,1.0062111801242235,0.3038570084666039,-0.12408759124087587,1.9254237288135596,1.3658536585365852,-0.7506112469437652,-0.14577259475218662,-0.2865168539325843,0.0,-0.7441016333938294,1.543859649122807,0.0,-0.08391918073623028
2012-03-31,0.020477622099948967,0.017937219730941756,0.01299593876913474,-0.00809580030359247,0.15220293724966627,-0.026394509941932043,-1.16,-1.44,-1.625,-1.5,-1.4320916905444125,0.5775401069518717,-1.3700340522133938,-2.0665634674922604,-0.24855699855699853,0.11999999999999988,-0.22920046349942058,-0.31958762886597936,0.4509803921568627,3.4982935153583616,-0.6062992125984252,0.0,0.4326241134751774,-0.3517241379310345,-0.007751937984496138,0.026285576167744296
2012-06-30,-0.021623123957754342,-0.033940728874649606,-0.026151853450934404,-0.07838802924672672,0.09733487833140209,-0.06922103741189223,-24.0,-8.727272727272727,-7.999999999999999,-7.6,-1.4018567639257293,-0.264406779661017,-0.9478527607361963,-1.1059506531204644,0.035045607297167436,-0.1964285714285714,0.5192423331328921,0.19696969696969702,0.23648648648648662,-0.4461305007587253,0.2695238095238095,0.0,0.25742574257425743,0.23404255319148914,-0.015625,0.04822185586434302
2012-09-30,0.0192034543491848,0.016167478495180854,0.0015200456013679808,-0.005904059040590437,0.2988384371700106,0.02213592233009698,0.2717391304347827,0.2941176470588236,0.2857142857142858,0.2424242424242422,-0.5973597359735974,0.3271889400921659,14.0,0.3835616438356164,0.046846011131725485,0.06851851851851842,-0.0752028497922026,-0.18354430379746844,0.6284153005464481,-0.13561643835616444,-0.11627906976744196,0.0,0.6023622047244095,-0.1637931034482758,-0.031746031746031744,0.02218727180812219
2012-12-31,-0.05384915547131952,-0.13329933707292196,6.32391070638505e-05,-0.012249443207126953,-0.6991869918699187,-0.04160334346504557,-0.9401709401709402,-1.009090909090909,-1.0,-1.0,10.204918032786885,0.12152777777777768,-5.015686274509804,-0.7623762376237624,0.010633584404076135,0.07279029462738307,0.0,-0.06976744186046513,-1.1778523489932886,-0.3423137876386687,0.33022071307300527,0.0,0.0,-0.10309278350515472,-0.024590163934426257,-0.12254093856467752
2013-03-31,0.028574795263064834,0.0640150623676159,0.021626406981156032,0.0024426907177752533,0.44864864864864873,-0.0380574826560951,3.7142857142857144,-27.0,-inf,inf,-1.6854425749817117,-0.12383900928792568,-2.427734375,3.375,0.0460324419114424,0.0945072697899838,0.0,0.18333333333333335,-1.2830188679245282,0.0,0.25335035098915126,0.0,-0.9484029484029484,0.24137931034482785,-0.025210084033613467,0.06137274549098204
2013-06-30,-0.0042387444151678055,-0.008073435080734326,-0.015474127259222592,-0.029990627928772273,0.33395522388059695,0.008448382443849267,4.696969696969697,5.961538461538462,6.3999999999999995,5.7,-1.5069370330843115,-0.22614840989399299,-1.0287277701778386,0.6952380952380952,0.07460184409052806,0.02952029520295185,0.0,0.39436619718309873,4.8,21.409638554216865,-0.1542769857433809,0.0,4.904761904761905,0.462962962962963,-0.008620689655172376,0.02259853670049572
2013-09-30,0.01656695812241149,0.01114951499609762,0.0014459952219287864,0.0017391304347826875,0.3314685314685315,0.022067838169186782,-0.07978723404255317,-0.08287292817679559,-0.09459459459459452,-0.0746268656716419,-0.6547368421052632,0.0182648401826484,-0.5238095238095238,-1.3595505617977528,-0.0249609984399376,0.3763440860215055,0.0,0.16666666666666652,1.103448275862069,-0.7626881720430108,-0.02046959662853698,0.006082725060827077,1.0645161290322585,0.1898734177215189,-0.008695652173913104,0.009405112226645862
2013-12-31,-0.008205070167496609,-0.04686293968463995,-0.05317345721639777,-0.03067129629629628,0.6869747899159664,-0.04218312674930025,0.35838150289017334,0.3674698795180722,0.3880597014925373,0.32258064516129026,6.536585365853658,0.8430493273542601,14.9,-8.75,0.1983999999999999,0.14166666666666683,0.0,0.5541125541125542,1.4371584699453552,-0.45718169460806524,-0.03073140749846348,0.0,1.46484375,0.6329787234042554,-0.01754385964912264,-0.01669143706413634
2014-03-31,-0.024818850915729995,-0.05067098565478945,-0.028311894974141327,0.0011940298507462366,-0.008094645080946483,-0.0672093508662075,-1.2170212765957447,-1.2555066079295154,-1.2473118279569892,-1.2804878048780488,-2.248381877022654,-0.48661800486618,-3.5,-3.3044354838709675,-0.3815086782376502,0.1551094890510949,0.5411940937299378,-0.128133704735376,-0.013452914798206206,-0.5258764607679467,-0.27330374128091306,0.006045949214026791,0.012678288431061668,-0.12377850162866455,-0.017857142857142905,-0.05179630275549352
2014-06-30,-0.008776035572197527,-0.020472824762369002,-0.026953258273626712,-0.0011926058437686793,0.1456371625863151,0.04184381293354211,-5.176470588235294,-4.672413793103448,-4.3478260869565215,-4.304347826086957,-1.2650680492546986,-0.004739336492891044,-1.5270440251572328,-0.8110236220472441,-0.11656772800863469,0.03199052132701419,-0.32004998611496793,0.051118210862619806,0.5068181818181816,0.045774647887323994,0.21291448516579403,0.006009615384615197,0.6854460093896715,0.0780669144981414,-0.00909090909090915,-0.019312120654772946
2014-09-30,-0.016881123834258105,0.0011196815128140525,-0.021178120617110774,-0.05014925373134327,0.020273972602739665,0.00021477663230240474,-0.244131455399061,-0.244131455399061,-0.24675324675324684,-0.23684210526315796,-0.5232273838630808,-0.12380952380952381,-1.4463007159904535,-1.4953703703703702,0.06536346976175933,-0.023727516264829607,-0.24647743516438636,-0.006079027355623046,0.022624434389140413,-0.35185185185185186,-0.06834532374100732,0.007168458781362075,0.03806870937790152,0.006896551724137945,0.0,0.05395098774693685
2014-12-31,0.08723583093179643,-0.04013918230396418,-0.019773606533887378,-0.007751937984496138,0.9387755102040816,-0.06463388447498386,12.22360248447205,12.22360248447205,12.465517241379311,10.931034482758621,5.558974358974359,0.3369565217391304,-4.06951871657754,2.897196261682243,0.23910550458715596,-0.06428851430811444,0.0,3.3608562691131496,0.9749262536873156,-0.08571428571428574,-0.04478764478764474,0.007117437722419906,0.7826475849731664,3.616438356164384,-0.03669724770642202,-0.032623524526958825
2015-03-31,-0.04268595725882163,-0.03754531330916622,-0.06607221166496124,-0.06524493243243246,0.05041551246537401,-0.0762167125803489,-0.8947862846406763,-0.8947862846406763,-0.8937259923175416,-0.8815028901734104,-1.2048475371383893,-0.2682926829268293,-0.9407665505226481,-2.3141486810551557,-0.2535863026376678,0.10431503979891077,1.6658536585365855,0.1079943899018232,0.04929051530993278,-0.44034090909090906,-0.7348423605497171,0.007067137809187329,0.09734069242348209,0.14317507418397613,-0.01904761904761909,0.0296155496964865
2015-06-30,0.010383017997231292,0.03510895883777243,-0.002113006730317779,0.07092839394623907,0.04694092827004215,0.036779324055665974,-0.1428571428571429,-0.1428571428571429,-0.14457831325301207,-0.14634146341463417,-3.045801526717557,0.6055555555555556,5.852941176470588,-1.0456204379562044,0.015499070055796649,0.12139605462822445,-0.16854732133780626,-0.015822784810126556,0.04911032028469742,0.06598984771573613,-0.0060975609756097615,0.007017543859648923,0.0361225422953817,0.02011680726800802,-0.03883495145631066,-0.03340876607908527
2015-09-30,-5.709065996806206e-05,0.02949967511371021,-0.014743941651635173,0.008858890529424235,0.04357682619647352,0.0028763183125599667,0.41145833333333326,0.41145833333333326,0.42253521126760574,0.41428571428571437,-0.32649253731343286,-0.2906574394463668,-0.8326180257510729,2.04,0.031746031746031855,-0.011163734776725276,-0.1123609243183763,0.027652733118971096,0.045454545454545414,-0.05714285714285716,-0.006134969325153228,0.006968641114982743,0.043689320388349495,0.07061068702290085,-0.04040404040404044,0.020454685478405565
2015-12-31,-0.06143305737938909,-0.22481696541277452,-0.02117328663535778,0.03637884173113104,-0.05382573014723635,-0.02891969407265771,-2.4022140221402215,-2.4022140221402215,-2.4158415841584158,-2.4444444444444446,1.9141274238227148,1.8682926829268292,16.41025641025641,-4.131578947368421,-0.12662721893491125,0.09305508039685262,-0.8931129476584022,-0.8886107634543179,-0.04737183646982479,0.045454545454545414,0.04629629629629628,0.008073817762399127,0.008456659619450413,-0.8888888888888888,0.010526315789473717,-0.25200748656644334
2016-03-31,0.020560861366263117,0.03810454323400103,0.012035455802228201,-0.07181763163203547,0.04693877551020398,-0.09155796209697264,-1.4842105263157894,-1.4842105263157894,-1.4825174825174825,-1.4755244755244756,-1.3621673003802282,-0.5629251700680272,-1.3136966126656848,0.6680672268907564,-0.268970189701897,-0.07042253521126762,-0.1469072164948455,-0.12359550561797761,0.05108991825613085,-0.02415458937198056,7.112094395280236,0.008009153318077944,0.025576519916142626,-0.11229946524064172,-0.02083333333333337,0.11841149406731777
2016-06-30,0.004947249210228266,0.014588235294117569,0.0005624748895138865,-0.0015214083894805608,0.01900584795321647,0.05093470604172312,0.09782608695652173,0.09782608695652173,0.10144927536231885,0.10294117647058809,-1.6850393700787403,-0.19066147859922178,-0.9436619718309859,-1.1486146095717884,0.05468025949953659,-0.035016835016834946,0.024169184290030232,0.05128205128205132,0.032404406999351876,-0.07920792079207917,0.10872727272727256,0.007945516458569779,0.013900245298446468,0.054216867469879526,0.0,0.016094110854503407
2016-09-30,0.016785290628706928,0.015924551638837325,-0.0010440089945390474,0.04484109708315187,0.07054041128646582,-0.008249548852797162,0.5693069306930694,0.5693069306930694,0.5921052631578947,0.5866666666666667,0.367816091954023,0.16346153846153855,-24.416666666666668,-3.76271186440678,-0.14323374340949035,-0.002791346824843055,0.1415929203539823,0.17073170731707288,0.076585059635907,-0.037634408602150615,-0.0531321744834371,0.019144144144144226,0.0532258064516129,0.19428571428571417,-0.02127659574468077,-0.02762980325307196
2016-12-31,-0.03686635944700456,-0.129812813879166,-0.05249618136506151,0.003541666666666776,0.0067009157918249684,-0.027553938133610623,0.7697160883280758,0.7697160883280758,0.7933884297520661,0.8151260504201683,2.549019607843137,0.09917355371900816,1.8612099644128115,-1.9631901840490797,0.161025641025641,0.0528341497550735,2.7829457364341086,2.9114583333333335,0.04431486880466484,-0.022346368715083775,-0.12400415656390718,0.0,0.045176110260336966,2.9904306220095696,-0.021739130434782594,-0.1329437545653761
2017-03-31,0.04136636181939313,0.10615599860090952,0.03801119972849154,0.020344612829561903,0.05014422010206343,-0.01122694466720131,-0.7040998217468806,-0.7040998217468806,-0.695852534562212,-0.6990740740740741,-1.2257300710339385,0.015037593984962516,-1.4950248756218905,-1.8789808917197452,-0.07155477031802115,0.11831173147224994,-0.048838797814207524,-0.01997336884154466,0.04969290898939138,0.07428571428571429,-0.7216291024120205,0.011049723756906049,0.008424908424908395,-0.014388489208633226,0.0,0.08416175231676482
2017-06-30,0.02628824008375008,0.04853754940711452,0.02182442373712612,0.03133265513733474,0.037185717304035526,-0.003514463368477938,-0.11445783132530118,-0.11445783132530118,-0.12121212121212133,-0.10769230769230775,-1.3531468531468531,-0.15555555555555556,-0.9296482412060302,-0.4057971014492754,-0.07802093244529018,0.011292719167905085,-0.08150807899461399,-0.05434782608695654,0.037234042553191404,-0.037234042553191404,0.017045454545454586,0.010928961748633892,0.01053396294950959,-0.03284671532846706,-0.033333333333333326,0.016629108710855656
2017-09-30,0.011674033775359804,0.014324487334137492,0.018398528117750557,-0.028999802722430412,-0.00550010185373806,0.06375474769397727,-0.12244897959183676,-0.12244897959183676,-0.10344827586206884,-0.13793103448275856,-0.693069306930693,-0.22368421052631582,0.1071428571428572,0.23170731707317072,-0.10423116615067074,-0.03085512782838684,-0.17591868647380782,-0.16666666666666652,0.016410256410256396,-0.06629834254143652,0.005586592178770999,0.0108108108108107,-0.016894320632638293,-0.16100628930817618,0.0,0.04463807995108149
2017-12-31,-0.04414071252520724,-0.0963282295228185,-0.04060953577880766,0.0209264526615196,-0.057148709545268295,0.03825554705432288,-1.744186046511628,-1.744186046511628,-1.7692307692307692,-1.8,41.32258064516129,0.15254237288135597,-29.129032258064516,-3.396039603960396,0.2788018433179724,-0.04002425712553048,-0.6565464895635673,-0.6586206896551724,-0.0338042381432897,-0.053254437869822424,0.13055555555555554,0.01497326203208571,-0.01389396709323587,-0.6626686656671664,0.011494252873563315,-0.1148020779980976
2018-03-31,0.030239099859352914,0.06728080276361248,0.03307679711806122,-0.016716417910447756,0.02911144905496421,-0.05919921395234584,-1.78125,-1.78125,-1.775,-1.775,-1.2964939024390243,0.21568627450980382,-1.4575688073394495,-1.9173553719008265,-0.19999999999999996,-0.015792798483891368,-0.2638121546961326,-0.26767676767676774,0.031331592689295196,0.018749999999999822,1.878378378378378,0.01475237091675452,-0.0007415647015200921,-0.27111111111111097,0.0,0.08538601421722603
2018-06-30,-0.012798634812286713,0.012484586929716324,-0.008479949278808019,-0.021857923497267784,-0.021110407430863454,0.002872062663185293,1.0933333333333333,1.0933333333333333,1.1290322580645165,1.096774193548387,-1.7840616966580978,-0.10483870967741937,-0.6992481203007519,-1.7297297297297298,0.18243243243243246,-0.17169448010269583,0.054409005628517804,0.04827586206896539,-0.009620253164557058,-0.19631901840490784,0.11267605633802824,0.014537902388369606,-0.008534322820037188,0.030487804878048586,0.022727272727272707,0.035107760261975596
2018-09-30,0.013598386632094561,0.028010351651697407,0.006394372951802341,0.04427891578729559,0.035152037955574755,0.022650351470971053,1.2356687898089174,1.2356687898089174,1.2575757575757573,1.2769230769230768,-0.8032786885245902,-0.12612612612612617,-0.5166666666666666,-1.5432098765432098,-0.08380952380952378,-0.10577295621852001,0.8451957295373667,0.8421052631578947,0.053169734151329306,-0.0992366412213741,-0.16494054468738018,0.014329580348004134,0.021332335329341312,0.8402366863905326,0.0,-0.015597410241318332
2018-12-31,-0.04087317378204769,-0.1226121723678365,-0.06266380748153444,-0.05270457697642161,0.01333333333333342,-0.013238289205702691,-0.6866096866096867,-0.6866096866096867,-0.6912751677852349,-0.6891891891891893,14.666666666666666,0.046391752577319645,-15.137931034482758,0.011363636363636465,-0.09251559251559249,-0.07365684575389941,0.40405014464802314,0.4249999999999998,0.016990291262135804,-0.11864406779661008,-0.5186035829122646,0.016145307769929396,0.05643092707951647,0.44051446945337625,-0.011111111111111072,-0.07376681614349778
2019-03-31,0.08303698435277385,0.09569620253164568,0.12201321809862731,0.06400334658021345,-0.011513157894736836,-0.07172342621259031,-1.5545454545454547,-1.5545454545454547,-1.5652173913043477,-1.5652173913043477,-1.3872340425531915,0.20197044334975378,-1.7865853658536586,-1.4157303370786516,0.04238258877434142,-0.07717492984097285,-0.19917582417582425,-0.20300751879699241,-0.01288782816229117,-0.09615384615384626,-0.35114503816793896,0.01588877855014892,-0.08740894901144636,-0.1852678571428572,-0.022471910112359605,0.02977487291212766
2019-06-30,0.010780933617906108,0.04451632778804693,0.013517595529376258,-0.0011794770984863145,0.00811148086522473,0.009449694274596965,-1.8852459016393444,-1.8852459016393444,-1.8846153846153846,-1.8846153846153846,-1.2005494505494505,-0.2827868852459017,-0.7426356589147287,0.7297297297297298,0.07692307692307687,-0.14039533705017737,-0.1938250428816466,-0.19811320754716988,0.00822050290135401,-0.12765957446808507,0.07058823529411762,0.01564027370478982,-0.0026605853287722248,-0.17260273972602735,-0.034482758620689724,0.04576085253095119
