Quarter end,Assets,Current Assets,Liabilities,Current Liabilities,Shareholders equity,Revenue,Earnings,Earnings available for common stockholders,EPS basic,EPS diluted,Cash from operating activities,Cash from investing activities,Cash from financing activities,Cash change during period,Cash at end of period,Price,ROE,ROA,Book value of equity per share,P/B ratio,P/E ratio,Cumulative dividends per share,Equity to assets ratio,Net margin,Asset turnover,Current ratio
1993-12-31,-0.036627121467305845,0.08231256599788805,-0.05137395459976102,0.15333200319233842,-0.009871563528287886,0.03567536147642225,-2.0786516853932584,-2.0786516853932584,-2.0625,0.15909090909090917,3.315315315315315,-1.2776365946632784,-0.6911357340720221,-0.8298507462686567,0.6864754098360655,-0.07259953161592503,0.10493179433368316,-0.1264150943396226,-0.009685230024213065,0.005208333333333259,-0.071090047393365,inf,0.027817608259248505,0.12903225806451624,0.0,-0.06160359883567079
1994-03-31,-0.036627121467305845,0.08231256599788805,-0.05137395459976102,0.15333200319233842,-0.009871563528287886,0.03567536147642225,-2.0786516853932584,-2.0786516853932584,-2.0625,0.15909090909090917,3.315315315315315,-1.2776365946632784,-0.6911357340720221,-0.8298507462686567,0.6864754098360655,-0.07259953161592503,0.10493179433368316,-0.1264150943396226,-0.009685230024213065,0.005208333333333259,-0.071090047393365,inf,0.027817608259248505,0.12903225806451624,0.0,-0.06160359883567079
1994-06-30,-0.0026127718435410285,0.08231256599788805,0.009985606333213326,0.15333200319233842,-0.025621783876500825,0.03567536147642225,-2.0786516853932584,-2.0786516853932584,-2.0625,0.15909090909090917,3.315315315315315,-1.2776365946632784,-0.6911357340720221,-0.8298507462686567,0.06925880923450789,-0.005050505050505083,0.10493179433368316,-0.1264150943396226,-0.02689486552567233,0.005208333333333259,-0.071090047393365,1.166666666666667,-0.023158482142857095,0.12903225806451624,0.0,-0.06160359883567079
1994-09-30,-0.005913398566915751,0.08231256599788805,-0.016418752412339255,0.15333200319233842,0.014247992078336491,-0.014031149151115474,-3.6927083333333335,-3.6927083333333335,-3.6470588235294117,0.15909090909090917,0.8643006263048016,0.22654462242562934,-0.12331838565022424,14.12280701754386,0.9795454545454545,0.015228426395939021,0.10493179433368316,-0.1264150943396226,0.015075376884422065,0.041450777202072464,-0.071090047393365,0.46153846153846145,0.020279920022850506,0.12903225806451624,0.0,-0.06160359883567079
1994-12-31,0.020810323780735995,0.08231256599788805,0.004014730741366712,0.15333200319233842,0.05060476216304166,0.0910772733741283,1.4661508704061896,1.4661508704061896,1.488888888888889,0.15909090909090917,-0.17805151175811873,-3.503731343283582,-0.3734015345268542,1.945475638051044,1.4575200918484499,0.06499999999999995,0.10493179433368316,-0.1264150943396226,0.04950495049504955,0.04975124378109452,-0.071090047393365,0.3157894736842106,0.02939529675251973,0.12903225806451624,0.0,-0.06160359883567079
1995-03-31,-0.031167549304329634,0.08231256599788805,-0.05541024022128016,0.15333200319233842,0.012700051626226116,-0.13779835659319162,-0.6933333333333334,-0.6933333333333334,-0.6964285714285714,0.15909090909090917,-1.1028610354223434,-1.3673621460506706,0.8,-1.424970460811343,-0.25204391497313716,0.06220657276995323,0.10493179433368316,-0.1264150943396226,0.011792452830188704,0.009478672985782088,-0.071090047393365,0.24,0.04514549904813703,0.12903225806451624,0.0,-0.06160359883567079
1995-06-30,0.01839697498089765,0.08231256599788805,0.016869310586288044,0.15333200319233842,0.02044249592169667,0.09257998638529608,0.4373401534526855,0.4373401534526855,0.44117647058823506,0.15909090909090917,-9.874172185430464,0.4503042596348885,-0.36734693877551017,-1.3104726598702503,0.10462211118051212,0.03646408839779003,0.3466286799620133,-0.1264150943396226,0.020979020979021046,0.028169014084507005,-0.071090047393365,0.22580645161290325,0.002081706999739863,0.3742857142857141,0.0,-0.06160359883567079
1995-09-30,-0.2769911504424779,0.08231256599788805,-0.4398397395768123,0.15333200319233842,-0.01653594444721984,0.03136033229491164,-0.9804270462633452,-0.9804270462633452,-0.9795918367346939,0.15909090909090917,0.7470149253731344,-0.47832167832167827,14.272401433691757,-7.86865671641791,-0.7998303647158609,0.07036247334754786,-0.1974612129760226,-0.1264150943396226,-0.0182648401826484,0.04566210045662111,-0.2240259740259739,0.1578947368421053,0.36016619059984434,-0.19542619542619544,0.09090909090909083,-0.06160359883567079
1995-12-31,-0.029695066787291835,0.08231256599788805,0.05990165400089409,0.15333200319233842,-0.11114497612516505,-0.03188347429185123,64.36363636363636,64.36363636363636,62.0,0.15909090909090917,0.19179837676206746,1.1501340482573728,-0.7812720018774936,-1.4524119947848761,1.4703389830508473,0.1254980079681276,-0.23022847100175747,-0.17926565874730027,-0.11395348837209296,0.14847161572052392,0.37836222355050797,0.13636363636363646,-0.08400152730049648,-0.23772609819121449,0.07500000000000018,-0.06160359883567079
1996-03-31,0.046892996215653016,0.09005317332552809,0.07191058625052715,0.12395121529279485,0.01977368842153382,0.15191014352076548,-0.2837273991655076,-0.2837273991655076,-0.2857142857142857,0.15909090909090917,-1.5899641577060932,-0.6384039900249376,-2.273605150214592,-1.729106628242075,-0.4339622641509434,0.15221238938053094,0.09931506849315075,0.1578947368421053,0.0209973753280841,0.30038022813688214,0.5364267129228102,0.1200000000000001,-0.025844101709045497,0.013559322033898313,0.13953488372093026,-0.03017314308273633
1996-06-30,0.015821458507963015,-0.017050794361154642,0.006836513869761918,0.006233646298291484,0.026059179556153333,0.06945949199470336,0.30291262135922326,0.30291262135922326,0.28888888888888875,0.15909090909090917,-2.0164034021871204,3.403448275862069,-2.047177759056445,0.11725955204216065,-0.8565656565656565,0.04377880184331806,0.08515057113187963,0.15454545454545454,0.023136246786632286,0.02046783625731008,-0.0287891617273498,0.125,0.010055626872058188,0.006688963210702337,0.14965986394557818,-0.023144917422656452
1996-09-30,0.05381640020629197,0.03282644327080675,0.07332323775096472,0.11089866156787753,0.03200611721011515,0.02054254840162084,0.23099850968703417,0.23099850968703417,0.22413793103448287,0.15909090909090917,-0.12552301255230125,-0.15896632732967897,-0.8584070796460177,-1.2464622641509433,1.471830985915493,-0.0066225165562914245,0.44114832535885196,0.393700787401575,-0.05276381909547734,-0.028653295128939882,-0.06015693112467291,0.09523809523809512,-0.020546494386782577,0.35548172757475105,0.029585798816567976,-0.07024645791165607
1996-12-31,0.08561920375853371,0.05708618029534929,0.03650100127434919,0.035938037865748784,0.14273617359089696,0.17663927645728772,0.2009685230024214,0.2009685230024214,0.08450704225352124,0.15909090909090917,1.0710868079289133,0.35288640595903176,1.4204545454545454,4.444976076555024,5.085470085470085,0.06296296296296289,0.04116865869853914,0.0466101694915253,0.13262599469496017,0.12389380530973448,-0.25108225108225124,0.0869565217391306,0.052551903114187004,-0.002450980392156965,0.04597701149425282,0.020425150467409336
1997-03-31,0.009940044177974228,-0.04653878231859887,-0.019935013612013663,-0.1596996078952615,0.04145053723601344,-0.11065804274465696,-0.16330645161290325,-0.16330645161290325,-0.15584415584415579,0.15909090909090917,-1.2904290429042904,-0.06951135581555401,-3.2746478873239435,-2.126537785588752,-0.6001872659176031,0.16167247386759587,0.041454081632653184,0.06072874493927127,0.042154566744730726,0.023622047244094446,0.0970272502064411,0.08000000000000007,0.031230737620710824,0.0687960687960687,-0.005494505494505475,0.13465520486917248
1997-06-30,0.15225299618363208,0.19681595521343587,0.2649641577060933,0.40525150268902244,0.040378885578334245,0.17581027667984195,0.227710843373494,0.227710843373494,-0.3846153846153846,0.15909090909090917,-1.7295454545454545,0.8994082840236686,0.6243550051599587,-0.7269890795631826,-0.4098360655737705,0.09598080383923202,0.039804041641151366,0.026717557251908275,0.035955056179775235,0.05384615384615388,0.015054572826495916,0.08641975308641969,-0.09723052400876675,0.043678160919540465,-0.016574585635359185,-0.1483160979925897
1997-09-30,0.06182571810416637,0.07107878965063597,0.07735354537082939,0.04277352543899138,0.04308612951485369,0.03298821209268965,0.18842001962708532,0.18842001962708532,0.17499999999999982,0.15909090909090917,2.794392523364486,-0.4092679127725857,-1.3532401524777637,-2.008571428571429,0.7003968253968254,0.29830322933771214,0.03886925795053009,0.027261462205700138,0.010845986984815648,0.25304136253041354,0.20059325176121634,0.06818181818181812,-0.017656146546016327,0.04185022026431717,-0.016853932584269704,0.027141094734108195
1997-12-31,0.022053592601375405,0.013886519499130001,-0.014202117167466666,-0.043123920552677,0.059173052493545875,0.03497201371111203,0.22543352601156075,0.22543352601156075,0.23404255319148937,0.15909090909090917,0.34811165845648606,-0.05735003295978902,-0.15287769784172667,2.8413597733711047,1.5822637106184363,0.1585160202360878,0.07199546485260755,0.0579010856453559,0.05579399141630903,0.14563106796116498,0.07411982705373688,0.06382978723404253,0.03639631543473376,0.08879492600422823,-0.02857142857142858,0.05954864403565319
1998-03-31,0.03596287703016232,0.030017498990442926,0.03348229173614348,0.05567149867448817,0.04031415638178504,-0.012577034335303772,-0.20619946091644203,-0.20619946091644203,-0.22413793103448265,0.15909090909090917,-1.079171741778319,0.01118881118881121,-1.9320594479830149,-1.9432153392330385,-0.5779484862178039,-0.13755458515283847,0.029085140137493415,0.011402508551881407,0.03861788617886197,-0.18305084745762712,-0.23231742380678555,0.06000000000000005,0.004118794710600504,0.023300970873786353,-0.0117647058823529,-0.02428256070640178
1998-06-30,0.0657248686364027,0.08902901202300062,0.0876411745724428,0.1462385125026715,0.03986760385287669,0.0510762960132467,0.15874363327674024,0.15874363327674024,0.15555555555555567,0.15909090909090917,-1.146153846153846,0.05463347164591981,3.61503416856492,-1.4065676309616888,0.556745182012848,0.04135021097046421,0.02466598150051391,0.02367531003382184,0.039138943248532065,0.0020746887966804906,-0.021722846441947552,0.06603773584905648,-0.024179620034542326,0.0436432637571158,-0.017857142857142905,-0.04989604989604979
1998-09-30,0.8819915939217589,0.8891188911889119,1.201388476829051,1.1906959399617767,0.4477665319552233,0.7062530295685894,-4.860805860805861,-4.860805860805861,-3.3076923076923075,-3.3529411764705883,87.36842105263158,1.3888524590163933,-1.0528134254689043,-1.8057692307692308,0.5715268225584593,-0.27795786061588323,-1.205616850551655,-1.1872246696035242,-0.13370998116760824,-0.30434782608695654,-0.31776416539050534,0.053097345132743445,-0.23075221238938048,0.0,-0.04848484848484835,-0.13766250482687603
1998-12-31,-0.04948462463494241,-0.03668413530252501,-0.05597035040431264,-0.1624146222099283,-0.038808329833749156,0.9645359848484849,-1.4895635673624288,-1.4895635673624288,-1.4916666666666667,-1.5,-0.5815961882072662,-0.49300027449903927,-2.6728971962616823,-0.38186157517899766,-0.11334792122538295,-0.09147025813692478,-0.8926829268292683,-0.9,-0.03913043478260869,0.04761904761904767,4.506172839506173,0.050420168067226934,0.011216566005176842,0.0,0.2738853503184713,0.15008582730054476
1999-03-31,-0.02222141895372265,-0.018628420705572024,-0.03407711964823623,-0.05903871557768514,-0.005397070161912154,-0.527126364753802,-0.7596899224806202,-0.7596899224806202,-0.7627118644067796,-0.7666666666666666,0.23843416370106763,-0.5289658906334597,7.212290502793296,-9.339768339768339,1.0681145113524186,0.07226683137739331,3.3863636363636367,3.1764705882352944,-0.006787330316742168,0.11647727272727271,0.011006930289441552,0.05600000000000005,0.017349260523321863,0.0,-0.04500000000000004,0.042959117456197404
1999-06-30,-0.031146025878003747,-0.060641693263900565,-0.05512858409695531,-0.008639308855291628,0.01498708010335914,-0.06472986748216103,0.33870967741935476,0.33870967741935476,0.357142857142857,0.357142857142857,-2.040229885057471,-3.1839080459770117,-1.7891156462585034,-1.3842592592592593,-0.19809069212410502,0.19412442396313367,0.632124352331606,0.5915492957746478,0.013667425968109548,0.20101781170483446,7.358870967741936,0.045454545454545414,0.04752585965893186,0.0,-0.041884816753926635,-0.05245146839223502
1999-09-30,0.009730039110941613,0.030221745350500706,0.010949475989363355,0.013616557734204893,0.01400203665987787,-0.037329700272479616,-0.3012048192771084,-0.3012048192771084,-0.3157894736842105,-0.3157894736842105,-0.39779005524861877,-1.7263157894736842,-2.75,-0.5060240963855422,-0.12202380952380953,0.09165460684997573,-4.7365079365079366,-4.79646017699115,0.01348314606741563,0.0783898305084747,0.0,0.04347826086956519,0.004270082732853009,-0.5690909090909091,-0.010928961748633892,0.016350384135531026
1999-12-31,0.013509683514407289,0.04530463461204648,-0.0034039919542008246,-0.00779150994089195,0.03791112226964599,0.0673648457401641,3.0517241379310347,3.0517241379310347,3.153846153846154,3.0769230769230766,-4.201834862385321,-0.10144927536231885,-1.2463054187192117,-5.170731707317073,0.5796610169491525,-0.13787008395934586,-0.06457094307561595,-0.04195804195804198,0.03325942350332611,-0.14931237721021606,-0.9556078147612156,0.04861111111111116,0.02391708743024168,0.240506329113924,-0.22651933701657467,0.05355989145884488
2000-03-31,-0.11633109619686799,-0.16937894387246766,-0.23645396677534547,-0.3011102085025724,0.09361393323657485,-0.24184566428003185,0.123404255319149,0.123404255319149,0.11111111111111094,0.1132075471698113,-1.2951289398280803,-0.45967741935483875,13.98,-1.5672514619883042,-0.20815450643776823,0.002050230650948226,0.40326975476839233,0.5085158150851583,0.09227467811158796,-0.03002309468822173,0.07280630263515353,0.039735099337748325,0.23773682844536737,0.5748299319727892,-0.042857142857142705,0.18844667934016068
2000-06-30,0.034388185654008474,0.07297081167532982,0.05957706384709227,0.08950019372336304,0.0064145100641450625,0.0031479538300105414,-0.7159090909090908,-0.7159090909090908,-0.7166666666666666,-0.711864406779661,0.6699029126213591,0.791044776119403,-1.42456608811749,-0.9381443298969072,-0.016260162601625994,0.14219948849104846,-0.047896440129449824,0.004838709677419395,0.003929273084479545,0.04523809523809508,-0.21473790833122308,0.03821656050955413,-0.027049695953030084,0.04751619870410373,-0.04477611940298509,-0.015170278637770873
2000-09-30,0.009280032633081747,0.0018632383081795822,0.002110919209364903,-0.003200568990042729,0.01758241758241752,0.05439330543933063,1.0933333333333333,1.0933333333333333,1.0588235294117645,1.0588235294117645,-1.5,-0.8333333333333334,-1.4433962264150944,7.833333333333334,-0.1460055096418733,0.07881773399014791,0.11420802175390876,0.1765650080256822,0.023483365949119372,0.07289293849658329,0.09416317316994505,0.036809815950920255,0.008189655172413879,0.20412371134020613,-0.0234375,0.00508225924761585
2000-12-31,0.020814388198443945,0.035521666356704396,0.18249712753734193,0.36496610774170524,-0.15982721382289422,0.055886243386243484,-0.9681528662420382,-0.9681528662420382,-0.9714285714285714,-0.9714285714285714,0.5348837209302326,9.2,-0.9148936170212766,0.49056603773584895,-0.2548387096774194,-0.13075965130759648,-0.30506406345332515,-0.30422919508867674,-0.1319311663479924,-0.15074309978768574,-0.247273798997937,0.041420118343195256,-0.17699871740059847,-0.28253424657534243,-0.02400000000000002,-0.2413595370901318
2001-03-31,0.031178857765020274,0.027298850574712707,0.0383805668016195,0.05723993727130172,0.01902313624678653,-0.0153460695270905,20.8,20.8,24.0,24.0,0.25757575757575757,0.47058823529411775,-19.25,-1.5949367088607596,0.20346320346320357,-0.03629417382999056,-0.2870939420544337,-0.3254901960784313,0.017621145374449254,0.1100000000000001,0.41111981205951453,0.03409090909090917,-0.011688311688311748,-0.32458233890214805,0.0,-0.028310314024599825
2001-06-30,0.02332501439815693,0.02447552447552437,-0.03602620087336239,-0.17008652657601975,0.11907164480322896,0.06202290076335881,2.5045871559633026,2.5045871559633026,2.6,2.56,0.07228915662650603,-0.4933333333333333,-6.36986301369863,0.06382978723404253,0.17985611510791366,0.00941526263627357,0.9014778325123156,0.8488372093023258,0.11688311688311681,-0.006756756756756799,0.4492230854605992,0.03296703296703285,0.09356110381077531,0.8162544169611308,0.016393442622950838,0.23442472243830004
2001-09-30,0.0029077947659694736,-0.012457337883959085,-0.01391360621258697,-0.172773309502532,0.024797114517583374,0.015573525007487321,-0.531413612565445,-0.531413612565445,-0.5333333333333334,-0.5280898876404494,0.1910112359550562,0.10526315789473695,-0.8596938775510204,-3.02,-0.30792682926829273,-0.3107511045655377,0.03886010362694292,0.014150943396226356,0.025193798449612448,-0.3832199546485261,-0.6415852958070074,0.037234042553191626,0.02186974285027632,0.005836575875486361,0.008064516129032251,0.19380155820348288
2001-12-31,0.025626636737747788,-0.03697943666839465,0.019524200164068972,0.04717320849837958,0.03629564452265721,-0.06458271896195811,-0.22346368715083798,-0.22346368715083798,-0.23809523809523803,-0.23809523809523803,1.231132075471698,0.41666666666666674,0.4121212121212121,-1.6237623762376239,0.27753303964757703,-0.29059829059829045,0.14276807980049888,0.17364341085271318,0.022684310018903586,-0.30882352941176483,-0.3221153846153846,0.03076923076923066,0.010348071495766664,0.19922630560928423,-0.02400000000000002,-0.08037813714669595
2002-03-31,-0.007842422031734464,-0.024223936838327687,-0.016253620856131357,-0.06808803301237965,0.002122691572914448,-0.05201765447667084,-0.841726618705036,-0.841726618705036,-0.84375,-0.84375,-0.6723044397463003,-0.6764705882352942,-0.6008583690987124,-1.380952380952381,-0.08275862068965523,-0.33232931726907633,-0.14457174031642117,-0.1162483487450463,0.001848428835489857,-0.3457446808510638,-0.4428684003152088,0.029850746268656803,0.010009310986964781,-0.09838709677419355,-0.016393442622950838,0.047067418075558365
2002-06-30,0.10174632352941182,-0.04817947774917253,0.264845411418289,0.10221402214022146,-0.10951069688625292,0.07582307948121048,-23.636363636363637,-23.636363636363637,-23.999999999999996,-23.999999999999996,2.0,3.3766233766233764,-0.9139784946236559,-5.875,0.4398496240601504,0.2857142857142858,-1.221938775510204,-1.2122571001494769,-0.11070110701107005,0.2845528455284554,0.43988684582743987,0.0338164251207731,-0.19174925097948836,0.0,-0.04166666666666674,-0.13644971593740673
2002-09-30,-0.023024943688996435,0.0007727975270479526,-0.04423176409725815,-0.0448610646133244,0.015699333967649887,-0.07820710973724887,-1.1887550200803212,-1.1887550200803212,-1.191304347826087,-1.191304347826087,-0.18279569892473113,-0.9910979228486647,20.375,0.7350427350427351,0.5300261096605745,-0.26900584795321647,0.5603448275862071,0.4999999999999998,0.014522821576763434,-0.17721518987341778,0.0,0.028037383177570208,0.039635015682919716,0.0,-0.05217391304347807,0.047783933518005695
2002-12-31,0.09674664845017511,0.07335907335907343,0.2565629228687416,0.14686295127935511,-0.18337236533957846,0.12273641851106643,-7.553191489361702,-7.553191489361702,-7.5,-7.5,0.47894736842105257,17.666666666666668,-1.1403508771929824,1.5665024630541873,0.8890784982935154,0.36319999999999997,3.4069981583793743,2.953051643192488,-0.18404907975460116,0.33846153846153837,0.0,0.027272727272727115,-0.25534832693362575,0.0,-0.02752293577981657,-0.0640559594624367
2003-03-31,-0.020242914979757054,-0.02194244604316542,-0.02842989446478572,-0.06937652811735939,-0.001720676799541132,-0.08602150537634412,-1.0698051948051948,-1.0698051948051948,-1.06993006993007,-1.06993006993007,-1.3754448398576513,-3.375,-4.916666666666666,-1.3435700575815739,-0.16169828364950312,0.14436619718309873,0.057668198913497504,-0.05463182897862229,-0.0025062656641604564,0.4022988505747127,0.0,0.030973451327433787,0.018784530386740217,0.0,-0.028301886792452824,0.05096216088977812
2003-06-30,0.11427209154481877,0.2458624494299375,0.15972068277543783,0.08932676518883409,-0.0014363688595231405,0.17614379084967324,-0.39534883720930236,-0.39534883720930236,-0.4,-0.4,-0.990521327014218,-1.6240601503759398,-11.5,-6.201117318435754,1.0032327586206895,0.15179487179487183,-0.5136309758988542,-0.5552763819095478,-0.002512562814070307,0.15573770491803285,0.0,0.025751072961373467,-0.10375994215473605,0.0,-0.009708737864077666,0.1436810571700542
2003-09-30,-0.01754385964912286,-0.023025830258302626,-0.025231769091082823,-0.06722942417847455,0.0031645569620253333,0.15254237288135597,1.2307692307692308,1.2307692307692308,1.166666666666667,1.166666666666667,160.0,0.3855421686746987,-1.193515704154002,-1.6842105263157894,-0.3426573426573427,0.03294746215494215,0.1405361494719739,0.03672316384180796,0.0025188916876572875,0.03546099290780136,0.0,0.025104602510460206,0.020976200080677687,0.0,0.03921568627450989,0.04739290085679304
2003-12-31,0.12245934959349603,0.1964042906783503,0.25659378370428465,1.114414996767938,-0.2695726985947806,0.31726133076181284,-17.32758620689655,-17.32758620689655,-17.846153846153847,-17.846153846153847,-0.25465838509316774,0.13913043478260878,-5.890052356020942,-1.9309262166405023,0.4852700490998363,0.07758620689655182,0.7984330484330484,0.5994550408719346,-0.27135678391959805,0.07534246575342474,0.0,0.02857142857142847,-0.3492690636112208,0.0,0.10377358490566024,-0.4341607067732436
2004-03-31,0.061048955571363805,0.16971839878772577,0.07872971285892638,0.05823907062060529,-0.029446407538280317,0.010065885797950314,-0.9313621964097148,-0.9313621964097148,-0.9315068493150684,-0.9315068493150684,-0.2666666666666667,0.12977099236641232,-0.5267665952890792,-0.8010118043844856,0.06501377410468323,0.1704000000000001,0.2269306930693069,0.05962521294718903,-0.03103448275862064,0.6050955414012738,0.0,0.023809523809523725,-0.08500303582270807,0.0,0.0769230769230771,0.10532837670384154
2004-06-30,-0.05412324008045344,0.0289323113462161,-0.011428571428571455,-0.013000144446049355,-0.2977346278317152,-0.1020112339191882,9.261538461538462,9.261538461538462,9.133333333333335,9.133333333333335,-3.022727272727273,-0.9797297297297297,-1.1289592760180995,1.5169491525423728,0.15364718054837034,0.02050580997949414,1.0435765009683666,0.7041800643086817,-0.29893238434163705,0.05357142857142838,0.0,0.023255813953488413,-0.2574651625746517,0.0,0.039682539682539764,0.042451420029895326
2004-09-30,0.028287905148527637,0.030636869163781277,0.03651130460232688,0.03248938972632809,-0.032834101382488434,-0.0334947538337369,-0.9340329835082459,-0.9340329835082459,-0.9276315789473684,-0.9407894736842105,1.2387640449438204,-6.666666666666667,-0.3157894736842105,1.5791245791245792,0.34349775784753356,0.012056262558606923,0.29079134417943453,0.026415094339622636,-0.035532994923857864,0.44444444444444464,0.0,0.022727272727272707,-0.05987488829311882,0.0,0.0,-0.001792371666188619
2004-12-31,-0.01015164807620006,0.01415046319861557,-0.17012565297190452,0.0012756909992912568,1.3418701608100059,0.08580375782881,3.6136363636363633,3.6136363636363633,3.2727272727272725,4.222222222222222,-1.0614805520702635,-6.411764705882353,0.6153846153846154,-1.245430809399478,-0.06275033377837114,0.2369291859695568,-0.5119921683798336,-0.4347426470588235,1.0526315789473686,0.28292046936114734,0.0,0.025925925925925908,1.3659695817490496,0.0,-0.01526717557251911,0.012856424621130458
2005-03-31,-0.12598126107875407,-0.17606906243726161,-0.20432119768628787,-0.26684597961494905,0.1032553407934893,-0.050567198615650844,-2.7980295566502464,-2.7980295566502464,-2.5531914893617023,-2.5319148936170213,20.244897959183675,-11.478260869565217,-0.6349206349206349,-0.4414893617021277,-0.35470085470085466,0.10326377742108073,-0.5288365095285857,-0.41463414634146345,0.10000000000000009,-0.46239837398373984,0.0,0.02166064981949467,0.2623543591803936,0.0,0.007751937984496138,0.12388313714366772
2005-06-30,-0.042735042735042694,-0.029361598440545755,-0.10113320504596968,-0.19443908090364936,0.08229598893499301,0.04556500607533409,0.07397260273972606,0.07397260273972606,0.06849315068493156,0.05555555555555558,-1.3631123919308357,-1.1255186721991701,20.347826086956523,1.2571428571428571,-0.1307947019867549,0.08001939864209495,-1.7413517828632252,-1.963888888888889,0.07692307692307687,-0.018903591682419618,0.0,0.021201413427561766,0.13080840229153412,-0.5456171735241503,0.05384615384615388,0.20487096977727304
2005-09-30,0.036243946731234766,0.0657713066398895,-0.02295432921027596,0.014381591562799612,0.1388711395101172,-0.013170637226418758,0.2729591836734695,0.2729591836734695,0.26923076923076916,0.25,0.46031746031746024,-0.4132231404958677,-1.140529531568228,-3.3164556962025316,0.34857142857142853,0.29681185451279757,0.6511127063890882,1.146974063400576,0.12770562770562766,0.20423892100192664,5.166994106090374,0.02422145328719716,0.09878975513650445,1.031496062992126,0.05109489051094873,0.05069124423963145
2005-12-31,0.09602044541803578,0.09845718996584618,0.03384053560559952,0.048440453686200424,0.19169627828688984,0.13797841020608437,1.2084168336673349,1.2084168336673349,1.181818181818182,1.1894736842105265,0.4710144927536233,2.6901408450704225,-4.9855072463768115,-0.5136612021857924,0.12570621468926557,0.07409972299168976,0.9760869565217392,1.2724832214765103,0.18426103646833014,-0.04799999999999993,-0.4958585536795158,0.020270270270270396,0.08734631147540983,1.1763565891472867,0.04861111111111116,0.047697368421052655
2006-03-31,0.01065956029313786,0.04417283156427576,-0.04073943247380196,-0.06197881451431142,0.07846829880728179,-0.10141428078647807,-0.5571687840290381,-0.5571687840290381,-0.5601851851851852,-0.5625,-0.9322660098522167,-0.5572519083969465,-0.8072727272727273,-1.4232209737827715,-0.047260560434964405,0.16924564796905228,-0.062266226622662235,0.026580035440047167,0.0794165316045381,-0.01176470588235301,-0.4919431279620854,0.026490066225165476,0.06713780918727918,0.03918076580587715,-0.013245033112582738,0.11317254174397018
2006-06-30,0.06618325642715894,0.09364411130506212,0.07438320854302205,0.14440172993752998,0.06635622817229336,0.06429942418426093,0.21106557377049184,0.21106557377049184,-0.3894736842105263,-0.39560439560439553,26.854545454545455,-1.6896551724137931,3.264150943396227,-13.345132743362832,0.612379280070237,0.04631927212572373,-0.029563585171281104,0.02704257767548901,0.06756756756756754,-0.030612244897959107,0.0043532338308458485,0.022580645161290214,0.00022075055187653625,0.06083976006855174,-0.033557046979865834,-0.04435897435897418
2006-09-30,-0.01174724867070609,-0.040935123462585654,-0.0004569861761681837,-0.012807054377493188,-0.03261462882096067,0.05157799819657338,0.03384094754653133,0.03384094754653133,0.051724137931034475,0.05454545454545445,-0.1566579634464752,-3.4375,4.398230088495575,-1.0888888888888888,-0.03375986931663488,-0.13992094861660087,-0.02393617021276595,0.0039215686274509665,-0.008438818565400963,-0.1947368421052632,-0.19814241486068107,0.025236593059936974,-0.02118737585521957,0.007269789983844976,0.0,-0.028485824165995988
2006-12-31,0.05230230230230237,0.09476260401370529,0.028346096696765244,0.0053168864313057895,0.040485258851742145,0.02726805007717381,0.07692307692307687,0.07692307692307687,0.06557377049180335,0.12068965517241392,-0.39783281733746134,0.0,-1.1795081967213115,-7.693548387096774,0.23386869540715693,-0.07138480392156865,-0.18850631657171169,-0.1830357142857143,0.04680851063829783,-0.0631808278867102,-0.108108108108108,0.024615384615384706,-0.011273957158962844,-0.16599839615076195,-0.02083333333333337,0.08897583429229017
2007-03-31,0.04863258026159345,0.04757220781543414,0.07602534178059361,0.07446583456737899,0.06995661605206083,-0.4287145242070117,-0.16109422492401215,-0.16109422492401215,-0.15384615384615385,-0.16923076923076918,-0.20951156812339333,5.635897435897436,-1.2191780821917808,-1.8819277108433736,-0.16716145238638958,-0.0042890135268888185,-0.007936507936507908,-0.010928961748633781,0.16937669376693787,-0.0488372093023256,0.16883116883116878,0.02102102102102088,0.02029646522234896,0.11538461538461542,-0.11347517730496448,-0.025023247949953586
2007-06-30,-0.32027440752919833,-0.37925736235595386,-0.3740316083049272,-0.5735380980507974,-0.2577293461733401,0.09146697837521911,1.7717391304347827,1.7717391304347827,2.0727272727272723,2.0,-0.33333333333333337,-0.8083462132921175,19.604166666666668,0.14480874316939896,-0.22977789964354267,0.12955599734923795,0.4618461538461538,0.48273480662983403,-0.2375434530706837,-0.03422982885085568,0.08814814814814809,0.026470588235294246,0.09208761734465787,0.5224137931034483,-0.02400000000000002,0.455518945634267
2007-09-30,0.04003670030861617,-0.0070132013201320564,0.020132013201320076,0.011542012927054479,0.05786958006145437,0.05167336010709511,-0.5248366013071896,-0.5248366013071896,-0.5088757396449703,-0.5123456790123457,0.802439024390244,2.778225806451613,-0.5813953488372092,-0.26849642004773266,-0.2182271270914916,0.026400704018773702,0.06840665123131973,0.09641360037261304,0.06838905775075999,0.34683544303797476,-0.29748127978216465,0.025787965616045794,0.017191977077364085,0.14949037372593432,-0.049180327868852514,-0.018318291484228477
2007-12-31,0.05341246290801194,0.048746710981858454,-0.0011323196376576972,0.10041077133728882,0.1079554623204777,0.0639002036659877,-0.050894085281980694,-0.050894085281980694,-0.04819277108433728,-0.03797468354430378,0.30175913396481735,0.2614727854855923,-0.71256038647343,-0.43066884176182707,-0.15892531876138438,0.09145470134324074,0.028368794326241176,0.07646559048428214,0.1095305832147937,0.020676691729323293,0.028100775193798277,0.025139664804469275,0.051710261569416494,0.1290640394088669,-0.04310344827586188,-0.04696886947023482
2008-03-31,0.014693566806242897,0.01624191205598846,-0.0014574898785425505,0.029448361675653345,0.028546460821438968,-0.035893754486719276,-0.15362318840579714,-0.15362318840579714,-0.15189873417721522,-0.1578947368421053,-0.45426195426195426,-1.0194585448392555,2.403361344537815,-1.4212034383954155,0.07958852192744992,-0.08379156847342228,0.04137931034482745,0.0947119179163376,0.03846153846153855,-0.1731123388581951,-0.11121583411875591,0.02452316076294281,0.013774631719915886,-0.029232111692844565,0.12612612612612595,-0.012830308818847613
2008-06-30,0.054021608643457286,0.03235446985446977,0.03194939993512813,0.04995970991136178,0.0740583404134807,0.1136758500868702,-0.13184931506849318,-0.13184931506849318,-0.1343283582089554,-0.140625,-0.12380952380952381,-25.52173913043478,-0.9753086419753086,-1.7755102040816326,-0.0571715145436309,0.3223778222349243,-0.33406916850625457,-0.3172314347512616,0.06790123456790131,0.2717149220489976,0.28738069989395565,0.02393617021276606,0.018871485185884218,-0.3217977528089887,0.008000000000000007,-0.01677040668236196
2008-09-30,-0.014379271070614985,-0.07275015733165513,-0.0006286342920006627,-0.028779739063699128,-0.0208305866842452,0.08156897704479604,-1.0414201183431953,-1.0414201183431953,-1.0344827586206897,-1.0363636363636364,0.4391304347826086,0.21985815602836878,86.0,6.956140350877193,-0.48244680851063826,-0.08817808515236669,-0.3279005524861879,-0.3162618796198522,-0.03930635838150287,-0.14535901926444839,0.26853377265238887,0.023376623376623273,-0.006482681978144167,-0.33532140490390994,0.023809523809523725,-0.04526519500114812
2008-12-31,0.03892821031344784,0.005972580426224949,0.04434659537663155,0.09877518767285665,0.040123872357614054,0.011745312178034206,-23.285714285714285,-23.285714285714285,-27.0,-26.5,0.5513595166163141,-0.08866279069767447,-0.7264367816091954,-1.1664829106945975,0.15519013360739975,-0.4678833846883148,-0.15166461159062883,-0.1459459459459459,0.03610108303249082,-0.44672131147540983,-0.2448051948051948,0.022842639593908753,0.0011185682326622093,-0.16151545363908282,0.015503875968992276,-0.08444704023087235
2009-03-31,0.1278415015641292,0.20213196599649175,0.22406264116849872,-0.1618122977346278,0.045177993527508065,-0.20427698574338082,-0.1923076923076923,-0.1923076923076923,-0.1923076923076924,-0.17647058823529416,-0.629016553067186,-0.2583732057416268,-9.138655462184873,11.205298013245033,1.6396797153024911,-0.19510022271714922,-0.16230620155038755,-0.17631103074141052,0.04529616724738683,-0.2222222222222222,-0.07480653482373179,0.022332506203473823,-0.07318435754189956,-0.1272294887039238,-0.05343511450381688,0.434200157604413
2009-06-30,-0.0005547337278106745,-0.10113368503760245,-0.02927789395989666,-0.04761904761904767,0.02811493683428279,-0.10570770412080877,-0.30687830687830686,-0.30687830687830686,-0.30952380952380953,-0.30952380952380953,0.6719160104986877,3.204301075268817,-1.0397521941146102,-1.7590884427563753,-0.4715200539265251,0.09518539014941885,-0.20242914979757087,-0.21295279912184417,0.023333333333333428,0.04761904761904767,0.25929368029739797,0.021844660194174637,0.02853124372111715,-0.13760217983651246,-0.08870967741935487,-0.05620094191522762
2009-09-30,0.007523897625655307,0.08628871128871118,-0.016474464579901205,-0.01621621621621616,0.029875918564028492,0.026903262736118982,0.0,0.0,0.0,0.0,-0.039246467817896424,-0.7790281329923274,-0.09090909090909094,-1.076483202287348,0.06823979591836737,0.17938352703385552,0.21682378535170432,0.21059972105997216,0.02931596091205213,0.1499999999999999,0.4354243542435423,0.0213776722090262,0.02226997460441482,0.3617693522906793,-0.10619469026548667,0.10420825016633395
2009-12-31,0.012303360470098612,-0.007012300264398252,0.002576987501610617,0.32280219780219777,0.020938121417709565,0.027313266443701245,-0.0725190839694656,-0.0725190839694656,-0.06896551724137923,-0.06896551724137923,0.26797385620915026,-0.46064814814814814,0.7142857142857142,2.803738317757009,0.24298507462686558,0.23179091688089115,-0.1889153754469607,-0.19239631336405538,0.016877637130801704,0.19762845849802368,-0.02107969151670952,0.020930232558139528,0.008599273839098087,-0.09512761020881666,-0.1089108910891089,-0.2493284125429941
2010-03-31,0.02672632724634183,0.020375086825654032,0.030715846292250326,0.08861197646244379,0.023258478460128407,0.020347259902333104,-0.15226337448559668,-0.15226337448559668,-0.14814814814814814,-0.14814814814814814,-0.5914948453608248,3.163090128755365,-0.6916666666666667,-2.7174447174447174,-0.3357348703170029,0.08834782608695657,-0.1711976487876562,-0.15977175463623383,0.02385892116182564,0.0726072607260726,0.2941176470588236,0.0205011389521641,-0.0034103827207275783,-0.14102564102564097,-0.022222222222222254,-0.06270903010033446
2010-06-30,0.03297997644287398,0.04413433174495118,0.01695760598503737,0.054054054054053946,0.04725114768782901,0.16644509438978994,1.3300970873786406,1.3300970873786406,1.3043478260869565,1.3043478260869565,0.5488958990536277,-0.35567010309278346,1.189189189189189,-0.6809728183118742,-0.1612436731742588,-0.10003195909236173,0.1879432624113475,0.20033955857385388,0.04457953394123626,-0.12307692307692308,0.05803571428571419,0.020089285714285587,0.013688212927756682,0.15223880597014916,0.045454545454545414,-0.00938447814451393
2010-09-30,0.03751425313568979,0.0014125828534172769,0.023173124080431595,0.005429864253393646,0.052068854912862284,0.0633690449054023,0.1333333333333333,0.1333333333333333,0.13207547169811318,0.13207547169811318,0.1283095723014256,-1.544,1.1975308641975309,-4.20627802690583,0.6163793103448276,0.03160511363636376,0.193283582089552,0.2036775106082036,0.04946653734238593,-0.010526315789473717,-0.15573456079785186,0.01969365426695835,0.014066016504125978,0.15673575129533668,0.032608695652173836,-0.003998271017938149
2010-12-31,0.005440158259149452,-0.03580729166666663,-0.05212702216896348,-0.1728172817281728,0.054166666666666696,0.1061093247588425,0.1121323529411764,0.1121323529411764,0.10000000000000009,0.08333333333333348,0.5342960288808665,-2.4705882352941178,3.595505617977528,-1.6671328671328671,-0.25439999999999996,0.21514629948364883,0.19262038774233914,0.21504112808460651,0.049907578558225474,0.15602836879432624,-0.01590186278964112,0.0193133047210301,0.04845570556685774,0.14333706606942886,0.06315789473684208,0.1656359625330006
2011-03-31,0.03787506148548947,0.01598019356290803,0.017699115044247815,0.05875952121871597,0.05311867347922483,0.023643410852713265,-0.15537190082644625,-0.15537190082644625,-0.1515151515151515,-0.1384615384615384,-0.33529411764705885,0.8340000000000001,-0.988997555012225,-0.22851153039832284,-0.2632331902718169,0.24872521246458934,0.10854745673833244,0.1334622823984526,0.051056338028169,0.1901840490797546,0.012465373961218829,0.0189473684210526,0.01481742811783393,0.07541625857002932,0.05940594059405946,-0.04042691818435673
2011-06-30,0.05086887835702991,0.05671245015507309,0.0308074534161491,0.08461801986981854,0.06572683998535345,0.12362741385838705,0.4461839530332681,0.4461839530332681,0.4464285714285714,0.4285714285714286,0.45663716814159283,-0.6444929116684842,7.444444444444445,-2.108695652173913,0.3961165048543689,0.08802177858439197,0.06102175969725643,0.08532423208191142,0.06030150753768848,0.036082474226803996,-0.06520747834017326,0.018595041322313932,0.014079610637927953,0.03825136612021862,0.04672897196261694,-0.02570486290739782
2011-09-30,0.06253758268190013,0.08029350104821797,0.06387081224391422,0.1547694251421352,0.06150146023020109,0.10328559393428804,-0.0757780784844384,-0.0757780784844384,-0.0864197530864198,-0.07500000000000007,0.1883353584447145,0.9478527607361964,-0.9605263157894737,-0.1740196078431373,0.23435326842837267,-0.07985821517931602,-0.000891662951404415,0.01729559748427656,0.06082148499210116,-0.1318407960199004,-0.17512195121951224,0.018255578093306246,-0.001028453890983938,-0.02894736842105261,0.044642857142856984,-0.06451398798659269
2011-12-31,0.11662893793623841,0.1233262177372405,0.1849796103307657,0.1271881838074398,0.06797216378054705,0.07880268784361633,0.32650073206442176,0.32650073206442176,0.32432432432432434,0.32432432432432434,0.3476482617586911,1.0661417322834645,-308.0,1.7388724035608307,0.52,-0.23362791751642875,0.05310129406514941,0.047140649149922886,0.06478034251675369,-0.27793696275071633,-0.2726197516262566,0.017928286852589848,-0.04358270418668497,0.03252032520325199,0.008547008547008517,-0.0034055837383377696
2012-03-31,0.04185496473370787,0.038092770147706734,0.03278845234681205,0.04586265469546236,0.04894681012274593,-0.02774631936579841,-0.3079470198675497,-0.3079470198675497,-0.30612244897959173,-0.30612244897959173,-0.4430955993930197,-0.44588414634146345,-1.0532030401737242,-1.0465872156013,-0.015937731653076326,0.05292726197516262,-0.018644067796610098,-0.02509225092250933,0.04895104895104896,-0.011904761904761862,-0.06016260162601628,0.017612524461839474,0.006817366343738751,-0.02099737532808399,0.0,-0.007439575695012857
2012-06-30,0.03660612939841079,0.042935596605092385,0.019067012217697243,0.030162412993039345,0.05027448714244431,0.053290623179965024,0.17543859649122817,0.17543859649122817,0.17647058823529416,0.1617647058823528,-0.4536784741144414,0.08665749656121036,0.8979591836734695,10.232558139534884,-0.1819209039548022,-0.13507441729851166,-0.05440414507772018,-0.059803179409538165,0.04466666666666663,-0.17670682730923704,-0.166955017301038,0.017307692307692246,0.013186029935851717,-0.04736371760500446,-0.008474576271186418,0.012408549705924532
2012-09-30,0.028978139298424077,0.01850965374182234,0.010081743869209792,0.035585585585585555,0.043191196698762147,-0.017003041194359914,-0.18317503392130263,-0.18317503392130263,-0.1875,-0.17721518987341778,0.940149625935162,0.19113924050632902,-1.2580645161290323,-0.7101449275362319,-0.0644567219152854,0.06525974025974035,-0.07579908675799085,-0.07729468599033829,0.04339502233567338,0.019512195121951237,0.06853582554517113,0.017013232514177634,0.013893774182201835,-0.046904315196998114,-0.03418803418803418,-0.016507261778250015
2012-12-31,0.04173000912131353,0.02506658311138965,0.04487006564157903,0.03349282296650724,0.03935917721518978,0.025172268316692392,0.11129568106312293,0.11129568106312293,0.10769230769230753,0.10769230769230753,1.2377892030848328,0.30712008501594057,-3.25,-4.228571428571429,0.2224409448818898,0.0030478512648581813,-0.12203557312252966,-0.11518324607329833,0.034862385321100975,-0.03827751196172258,0.03206997084548102,0.016728624535315983,-0.002254986990459562,-0.09055118110236215,-0.0265486725663715,-0.008140037458579497
2013-03-31,0.009996351696461181,0.005043558000916937,0.028141135972461262,-0.018097643097643057,-0.0034887408816999255,-0.043347050754458216,-1.0269058295964126,-1.0269058295964126,-1.0277777777777777,-1.0277777777777777,-0.7995404939689834,-0.47073170731707314,1.6851851851851851,-2.0066371681415927,-0.18317230273752017,0.2008508052263751,-0.2678671918964547,-0.26627218934911256,-0.0035460992907803135,0.16417910447761197,0.3107344632768363,0.02376599634369292,-0.01338664812239232,-0.24675324675324672,-0.027272727272727337,0.023567434091074313
2013-06-30,-0.009608438086981641,-0.04037408759124084,0.008872520297982689,0.023789112730389972,-0.023742838956078982,0.04918267852021785,-36.77777777777778,-36.77777777777778,-36.0,-35.5,2.2148997134670485,-0.17050691244239635,7.165517241379311,0.3560439560439561,-0.30409068506653525,0.04402834008097156,-0.05918524212144505,-0.06317204301075263,-0.004151838671411667,0.047008547008547064,0.38505747126436796,0.021428571428571352,-0.014273127753303916,-0.050287356321838894,-0.01869158878504673,-0.06268847340972794
2013-09-30,0.01933036691224732,0.021313683543300765,0.25528913963328637,-0.0031400460540087494,-0.16619938710308402,0.021183545168784956,0.09627329192546585,0.09627329192546585,0.12857142857142878,0.14492753623188426,-0.039215686274509776,0.25185185185185177,-0.714527027027027,-1.1280388978930307,0.05594900849858364,0.11924381968007758,0.09722222222222232,0.04017216642754651,-0.10184633710541979,0.12244897959183665,0.17427385892116187,0.022727272727272707,-0.18198069360028601,0.04236006051437213,0.0,0.02452687358062078
2013-12-31,0.04562043795620441,0.06314972847168354,0.03159286186384658,0.05543889122217549,0.062011260556771974,0.022350107066381186,0.12322946175637384,0.12322946175637384,0.1898734177215189,0.1898734177215189,0.7606679035250463,0.48372781065088755,-0.742603550295858,9.949367088607595,0.580147551978538,0.13165872672152434,0.10201042442293362,0.044137931034482936,0.05835543766578244,0.26181818181818195,0.05874558303886923,0.025641025641025772,0.01551573426573416,0.04934687953555872,0.0,0.0073149105955372384
2014-03-31,0.0011292475105224575,-0.015907764156450677,-0.0066632496155817345,-0.018702745722244285,0.01060304837640813,-0.0380939913601257,-0.21563682219419922,-0.21563682219419922,-0.22340425531914887,-0.22340425531914887,-0.4973656480505796,-0.32801595214356927,4.908045977011494,-1.269364161849711,-0.09889643463497455,0.029468044393417436,0.347972972972973,0.28269484808454437,0.018170426065162948,-0.028818443804034644,-0.06466416353775539,0.025000000000000133,0.009468474284484607,0.2849239280774549,0.0,0.0028607056407248255
2014-06-30,0.04197429587093238,0.05034850956547521,0.025348297213622306,0.08860502838605022,0.060983606557377,0.0956722917800763,0.24437299035369775,0.24437299035369775,0.2602739726027399,0.24657534246575352,0.1750524109014675,0.25519287833827886,-0.980544747081712,-2.017167381974249,0.11163447951012717,0.19330855018587378,0.06215538847117785,0.019567456230690006,0.053538461538461535,0.17210682492581597,-0.09099018733273878,0.024390243902439046,0.01833297804306122,0.021528525296017342,-0.00952380952380949,-0.0351448215330602
2014-09-30,0.03605169925206675,0.04814684080480047,0.010568031704095038,0.09685230024213065,0.06379618184315339,0.0807353123835548,0.554263565891473,0.554263565891473,0.543478260869565,0.5494505494505493,-0.25245316681534347,-0.04018912529550822,33.6,-2.3966244725738397,-0.14025423728813557,0.06993769470404976,0.1160924964605945,0.13737373737373737,0.06775700934579443,0.015189873417721378,0.0,0.023809523809523947,0.02679505966087503,0.12644889357218125,0.009615384615384581,-0.04442254482052832
2014-12-31,0.020802330367602817,0.014885161985586315,-0.007656395891689982,-0.0010188487009679115,0.050093602737073084,0.00793012297437068,-0.25103906899418116,-0.25103906899418116,-0.25352112676056326,-0.24822695035460984,0.3711217183770883,-0.007389162561576401,-0.5375722543352601,-1.7915407854984893,0.12912764908822072,-0.2568059397292183,-0.013953488372092981,0.006216696269982114,0.04759299781181614,-0.3042394014962593,-0.372423945044161,0.027906976744185963,0.0287461773700306,-0.003741814780168329,0.00952380952380949,0.01594542064971649
2015-03-31,-0.05127171215880888,-0.08249269976108309,-0.06134738426797137,-0.14703382627910933,-0.04155652548103528,-0.19612314709236034,-1.7136514983351832,-1.7136514983351832,-1.7169811320754715,-1.7169811320754715,-0.29329852045256743,-0.15384615384615385,-0.36250000000000004,-0.9885496183206107,0.0013094718463553257,-0.1951028403525954,-0.38078902229845624,-0.36804942630185356,-0.043342036553524754,-0.22939068100358428,-0.21813917122752147,0.02714932126696823,0.010107015457788249,-0.355868544600939,-0.018867924528301883,0.07566470151875992
2015-06-30,0.0006211789322261296,0.10119349005424949,-0.004878374766105309,-0.002590673575129543,0.006029119363735402,-0.16042553191489362,-1.0839813374805598,-1.0839813374805598,-1.0789473684210527,-1.0789473684210527,0.4568965517241379,-0.1891495601173021,0.38235294117647056,154.33333333333334,0.20313862249346126,0.1275249452421512,-0.33448753462603875,-0.3226256983240223,0.0016375545851528006,0.17674418604651154,0.768,0.026431718061673992,0.005493427506376047,-0.2740524781341108,-0.0673076923076924,0.10406155856411736
2015-09-30,-0.011697052865451196,-0.020034156594850194,-0.008260022832583425,0.1394605394605395,-0.015109977685687004,-0.05693529312383849,-2.0,-2.0,-2.0,-2.0,-0.978021978021978,-0.11573236889692584,-0.43971631205673756,-2.0965665236051505,-0.1851449275362319,-0.19447442262033232,-0.8293444328824141,-0.8288659793814432,-0.016348773841961872,-0.19762845849802368,0.1923076923076923,0.025751072961373245,-0.0035121951219510006,-0.8112449799196787,-0.09278350515463918,-0.13998290485896503
2015-12-31,0.22130388786035438,0.4484214759702394,0.45226164680390024,-0.06031913028230751,0.0009062661833247887,-0.08957362952346826,-0.4814814814814815,-0.4814814814814815,-0.5,-0.5,33.03846153846154,-0.042944785276073594,-94.70886075949367,-16.318982387475536,3.4806580702534458,-0.016613076098606627,-3.6341463414634148,-3.5180722891566263,-0.002216066481994461,0.0,4.803130929791272,0.025104602510460206,-0.1805365185040142,0.0,-0.15909090909090906,0.5413990825688073
2016-03-31,-0.08147907530723841,-0.11587764357443653,-0.026810276495547125,0.38309386079492436,-0.15825895744405638,-0.1739472648563558,85.14285714285714,85.14285714285714,92.66666666666667,92.66666666666667,-1.193220338983051,-0.5555555555555556,-1.0104011887072808,-1.0618293306080735,-0.048030167708643434,-0.12288828337874669,2.789351851851852,2.545454545454546,-0.15880066629650202,-0.11822660098522153,0.0,0.02448979591836742,-0.08339307048984468,0.0,-0.14864864864864868,-0.36076184807678
2016-06-30,-0.18257102440174466,-0.3415336299398063,-0.1395170563434266,-0.39584457636265513,-0.25209373799462154,-0.08646974749880898,0.330016583747927,0.330016583747927,0.3274021352313168,0.3274021352313168,20.239766081871345,-0.11057692307692313,33.48051948051948,12.398760330578513,-0.6760137600333577,0.2416899658278968,1.596823457544288,1.3886639676113361,-0.2541254125412541,0.4748603351955307,0.0,0.0239043824701195,-0.08524504692387902,0.0,-0.07936507936507942,0.08988981998758527
2016-09-30,-0.035403973032411606,-0.06518282988871227,-0.05183741648106899,-0.18914694059848147,-0.005342099856174287,-0.0005215123859191317,-1.0018703241895262,-1.0018703241895262,-1.002680965147453,-1.002680965147453,-1.2866189427312775,-0.3027027027027027,-0.7291902071563088,-1.0279105628373169,0.058236808236808324,0.08856642481861399,0.10844507174782403,0.016949152542372836,-0.008849557522124019,0.45833333333333326,0.0,0.023346303501945442,0.03134796238244508,0.0,-0.06896551724137923,0.1528850603353149
2016-12-31,0.009157166884694368,-0.007057823129251739,0.030712314287392184,0.10795923987882117,-0.028196653583970277,0.049047743282024436,-25.833333333333332,-25.833333333333332,-18.0,-18.0,0.01729106628242083,0.45736434108527124,-0.8762169680111266,2.977900552486188,0.21891152325934926,0.15283842794759828,0.1693548387096775,0.10944444444444446,-0.03125,0.1636363636363638,0.0,0.02281368821292773,-0.037026802984249874,0.0,0.0185185185185186,-0.10380387797949853
2017-03-31,-0.07833333333333337,-0.1583454654448917,-0.0943482224247949,-0.04499130002485707,-0.04867679880965037,0.06416314349664254,-0.785234899328859,-0.785234899328859,-0.7647058823529411,-0.7647058823529411,-0.9952785646836638,0.2606382978723405,17.640449438202246,-3.6416666666666666,-0.47443252681466697,0.05960925039872422,-0.34990925589836663,-0.3630445668502753,-0.049769585253456095,0.09375,0.0,0.02230483271375472,0.032137733142037384,0.0,0.09090909090909083,-0.11872114655825816
2017-06-30,0.017681334137030325,0.04395604395604402,0.02994464016104681,0.05882352941176472,-0.003798458272818661,0.15844823556905818,-1.875,-1.875,-1.75,-1.75,68.2,0.29957805907172985,-1.0108499095840868,-1.0168243953732912,0.015187470336972098,-0.128692380056444,-0.9556113902847572,-0.9551886792452831,-0.007759456838021372,-0.0836734693877551,0.0,0.021818181818181737,-0.021128718376424827,0.0,0.10000000000000009,-0.014034401876465874
2017-09-30,0.018361303060217216,-0.011306042884990264,0.010505741509895028,0.13102261553588979,0.03364360210833239,0.09824490619326198,12.035714285714286,12.035714285714286,13.0,13.0,2.1965317919075145,2.1233766233766236,-21.5,-8.53125,-0.11266947171575503,-0.08918160224573535,-2.4591194968553456,-2.43859649122807,0.032258064516129004,-0.08240534521158127,0.0,0.021352313167259718,0.015052541891507953,0.20212765957446788,0.10606060606060597,-0.12584750802902345
2017-12-31,-0.02733617681271816,0.06240141955835954,0.011605415860735047,0.05672679852206053,-0.09710317890853859,0.09110947832476124,-3.2575342465753425,-3.2575342465753425,-3.238095238095238,-3.238095238095238,-0.08589511754068713,-0.5634095634095634,-0.5907859078590786,-2.821576763485477,0.2312961011591148,0.06685633001422486,-3.2543103448275863,-3.2317073170731705,-0.09943181818181823,0.03398058252427183,0.5327393116978665,0.020905923344947785,-0.07162842753217691,0.0,0.12328767123287676,0.00539755975869749
2018-03-31,0.004225632848315675,0.023939871949522074,0.003824091778202643,0.02200740436034554,0.0051670271569335124,-0.03367003367003363,-1.0558252427184467,-1.0558252427184467,-1.053191489361702,-1.053191489361702,-0.43422354104846683,-0.10952380952380958,0.185430463576159,-1.0113895216400912,-0.0021394950791613354,0.13400000000000012,-0.15487571701720837,-0.1693989071038251,0.004206098843323014,0.26056338028169024,0.0,0.020477815699658786,0.000904159132007365,0.0,0.060975609756097615,0.0018947938283857546
2018-06-30,0.022785915604779383,0.03633892161304941,0.007261904761904692,0.027772187562890016,0.054751942618051386,0.07090592334494783,10.108695652173912,10.108695652173912,10.599999999999998,10.599999999999998,0.6713286713286712,1.8422459893048129,-0.15642458100558654,53.8,-0.11749571183533447,-0.02684695277287874,-1.255656108597285,-1.25,0.05026178010471183,-0.03165735567970207,0.0,0.02006688963210701,0.031014754591990323,-0.6283185840707964,0.04597701149425282,0.008330331412103709
2018-09-30,-0.0005433727925480136,0.0,-0.01110979789622979,-0.030154689641668342,0.01983452340473768,0.0040670245648284364,-0.1487279843444227,-0.1487279843444227,-0.13793103448275856,-0.13793103448275856,-0.18723849372384938,-0.9981185324553151,3.9735099337748343,-0.9963503649635036,-0.0004859086491739717,-0.16653242045912198,0.7256637168141593,0.736842105263158,0.023928215353938187,-0.20576923076923082,1.0067733333333333,0.01967213114754096,0.0204439252336448,0.6666666666666667,0.03296703296703285,0.031081141428124903
2018-12-31,0.008970525416488684,-0.02492130115424973,-0.017688538305246748,-0.030486573793660376,0.05823516336963763,-0.03823720025923527,0.5264367816091955,0.5264367816091955,0.52,0.52,0.09652509652509655,276.0,-0.5499334221038615,48.0,-0.023821098687408893,-0.18748489973423532,8.512820512820513,8.772727272727273,0.06231742940603713,-0.20823244552058107,-0.5295931113296303,0.019292604501607746,0.048941041785918626,8.857142857142858,-0.010638297872340274,0.005760318766512285
2019-03-31,0.038757601416365084,0.0033180880638508103,0.05633288721255636,0.05102040816326525,0.00871665616467121,-0.033524258760107783,-0.7710843373493976,-0.7710843373493976,-0.7763157894736842,-0.7763157894736842,-1.051643192488263,-0.2581227436823105,-0.5414201183431953,11.816326530612244,-0.3127490039840638,-0.1269699672911092,0.02857142857142847,0.04651162790697683,0.007332722273143855,-0.17737003058103973,-0.9122598870056497,0.018927444794952564,-0.028922237380627602,0.06376811594202891,-0.010752688172043001,-0.0453879941434846
2019-06-30,-0.004038682426173668,0.0028602073650338955,-0.0004607233356369589,-0.018228650683574377,-0.010098906819364872,0.03364127592818544,-0.506578947368421,-0.506578947368421,-0.47058823529411775,-0.47058823529411775,-11.25,-0.02676399026763987,0.6322580645161291,-0.6751592356687899,-0.14782608695652177,-0.09264305177111709,-0.2615303983228512,-0.25629629629629636,-0.01273885350318471,-0.1003717472118959,-0.1468126207340631,0.018575851393188847,-0.006181511660578787,-0.23978201634877383,-0.021739130434782594,0.021472392638036908
