Quarter end,Assets,Current Assets,Liabilities,Current Liabilities,Shareholders equity,Revenue,Earnings,Earnings available for common stockholders,EPS basic,EPS diluted,Cash from operating activities,Cash from investing activities,Cash from financing activities,Cash change during period,Cash at end of period,Price,ROE,ROA,Book value of equity per share,P/B ratio,P/E ratio,Cumulative dividends per share,Equity to assets ratio,Net margin,Asset turnover,Current ratio
1993-12-31,0.15187387014668974,0.19507813903359073,0.20644014739917127,0.3670295058695665,0.0598081579165306,0.0008485762775787276,0.19944273353864195,0.19944273353864195,0.0185185185185186,-0.04761904761904756,-1.3046308807271834,2.198329482850542,0.07588799841693872,0.26823272329964487,-0.20307299755935215,0.2633333333333334,-0.012812299807815508,-0.030828516377649384,0.051987767584097844,-0.1206896551724137,0.004516129032258176,inf,-0.07990249187432275,-0.017045454545454586,-0.006802721088435382,-0.12577464788732384
1994-03-31,0.15187387014668974,0.19507813903359073,0.20644014739917127,0.3670295058695665,0.0598081579165306,0.0008485762775787276,0.19944273353864195,0.19944273353864195,0.0185185185185186,-0.04761904761904756,-1.3046308807271834,2.198329482850542,0.07588799841693872,0.26823272329964487,-0.20307299755935215,0.2633333333333334,-0.012812299807815508,-0.030828516377649384,0.051987767584097844,-0.1206896551724137,0.004516129032258176,inf,-0.07990249187432275,-0.017045454545454586,-0.006802721088435382,-0.12577464788732384
1994-06-30,0.0629701405600227,0.06701782131630707,0.06244599398743089,0.11121747807533477,0.06651804182946441,0.0,0.0,0.0,0.0,-0.04761904761904756,-1.3046308807271834,2.198329482850542,0.07588799841693872,0.26823272329964487,-0.3231711561216677,-0.07255936675461738,-0.012812299807815508,-0.030828516377649384,0.06395348837209314,-0.1206896551724137,0.004516129032258176,inf,0.0035325287017955453,-0.017045454545454586,-0.006802721088435382,-0.03979378121475752
1994-09-30,0.030491074511048266,0.0308275251009551,0.035737992374384575,0.06888999211517688,0.0209506898082501,0.025534396518852587,-0.4926030077026531,-0.4926030077026531,-0.49090909090909085,-0.04761904761904756,-6.623387096774193,-0.16286047674612436,2.4532830605113114,-2.839112642687917,0.8781365693130398,0.08534850640113789,-0.012812299807815508,-0.030828516377649384,0.021857923497267784,0.019607843137254832,0.004516129032258176,inf,-0.00938691698445282,-0.017045454545454586,-0.006802721088435382,-0.035570469798657744
1994-12-31,-0.004100101789731525,-0.011106665980092023,-0.025364078200804108,-0.3047989180919075,0.044081019241647645,0.26294470423040406,1.8780722891566266,1.8780722891566266,1.8214285714285712,-0.04761904761904756,-2.321884411300731,-0.16328156113102354,-1.248435461106229,-1.4098840613654995,-0.19164430816404754,0.14678899082568808,-0.012812299807815508,-0.030828516377649384,0.04010695187165769,0.125,0.004516129032258176,1.0,0.048267693218833285,-0.017045454545454586,-0.006802721088435382,0.4224077940153097
1995-03-31,0.2718095538027685,0.12769720055916722,0.3533302213265228,0.4561272511126613,0.13762513949313449,0.07541961360220006,-0.04789015405224384,-0.04789015405224384,-0.05063291139240511,-0.04761904761904756,-1.1700569568755086,0.6895922576550848,-3.7348054453853576,-1.3082857142857143,0.07308812571970469,0.11885714285714277,-0.012812299807815508,-0.030828516377649384,0.13624678663239065,0.0769230769230771,0.004516129032258176,0.5,-0.1053672316384181,-0.017045454545454586,-0.006802721088435382,-0.22553816046966735
1995-06-30,-0.0017738798444028037,-0.018505527682813105,-0.015972803780937794,-0.004476786160084734,0.028888051691415395,0.10278170522362817,0.2042736545902215,0.2042736545902215,0.3600000000000001,-0.04761904761904756,-12.336842105263157,-0.3308606037842152,-2.014345627719202,-5.253938832252086,-0.28973614442620876,-0.04698672114402447,-0.012812299807815508,-0.030828516377649384,0.009049773755656076,-0.1626984126984128,0.004516129032258176,0.3333333333333335,0.030628354910009703,-0.017045454545454586,-0.006802721088435382,-0.014108233312276286
1995-09-30,0.05583556589902483,0.09672942432439768,0.07293817082439458,-0.013683914453507584,0.02149642474696889,-0.12246280731061954,-0.5688937568455641,-0.5688937568455641,-0.6470588235294118,-0.04761904761904756,-2.050561323541825,0.37257928711759747,-3.104061207929209,-0.46644880174291936,-0.21765019552079634,0.1436227224008575,-0.012812299807815508,-0.030828516377649384,0.020179372197309364,0.1327014218009479,0.004516129032258176,0.5,-0.03247549019607843,-0.017045454545454586,-0.006802721088435382,0.11197137975224258
1995-12-31,0.02393337825758679,0.0195887565519961,0.013660052083169782,-0.04986033471567031,0.04650455001978271,0.16039657341400582,1.6189024390243905,1.6189024390243905,1.6388888888888888,-0.04761904761904756,-1.4239112968021854,0.2678662713423985,-0.7699399460065013,-2.4507962433646386,0.4036124048619789,0.03842549203373946,0.024659312134977407,0.005964214711729587,0.04175824175824183,0.02092050209205021,0.004516129032258176,0.16666666666666674,0.02216592780240645,0.031791907514451045,-0.0273972602739726,0.07308523409363743
1996-03-31,0.027852465889724787,0.025408342583812527,0.03800139764569521,0.04622822655591752,0.007270612185545922,-0.02675890314309559,-0.10186263096623982,-0.10186263096623982,-0.09473684210526312,-0.04761904761904756,-0.5607783674500885,-0.3813402144988307,-0.528059391713898,-1.698001688713763,-0.20071220459695693,-0.1732851985559567,0.027865737808739688,0.027667984189723382,0.010548523206751037,-0.2090163934426229,-0.22671804752729618,0.1428571428571428,-0.020136307311028334,0.03081232492997188,-0.007042253521126751,-0.019913187452454517
1996-06-30,0.010859385067787386,0.028850159700041678,-0.16573169566619295,-0.050690400069126396,0.40024381245689167,0.09952878979427648,0.20897242024915386,0.20897242024915386,0.13953488372093026,-0.04761904761904756,-1.8388952819332567,-0.07866266944734102,0.7584573748308525,2.86008064516129,-0.9693195625759417,0.2805676855895196,-0.052372150338878654,0.0326923076923078,0.22129436325678498,0.26943005181347157,0.2217607973421929,0.125,0.38507745810938965,0.03804347826086962,-0.007092198581560294,0.08378230298602873
1996-09-30,0.04066917684943627,0.06156111477521975,0.05975060523589448,0.04225967472393033,0.016472803836170113,-0.09410017876621823,-0.5491690988147001,-0.5491690988147001,-0.5816326530612246,-0.04761904761904756,2.847050754458162,-0.002263563698097215,2.637264332435552,-1.1328737073017863,4.198019801980198,-0.03154305200341012,-0.06957087126137829,0.005586592178770999,0.017094017094017255,-0.2081632653061225,-0.0190346702923182,0.22222222222222232,-0.0230540972380735,0.005235602094240788,0.0071428571428571175,0.01853646206344517
1996-12-31,0.021227443369691512,0.024377768723288007,0.0021848291139454634,-0.004282730048276728,0.046785088816612364,0.18732378114987136,1.5836966574184173,1.5836966574184173,1.5609756097560976,-0.04761904761904756,-1.935371724014976,0.32229705778092876,-0.8762065956152646,4.515723270440252,4.454603174603174,0.142605633802817,-0.024458420684835835,0.050000000000000044,0.05714285714285716,0.12371134020618557,0.12404712404712392,0.09090909090909083,0.02499999999999991,0.03645833333333348,0.007092198581560183,0.028787690780493813
1997-03-31,-0.03452623943192368,-0.033345181373752086,-0.04077094143810234,-0.13038871737300028,-0.026564087988562135,-0.10759271302878759,-0.47208017999590923,-0.47208017999590923,-0.4666666666666667,-0.04761904761904756,-0.05470313542361571,-0.921827247868747,-5.704123050630208,-1.5188141391106043,-0.4236992201140729,-0.13944530046224968,-0.13467048710601714,-0.07054673721340399,-0.027027027027026973,-0.1834862385321101,-0.16522811344019728,0.08333333333333348,0.008206063369045058,-0.07286432160804024,0.007042253521126751,0.1116069633739396
1997-06-30,-0.007751103771655998,-0.008810264147419478,-0.03980258535899961,0.013611754359069472,0.03246056621844917,0.051633439437091644,0.6837466098411469,0.6837466098411469,0.6785714285714284,-0.04761904761904756,1.2379272104042744,12.344993141289438,0.16530426884650318,-0.801923076923077,-0.14562714603110483,-0.14413607878245294,-0.005794701986755024,0.007590132827324458,0.03267973856209161,-0.1235955056179775,-0.05834564254062036,0.0769230769230771,0.040470269048157315,0.008130081300812941,0.0,-0.02213461608014755
1997-09-30,0.07780891177160743,0.05660394023839288,0.13988344570494138,-0.1011948353817742,0.0052275035242801415,-0.1257540517003335,-0.7167347408387506,-0.7167347408387506,-0.7127659574468085,-0.04761904761904756,-1.5976889809892785,1.9865344092100528,-4.464419329696025,-6.89875173370319,1.0054373522458628,0.16422594142259417,-0.0616153205661949,-0.062146892655367325,0.0,0.1282051282051282,0.17960784313725475,0.1428571428571428,-0.06736201651455886,-0.043010752688172005,-0.020979020979021046,0.17557421311536037
1997-12-31,0.087208600293458,0.049642633228840216,0.12861296720648552,0.3912134724983727,0.032386903721637994,0.22381396365889294,2.239642567018684,2.239642567018684,2.185185185185185,-0.04761904761904756,-2.020425852647447,-0.2461236641484107,-0.6365906611021744,2.662355984011286,1.8361428739832606,0.036837376460017834,-0.07897071872227146,-0.09638554216867468,0.028481012658227778,0.03977272727272729,0.08843085106382986,0.0625,-0.05032618825722279,-0.07022471910112371,-0.02857142857142847,-0.24553234331739238
1998-03-31,-0.0013420209910594005,-0.0011601035863659792,-0.020542569527384424,-0.04975045198747163,0.026597962832216382,-0.027414359595398063,-0.05635656970912739,-0.05635656970912739,-0.05813953488372081,-0.04761904761904756,0.12442294198027848,-0.11959275914808132,-1.1106605584102025,-1.7509630200308166,-0.4861798079720686,-0.07885615251299816,0.07129094412331405,0.05777777777777793,0.026153846153846194,-0.10382513661202197,-0.004886988393402625,0.0588235294117645,0.02796859666339535,0.0725075528700907,-0.014705882352941235,0.051125938281901595
1998-06-30,-0.04737254941608937,-0.07615078663720076,-0.1026634846531721,0.09630264823908519,0.029393784613157115,-0.0071749885817660175,-0.04909320401248918,-0.04909320401248918,-0.04938271604938271,0.0,0.7311633712146095,-2.2131559842356356,25.756363636363638,-1.328460288962982,0.31079113412069237,-0.021636876763875823,-0.07913669064748197,-0.08193277310924374,0.028485757121439415,-0.04878048780487798,-0.10374462860650702,0.05555555555555558,0.0804295942720763,-0.06478873239436611,-0.014925373134328401,-0.15730381655161474
1998-09-30,0.048200027593916506,0.05347646658601879,0.09428294103372958,-0.06600303096966587,-0.007509293825539776,-0.18814715822207373,-0.40680452703646774,-0.40680452703646774,-0.4025974025974026,-0.4375,-1.9240328609103154,-1.4642116736839856,-1.6224517531938027,-3.8326392503904216,-0.6716242902986918,-0.10288461538461546,0.0498046875,0.05034324942791768,0.04664723032069973,-0.1282051282051282,-0.045890410958904115,0.10526315789473673,-0.05301524188204099,0.0813253012048194,-0.030303030303030276,0.12796007720917113
1998-12-31,-0.02591920403853243,-0.017697097135366935,0.022126425311672637,-0.18406469383615864,-0.08990955703614767,0.22672651758806706,-4.599340478153339,-4.599340478153339,-4.760869565217391,-4.844444444444444,-1.0843479867769952,-0.263950276243094,-0.7597581457843466,-1.222824588808233,0.45574140199210667,0.019292604501607746,-0.8632558139534884,-0.8627450980392157,-0.09052924791086348,-0.02941176470588236,-0.045226130653266305,0.04761904761904767,-0.0657802659202239,-0.8635097493036212,-0.0078125,0.20388997871363568
1999-03-31,-0.021378752390719846,-0.013722184151377714,-0.03549475121420653,0.010424184107128642,-0.00023357613716978864,-0.032550746029861855,-1.419377004122767,-1.419377004122767,-1.416184971098266,-1.416184971098266,12.779211295034079,0.9559642209295052,-2.938548657718121,-1.9872164948453608,-0.3090627420604183,0.03154574132492116,-0.2925170068027211,-0.3015873015873015,-0.0015313935681471325,0.13636363636363624,9.173684210526316,0.045454545454545414,0.02172284644194744,-0.30612244897959184,0.007874015748031482,-0.023921786160033265
1999-06-30,-0.056672830092150406,-0.08870166458317774,-0.10502551521540604,0.1380882469645266,0.01280426073186991,0.12513336747540693,0.636654443317469,0.636654443317469,0.6666666666666667,0.625,1.094620616553308,-0.6861208826351135,3.0080781852933756,-0.002088554720133695,-0.44637518684603883,0.041794087665647295,1.375,1.3409090909090908,0.039877300613497146,0.046666666666666634,0.4386963269529227,0.04347826086956519,0.07355816226783962,1.2941176470588234,0.03125,-0.19926120622291676
1999-09-30,0.017084601995768223,0.036145491324741874,0.04699741965751825,-0.0831912586595821,-0.021087727766896602,-0.15419956995569173,-0.766696858464032,-0.766696858464032,-0.7666666666666666,-0.7606837606837606,-1.095651367171027,-0.9813550687722873,-1.1825625337412273,-4.669317706153202,2.9584880188997635,0.07827788649706457,-0.28744939271255054,-0.2912621359223301,-0.020648967551622488,0.03821656050955413,-0.6288077258951045,0.08333333333333348,-0.03755975415433643,-0.3205128205128205,0.05303030303030298,0.13014549325762959
1999-12-31,0.01081309970912292,-0.0062061461444429256,0.006935853754947097,0.11330620626711285,0.01593012650715453,0.2636214063283937,3.558030241111565,3.558030241111565,3.6428571428571423,3.571428571428571,-6.887399700202804,209.40437158469945,-2.620896993592903,-1.5273785078713211,-0.394151249040839,0.05353901996370225,6.477272727272727,6.6438356164383565,0.02108433734939763,0.07361963190184051,0.46069748131746446,0.03846153846153855,0.005203405865657373,6.169811320754717,0.05755395683453246,-0.10734751550357169
2000-03-31,0.02540604772908983,0.014280071430395225,0.03190862090613056,0.07119946713121883,0.016745594536258457,-0.059657162630371796,0.0004482897745101688,0.0004482897745101688,0.0,-0.015625,-0.055010558792253916,0.36359858715977555,-0.6536122597908052,-0.826952195544019,-0.11258091753447785,0.2782084409991388,0.14893617021276606,0.15591397849462374,0.022123893805309658,0.25142857142857133,-0.8369493131217433,0.03703703703703698,-0.008470588235294119,0.1210526315789473,0.027210884353741527,-0.053115244250978355
2000-06-30,0.012446585333073523,-0.006374651837395273,0.0012891202562839155,0.15236655729131798,0.027293351245849307,0.05302277965046209,0.04494331675404406,0.04494331675404406,0.05384615384615388,0.039682539682539764,0.20516356028908334,-0.2619229011122962,2.393697331460674,0.7150000000000001,-0.307802093244529,0.04851752021563338,0.02314814814814814,0.01705426356589146,0.08225108225108224,0.027397260273972712,-0.09355026147588619,0.03571428571428559,0.014475557664926475,0.018779342723004744,0.0,-0.13777571395402843
2000-09-30,0.005034703144161989,0.03422371115277212,0.10705919088410232,-0.0919389785295851,-0.13121873284354546,-0.11521497102432976,-0.6893224699828473,-0.6893224699828473,-0.8394160583941606,-0.8396946564885497,-1.4965873673413026,-0.5323080099091659,-2.4714311580145365,-1.2740524781341107,0.08613974799541801,0.1510282776349614,0.05235940530058181,0.018292682926829062,-0.124,0.06222222222222218,0.11217948717948723,0.06896551724137945,-0.13543859649122814,0.009216589861751112,0.013245033112582849,0.1389487289961222
2000-12-31,0.0764254324581537,0.10276213956665137,0.08785941160287769,0.010123234071599985,0.05697522229874785,0.10937373410029982,2.3338854382332643,2.3338854382332643,2.409090909090909,2.4285714285714284,-0.6731283599480946,0.07360406091370564,-0.3972963946068522,6.10904255319149,0.5638051044083527,0.12060301507537696,0.03501228501228515,-0.004491017964071808,0.06240487062404876,0.2761506276150627,0.0835734870317002,0.032258064516129004,-0.018127705627705604,0.03196347031963476,-0.03921568627450989,0.09173444297333111
2001-03-31,-0.04986575697787432,-0.05034972893231082,-0.031134731120170844,-0.05726473551789257,-0.08264403591661251,-0.005746549331775319,-1.7614473793160554,-1.7614473793160554,-1.7599999999999998,-1.7916666666666665,-2.2284695778984043,-0.25490800698941307,-1.0460829493087558,-1.417134306023195,-0.15039115187483143,-0.22869955156950672,-0.511572700296736,-0.5338345864661654,-0.08309455587392556,-0.27213114754098355,-0.2563829787234042,0.03125,-0.034444750620005515,-0.5309734513274336,0.0,0.007319819819819662
2001-06-30,-0.00586193241929156,-0.024633517434580754,-0.026445638203209998,0.12051034253238435,0.0323665672399569,0.027725876719812304,-2.052468464549804,-2.052468464549804,-2.052631578947368,-1.9649122807017545,4.861900679285102,1.646158090771141,33.28227848101266,2.1847533632286997,-0.5637402762343229,0.04198966408268734,-0.0753341433778858,-0.11290322580645162,0.029687499999999867,0.1351351351351351,1.273247496423462,0.030303030303030276,0.03852739726027399,-0.10849056603773588,-0.006802721088435382,-0.1295523928279657
2001-09-30,0.042420540526589834,0.028819065810281375,0.038447476960491,0.1694192571861033,0.04933773425197785,-0.10883174720874089,-0.7400940228341168,-0.7400940228341168,-0.7333333333333334,-0.7272727272727273,-0.8140497727375006,-0.2302158273381295,-1.3485950596315033,-2.6809349479019993,2.1721251819505096,0.1258524488530688,-0.08015768725361361,-0.08000000000000007,0.05159332321699539,0.09523809523809512,0.2558212712397734,0.02941176470588225,0.0065952184666118185,-0.07407407407407396,-0.013698630136986356,-0.12023315550286506
2001-12-31,-0.011748015588094018,-0.013201700260523808,-0.021750979256964342,0.3212577965116563,0.005583482984797605,0.1714823475159708,1.3315444245676802,1.3315444245676802,1.3125,1.3333333333333335,-0.26276621490803487,-0.23533793850738183,-0.6217561698972567,-1.5722901658569275,-0.3918779396581392,0.06718061674008813,-0.4114285714285715,-0.40711462450592883,-0.0028860028860028253,0.01449275362318847,0.14257078426459557,0.05714285714285716,0.01747201747201732,-0.42285714285714293,0.0277777777777779,-0.2531162268388545
2002-03-31,0.08617915101894935,0.1131723896441712,0.1119621128005257,-0.3936613027839697,0.0314013179859598,-0.019515138030772428,0.2487638533674339,0.2487638533674339,0.21621621621621623,0.22857142857142865,2.034386540828888,0.31370117792932417,9.085830299635957,-24.164227166276348,14.927183550273533,0.2440660474716203,1.779126213592233,1.7800000000000002,0.02460202604920414,0.24642857142857166,1.2030701754385964,0.027027027027026973,-0.05044271532063316,1.831683168316832,-0.013513513513513487,0.8358893399488798
2002-06-30,0.13810349400878796,0.09442292593235213,0.14048265214139133,0.3213766403999452,0.14409701477945958,0.09410006327594855,0.7820862916439104,0.7820862916439104,0.7777777777777779,0.7674418604651163,2.2629144804457186,1.5892941414413806,-1.2063915150000695,-0.5978339167688205,0.3769157882269336,0.11074243052675237,0.07074235807860263,0.062350119904076795,0.14406779661016933,0.08309455587392534,-0.6397571172606012,0.026315789473684292,0.005368748233964382,0.10139860139860146,-0.03424657534246578,-0.17173743908930839
2002-09-30,-0.00950766071283815,-0.04486617250043623,-0.013116211801752709,-0.07956010898076227,-0.003011607792202886,-0.021294798748397126,-0.6245019920318725,-0.6245019920318725,-0.625,-0.618421052631579,-1.1013734738028729,-0.6698388314630146,-0.1769691262527746,-2.565220123809823,-0.42846206119411967,-0.13330843913368184,0.03752039151712894,0.0338600451467268,0.004938271604938427,-0.2407407407407407,-0.2409505388228792,0.025641025641025772,0.006464305789769531,0.031746031746031855,0.0,0.03767241805507493
2002-12-31,0.06830963725424666,0.07358739757303923,0.06276872086472074,0.13482495538668227,0.0784964279116187,0.1410427521451465,1.81636400734544,1.81636400734544,1.8333333333333335,1.7931034482758625,-8.614390842191334,0.3482512519222427,1.0912880026152338,-1.7266010841196548,0.5447074936411662,0.18181818181818166,0.1823899371069182,0.1746724890829694,0.07862407862407839,0.17421602787456436,0.0913724062613761,0.02499999999999991,0.009494554593688864,0.19692307692307676,-0.021276595744680882,-0.053980656534375115
2003-03-31,0.008657641081691203,-0.0062243479228074605,-0.015978955279969953,-0.035019446659172226,0.05195697360032625,-0.009862905083601659,0.10896181989422593,0.10896181989422593,0.11764705882352944,0.11111111111111116,-0.7717881534298354,-0.2525955604948381,-0.12470202039939038,-1.7009007515473034,-0.2471574024455595,-0.03171709806780898,0.1309840425531914,0.14869888475836435,0.05353075170842825,-0.10089020771513357,-0.22615076717811877,0.04878048780487809,0.042876901798063694,0.14910025706940866,0.0,0.02986502820306214
2003-06-30,0.07831710785905388,0.08301490619550633,0.06715651828541747,0.11555635915874962,0.10090518703057683,0.1242213060055477,0.22185928006794287,0.22185928006794287,0.2210526315789474,0.22222222222222232,5.960097873141351,0.6006025982156833,0.7316278239128493,-3.7848385697954035,0.9142594605787648,0.20971385542168686,0.05820105820105814,0.08090614886731395,0.08324324324324328,0.14521452145214542,0.0034482758620690834,0.023255813953488413,0.020954907161803815,0.05816554809843422,0.021739130434782705,-0.029194581642134176
2003-09-30,0.018727937179880083,-0.018273626946003874,0.0001164263226554052,0.004591616913891761,0.048467104310101705,-0.04176767004262594,-0.47128802865850394,-0.47128802865850394,-0.47413793103448276,-0.4727272727272728,-0.6428513480624138,0.3819337489304486,-0.9862317906407116,-1.0459351952776637,-0.021938868643981868,0.3977591036414563,0.02388888888888885,0.04940119760479034,0.04291417165668654,0.2910662824207493,0.24441580756013725,0.022727272727272707,0.02935827487659126,0.044397463002114224,0.007092198581560183,-0.022718114043925097
2003-12-31,0.06277786356481241,0.07697627855174316,0.026041154776501818,0.07899143874783521,0.11877207960219271,0.15790716129745141,1.096981341962886,1.096981341962886,0.032786885245901676,0.034482758620689724,1.3294465056409481,-0.4978063968298896,45.43445692883895,-23.57719568567026,0.5064286010534611,0.3943442440436429,0.035811177428106244,0.07417974322396592,0.11674641148325371,0.3370535714285714,0.27511218501898504,0.022222222222222143,0.052498738011105495,0.06072874493927127,0.014084507042253502,-0.0019071181897840628
2004-03-31,0.0543382854825567,0.1135734288632686,0.05088041693093737,0.09780703580743699,0.059171928401407614,-0.001704715512043653,0.05287905092592582,0.05287905092592582,0.04761904761904767,0.050000000000000044,0.0929140256785308,-0.11723263350711566,-1.0201645426681722,0.497126789784748,0.5033015339858393,0.1854040242733952,0.0188580408590886,0.04648074369189903,0.05741216795201365,0.06176961602671116,0.06334596643205215,0.021739130434782483,0.004556354916066985,0.043893129770992356,0.0,0.014356537905391376
2004-06-30,0.022657445929984643,0.05685893801052977,-0.014321276959142315,0.1419896551724138,0.07394415464866522,0.060259373841305086,0.213076834993702,0.213076834993702,0.21212121212121215,0.17460317460317465,0.27938049281008825,0.9597366320830008,-147.406,-0.5432788738558039,0.15290907259479924,0.09416677893035152,0.03187660668380454,0.06725888324873086,0.07131280388978944,0.03459119496855334,-0.0010183299389001643,0.02127659574468077,0.050370016710432175,0.06398537477148092,0.0,-0.07453416149068315
2004-09-30,0.003529748945349187,-0.0037216526097663127,-0.04267049974232684,-0.002468468522874523,0.062339713552976184,-0.05509420971890766,-0.36430742509769865,-0.36430742509769865,-0.36250000000000004,-0.3513513513513513,-0.73909884987999,-0.2563376840219096,-0.37826318593500263,-1.7009481984229962,-0.09296599489552781,0.14331445456784042,0.010463378176382765,0.0511296076099883,0.04992435703479581,0.06686930091185395,0.0471457696228339,0.04166666666666674,0.058409090909090855,0.051546391752577136,0.0,-0.001265265705798324
2004-12-31,0.07209381560553751,-0.052075187944852885,-0.007980027891177466,-0.02633646073444229,0.16394722998290567,0.14006095075075242,0.9430090282727488,0.9430090282727488,0.9019607843137254,0.9166666666666667,1.6530862272514648,4.074639943048026,-1.0845692439522774,0.21478612519223095,-0.12450889390940878,0.2609304329097566,0.0428994082840235,0.09728506787330304,0.1498559077809798,0.20227920227920237,0.16305670479435364,0.020000000000000018,0.08567747476916487,0.10130718954248374,0.0,-0.026438997521343932
2005-03-31,0.0016095586472417711,0.03444503366936735,0.012145270557716303,0.03278316478009313,-0.008690878136382918,-0.05836134757483957,-0.02917844860527319,-0.02917844860527319,-0.030927835051546393,-0.021739130434782594,-0.4275219344276059,-1.3171159407778306,-11.989088074824629,-2.728314891222806,-0.05760190439357471,-0.09215133657870023,0.029787234042553123,0.07525773195876284,-0.0025062656641604564,-0.2109004739336492,-0.1969031178070726,0.019607843137254832,-0.010284810126582444,0.08308605341246289,-0.00694444444444442,0.0016407355021215153
2005-06-30,0.020550019340590753,0.005984251700738019,0.05196030356100412,0.09732272940723163,-0.010804299342865864,0.08816479118298215,0.10578436929277668,0.10578436929277668,0.1063829787234043,0.12222222222222223,1.7507662975727798,-1.9750735882122743,1.5340095042201574,-0.8839846452260489,0.03025886132151223,-0.24092191909689553,0.031680440771350016,0.05465004793863848,0.010678391959799027,-0.23873873873873874,-0.3084940072954665,0.019230769230769162,-0.030575539568345245,0.05205479452054784,0.0,-0.08325802078626288
2005-09-30,0.0017789843923952109,0.012493946976784187,0.023618985043351692,-0.050383365108974454,-0.021405384618284784,-0.06606669042810187,-0.2316224104791058,-0.2316224104791058,-0.21153846153846156,-0.2178217821782178,-0.8336274598663902,-0.4757450966706219,-0.8793536167790933,-2.4377411434584357,-0.04222667866242691,0.17784112033709265,0.05919003115264787,0.06272727272727274,-0.02050963331261657,0.16568047337278102,0.08176337603617179,0.018867924528301883,-0.02329416615130897,0.06510416666666674,0.0,0.06623536660505214
2005-12-31,0.041235565429871945,0.07887639943008673,0.0501684512202738,0.07864378185767906,0.028391370764699442,0.10335547169011239,0.34406211203142667,0.34406211203142667,0.3414634146341464,0.35443037974683556,4.5312930620092935,-0.03631340700306218,0.87093032248086,-10.399203057656338,0.4143956804353983,0.06660353535353525,0.031932773109243806,0.011976047904191711,0.03172588832487322,0.08798646362098128,-0.0247300592128179,0.03703703703703698,-0.012241452089489346,0.01344743276283622,0.0,0.0002311470673217464
2006-03-31,0.039575356846209386,0.03192227619708543,-0.042632607936115896,0.2590705490870866,0.13301957919482255,-0.03742050934071539,-0.11730888536568551,-0.11730888536568551,-0.12727272727272743,-0.12149532710280386,-0.7827338879747863,-0.020308776292612185,-0.40321580622494113,-0.9775051478603934,0.006590637745596206,0.03373779224622675,-0.029723127035830577,-0.023668639053254448,0.11193111931119293,0.0015552099533437946,-0.0071428571428571175,0.01785714285714257,0.08995726495726508,-0.0156815440289505,-0.006993006993006978,-0.1804263677855451
2006-06-30,-0.007198530695263439,-0.06333747926099031,-0.030452652884447762,-0.07578156989327367,0.015228040359018591,0.07190384872118938,0.011573423296785679,0.011573423296785679,0.01041666666666674,0.010638297872340496,3.2282605797178743,1.0875374581350257,13.440434963291315,-41.51576923076923,-0.26527641721585804,-0.09008493176829857,-0.057070919009651666,-0.038961038961038974,0.042035398230088505,-0.18167701863354047,-0.09964028776978417,0.01754385964912286,0.022544599098216045,-0.03676470588235292,-0.007042253521126751,0.013463978570421364
2006-09-30,-0.050522346953552955,-0.07536356701887448,-0.09014211843766717,-0.08627032650135036,-0.014146319221211456,-0.03907965969710758,-0.12597464758287402,-0.12597464758287402,-0.11340206185567014,-0.10526315789473684,-1.2813564239045432,-0.796902707175789,-0.5381671151272717,0.4882619303025413,-0.5373460196464193,-0.15217619297325635,-0.02625723186470852,0.00540540540540535,-0.015392781316348136,-0.18595825426944967,-0.13863363963244113,0.01724137931034475,0.0383435582822087,-0.011450381679389277,0.02127659574468077,0.011963552896988361
2006-12-31,0.06589217327206098,0.1072644500827129,0.0326431493592545,0.07709890785258033,0.09444907870068309,0.12861110808280118,0.4377649802148107,0.4377649802148107,0.4534883720930232,0.43529411764705883,-3.076233384887813,1.615666056876767,-0.6686191425722832,-1.2304257694147664,0.26762629368142665,0.1809747649678377,-0.019195612431444187,0.023297491039426355,0.09056603773584904,0.20046620046620056,0.16233766233766245,0.016949152542372836,0.026772525849335427,0.005148005148005064,0.01388888888888884,0.027974431232387076
2007-03-31,0.006723001511112159,-0.0016730343605295683,-0.020976305525932437,-0.049353932354361474,0.029232206515800607,-0.05253311896208823,-0.12711791519738536,-0.12711791519738536,-0.1279999999999999,-0.12295081967213106,-1.0937415656342102,0.5000317904374365,-0.49893443650495173,-3.0525121107266435,-0.433334502185754,0.03739394574211796,-0.004659832246039164,0.023642732049036885,0.03509639149777555,-0.04854368932038833,-0.001995211492418103,0.03333333333333344,0.022298147815141167,0.001280409731114096,0.020547945205479534,0.050147098154586844
2007-06-30,0.045782594160816314,-0.03431552585685049,-0.019116580085323687,0.0036160538029448297,0.09543033320257943,0.032105721642419205,0.47689427529805895,0.47689427529805895,0.47706422018348627,0.47663551401869153,-21.26741909478291,0.8935678711454911,3.913997998498874,-1.1238081109148044,0.09467724136508493,0.11702342487883666,0.0898876404494382,0.127459366980325,0.09360076408786999,0.07755102040816331,0.08156737305077955,0.016129032258064502,0.0474934036939314,0.13043478260869557,0.0,-0.037756271488603055
2007-09-30,0.04502389125294748,0.06981534327046202,0.03124516124578247,-0.11677110128789758,0.05493088877748331,0.039346381842866984,-0.6518494515025304,-0.6518494515025304,-0.6521739130434783,-0.6518987341772151,-1.577405643759021,-0.6355598334601782,-2.294418634251893,-4.160675381263617,-0.2733627910044186,-0.12464973334538543,-0.12328178694158076,-0.10015174506828528,0.13799126637554582,-0.19886363636363635,-0.24140480591497226,0.015873015873015817,0.009403862300587651,-0.09502262443438914,-0.006711409395973145,0.2112088930060212
2007-12-31,0.010787134315116909,0.0053826200723747775,0.3503170337499881,-0.054694199234630925,-0.2140865802513784,0.12529330638399427,0.17386186317720176,0.17386186317720176,0.23214285714285698,0.23636363636363633,-2.256069597394034,0.1393034825870647,-1.0800719792322215,-3.8312596932621057,1.0651271944610117,-0.1784386617100372,-0.11758941695247427,-0.15430016863406404,-0.21488871834228696,-0.27895981087470456,-0.12280701754385959,0.015625,-0.22242555315255363,-0.1612499999999999,0.013513513513513598,0.06353455340071013
2008-03-31,0.038745953468328986,0.04586205570638757,0.02979109475527153,0.22073596759041814,0.04852642235401072,-0.03091374893253629,-1.0781016791044775,-1.0781016791044775,-1.0869565217391304,-1.088235294117647,-0.08361473913486328,-0.19995687099034987,13.690900159646322,-1.341014498046233,-0.17588447653429606,-0.3118401206636501,-0.2831760133259301,-0.3150548354935194,0.09090909090909083,-0.121311475409836,-0.21611111111111114,0.01538461538461533,0.00941377834830992,-0.3189269746646797,0.0,-0.14320936922128613
2008-06-30,0.02693085923735561,0.03741774655847574,0.0227538609142397,0.09052825483398919,0.03158081144445424,0.03350060232330243,-10.473275604658108,-10.473275604658108,-10.000000000000002,-10.000000000000002,0.4862048033105053,0.45367250673854453,-0.6759370715885913,-4.278646391090169,0.6997356412034039,-0.228310502283105,-0.38729666924864437,-0.4221251819505094,0.02553763440860224,-0.2947761194029852,0.08858965272856123,0.015151515151515138,0.004451038575667532,-0.42669584245076586,0.01333333333333342,-0.04874100719424468
2008-09-30,-0.05987707491355443,-0.05634429194743029,-0.06225493063919263,-0.09423872487187857,-0.05721399718766518,-0.1855896812688157,-0.26728865914391986,-0.26728865914391986,-0.2592592592592593,-0.2592592592592593,-0.8968348022182847,-0.4658013674817476,-0.9850904119483066,-1.3045684173852452,-0.1253826604933015,-0.11715976331360956,-0.07079646017699126,-0.12594458438287148,-0.05723023154215823,-0.13756613756613756,0.419921875,0.02985074626865658,0.002954209748892156,-0.10687022900763354,-0.02631578947368418,0.04184786033906862
2008-12-31,-0.16784671611122126,-0.07300457953883555,-0.07835562685146868,-0.1467847134812449,-0.2666432332981833,-0.13036850400948008,-14.63133442312656,-14.63133442312656,-14.525,-14.525,-1.2756928567445491,-0.1769784796945505,-29.060553633217992,-0.531028812468721,-0.06723037896840645,-0.4120643431635388,-3.9904761904761905,-3.92507204610951,-0.26691380908248374,-0.3742331288343558,-0.35534158642824387,0.01449275362318847,-0.11866189774879021,0.0,-0.03378378378378377,0.08650414372996185
2009-03-31,0.029907604434480817,0.06210554495069731,0.12966821606026602,-0.06556703443139611,-0.10850288877566006,-0.20849082189515467,-0.7899512108913953,-0.7899512108913953,-0.789279112754159,-0.789279112754159,4.644012944983818,-0.006642416574410892,11.78371046303718,-12.609497675127677,0.836767097398031,-0.3077975376196991,0.3726114649681529,0.2975369458128079,-0.10998735777496838,-0.05882352941176472,0.0,0.0,-0.13439961804726674,0.0,-0.07692307692307687,0.13662936362117928
2009-06-30,0.0942310318076709,0.1297583690528099,0.04589885721212661,0.13525563215231817,0.17825153511666403,0.11598710975760596,-0.06302678826304486,-0.06302678826304486,-0.07894736842105254,-0.07894736842105254,-4.353426032110091,-0.6735127102902935,-0.2620491079825793,0.6824595384261842,0.7664699495395144,0.19894598155467724,0.4047066622472655,0.33105542900531515,-0.0035511363636364646,0.34375,0.0,0.0,0.07666850523993385,0.0,-0.09090909090909094,-0.00484937545922115
2009-09-30,0.02545024721618483,0.05054182933021556,0.0067354701395034855,0.05770311890576041,0.052955739697997606,0.13433631632156362,-0.8481014687961004,-0.8481014687961004,-0.8666666666666667,-0.8666666666666667,-1.5965759719580226,-0.7878738621586476,-1.0294955753369148,-1.1967047419091736,-0.08535003589764434,0.42472527472527477,0.14582350165172242,0.08899030233884764,0.05274411974340709,0.43410852713178305,0.0,0.0,0.02689549180327866,0.0,-0.025000000000000022,-0.006792675723567787
2009-12-31,0.01133976893195987,0.04171655504273808,0.005895643255038774,-0.000267028129506075,0.021892174938290987,0.23782494111185049,-2.699461627784229,-2.699461627784229,-2.642857142857143,-2.642857142857143,-3.106871596445973,132.455938697318,-1.5235984932417461,0.21111000892768583,-0.12080612703943072,0.3632857693790976,-0.7397034596375618,-0.7412257726558407,0.02098849018280302,0.2918918918918918,0.0,0.0,0.010476428036916952,0.0,0.025641025641025772,0.04197640995143237
2010-03-31,-0.07142271292643121,-0.08876427264340703,-0.12145257187522962,0.037836545310242276,0.002058267597710328,-0.0952085837807164,0.13423193987204174,0.13423193987204174,0.13043478260869557,0.13043478260869557,-0.6277824068563267,-1.0771417087735415,-94.61574269995768,1.8555351701995217,-0.3670584618494529,0.16237623762376252,-0.7104430379746836,-0.6983805668016194,0.0006631299734747298,0.13807531380753146,0.0,0.0,0.0789928412737595,0.0,0.06666666666666665,-0.12195005945303206
2010-06-30,0.0650208007399522,0.11128821428879654,0.05205021750506855,0.058187045633918855,0.08172314402488867,-0.03170476944986744,6.332037239868566,6.332037239868566,6.269230769230768,6.269230769230768,2.0807940061217964,16.025009304056567,-1.0049906425452277,-2.9790212197178736,1.147683381627405,-0.010464833292772147,-5.076502732240437,-5.221476510067114,0.08151093439363821,-0.011029411764705954,0.0,0.0,0.015785861358956765,1.017094017094017,0.0390625,0.05015979632739298
2010-09-30,0.053714574087077915,0.07263054076544573,0.036535678378524894,0.05489251851002552,0.07522918480348784,0.019001898120021066,-0.7954333261130988,-0.7954333261130988,-0.7936507936507936,-0.7936507936507936,-1.1630446871454945,-1.4139753684459038,-7.507246376811594,-1.2257921450746563,-0.12065926235729663,-0.2164289227742252,0.17828418230563003,0.21621621621621623,0.07475490196078427,-0.275092936802974,0.011379800853485111,0.0,0.020270270270270174,0.2033898305084747,0.015037593984962516,0.01681539175736324
2010-12-31,0.00940664654183121,0.02106583958996655,-0.021492589183656263,-0.04440587232996063,0.046711831571563334,0.14234490636193975,0.9370527238206514,0.9370527238206514,0.9230769230769229,0.8974358974358974,-6.121373351523419,0.9443229942231939,0.00111358574610243,0.07063445194751838,-0.14690774314926125,0.2777777777777779,0.13026166097838443,0.1725490196078432,0.04503990877993158,0.18974358974358974,0.033755274261603185,0.0,0.03708609271523189,0.18309859154929553,-0.007407407407407418,0.06853345508040376
2011-03-31,0.0817961070420008,0.09417820360796902,0.1016330602086033,0.12907613846951005,0.059407173111401645,-0.008247209179975346,-0.31011083465279343,-0.31011083465279343,-0.31999999999999995,-0.31081081081081074,-0.6059989877374155,-0.31404734229194053,-1.896134593993326,-0.30951124754184856,-0.11890641777484101,0.1692458855318104,0.013085052843482714,0.02564102564102555,0.056192034915439226,0.12068965517241392,-0.01292517006802718,0.028571428571428692,-0.020647083865474647,0.04761904761904767,-0.022388059701492602,-0.030905810862134286
2011-06-30,0.03986230344241393,0.050898008076564416,0.02942885874387091,0.06597004932083372,0.052107343684989704,0.08745660179962789,-0.48426229508196716,-0.48426229508196716,-0.4901960784313726,-0.4901960784313726,3.4340800504822857,-0.7670641707842392,-1.069356089992242,-4.077174215059738,0.4152745748729776,-0.017857142857142905,-0.4878291107799305,-0.4826086956521739,0.051652892561983466,-0.07307692307692304,-0.08752584424534804,0.11111111111111116,0.011736579004564263,-0.48863636363636376,0.007633587786259444,-0.014157644638220779
2011-09-30,-0.007230353490850883,-0.021981780277066876,-0.00958566511523784,-0.04623222452488163,-0.0045256655741757745,0.018893011690178207,1.5623543123543122,1.5623543123543122,1.6153846153846154,1.576923076923077,-1.5193469852451602,1.3204949518985623,24.210290827740494,-2.1595859951691914,-0.3402495810509164,-0.18181818181818177,0.1125121241513094,0.12184873949579833,-0.006876227897838927,-0.2199170124481329,0.5203927492447129,0.09999999999999987,0.002577873254564933,0.09444444444444455,0.030303030303030276,0.025442258000397677
2011-12-31,0.01667116214994091,0.027503450844741595,-0.0008214105286301621,0.3763452698246208,0.036656400052215155,0.07274489031537135,0.22511216325180383,0.22511216325180383,0.22058823529411753,0.22388059701492513,-2.203687574010824,-1.6030148545310716,-0.12370219185375808,-1.7124259030339606,0.3674156288119512,-0.07215686274509803,0.0043591979075849885,0.0074906367041198685,0.035113748763600405,-0.06382978723404253,-0.19125683060109278,0.07954545454545459,0.01971287765159624,-0.005076142131979711,0.007352941176470562,-0.2534890482651677
2012-03-31,0.06316259696708881,0.03620119885523909,0.005211282231326386,0.0021480918051097753,0.12697824954991432,-0.02782004722150011,1.91377942789638,1.91377942789638,1.9036144578313254,1.9024390243902438,-0.9014911296486008,0.6433933386779389,-1.8875949367088607,-0.3458687707073812,0.17576077958454706,0.26317272471118613,0.7413194444444444,0.7843866171003717,0.12231247013855695,0.21590909090909105,0.21867321867321854,0.08421052631578951,0.0600966589619667,0.7729591836734695,0.007299270072992581,0.034014930217461936
2012-06-30,-0.0342841403248767,-0.03597325818803998,0.008354101755738697,0.0027370461959992376,-0.07616398212979636,-0.004475779770461097,-0.7146754239644149,-0.7146754239644149,-0.7136929460580913,-0.7100840336134454,18.443545724661604,-2.555117004449569,-16.432629777524244,-1.2423058848101927,-0.036221544341027645,-0.04617443676109745,0.08225324027916248,0.09166666666666679,-0.030651340996168508,-0.14953271028037385,-0.47832661290322587,0.06796116504854366,-0.043409316154608524,0.08633093525179847,0.007246376811594235,-0.038608826668340646
2012-09-30,0.005706643142184387,0.014234174209507788,-0.016313657382704405,-0.02121209928359502,0.029313988981512384,-0.08487391028914415,0.10742342122891424,0.10742342122891424,0.14492753623188426,0.14492753623188426,-1.434675563932116,-2.147872128062054,-0.9205127636452349,-1.7145504697870875,0.02685484550243289,0.010056127221702571,-0.006909258406264218,0.006679389312977069,0.019323671497584627,0.0439560439560438,-0.08502415458937185,0.06363636363636349,0.023414836303356834,0.03178807947019857,-0.021582733812949506,0.03624134778633925
2012-12-31,-0.025955976861232966,-0.039761587947639954,-0.07909176176817201,-0.2848911012748163,0.02848423258915811,0.05755299826786997,-0.1295206672165704,-0.1295206672165704,-0.12658227848101278,-0.1392405063291139,-1.484248046875,-1.3897064303755537,9.700706845238095,-7.495204777127691,-0.16986599572511374,-0.02060662190321838,-0.05797773654916516,-0.03601895734597149,0.02714347264110284,-0.042105263157894646,-0.04540654699049651,0.05982905982905984,0.0558817574407775,-0.019255455712451908,-0.022058823529411797,0.3427437141596823
2013-03-31,0.03678995366873705,0.005125119782632526,0.06299082205668327,0.09436679565819284,0.012753682616592155,0.005806892867089353,-0.265661521615532,-0.265661521615532,-0.26086956521739124,-0.26470588235294124,-0.6862887450339807,-0.07545846703074865,-0.3933804995914961,-0.03410905984175927,-0.19764523012782875,0.08983451536643039,-0.4239290989660266,-0.4228121927236971,0.012164429530201248,0.06043956043956045,0.12278761061946919,0.12096774193548376,-0.0230105465004794,-0.42015706806282715,0.0,-0.08151867843063632
2013-06-30,0.005170484004397569,0.008430247713348438,0.007423253363325166,0.017941036708696956,0.0030013128457042626,0.11345467765207595,-0.8425716170102945,-0.8425716170102945,-0.8627450980392157,-0.86,4.1036898945744404,-0.06042566884251177,-0.8880849356678224,-1.3078328253742393,0.07582891246684342,0.036659436008676716,-0.24871794871794872,-0.23850085178875646,0.001243265644426117,0.02590673575129543,0.7704433497536944,0.2158273381294964,-0.0021589793915602895,-0.2528216704288939,0.015037593984962516,-0.009350569720504853
2013-09-30,0.05959603607891384,0.09544185592316512,0.10192329210077355,0.14752476533947578,0.01865982195564264,-0.008822273067537356,7.4612021857923505,7.4612021857923505,8.571428571428571,8.428571428571429,0.42375272379177,-0.5567161623327381,4.207399820765587,0.9108001749016179,0.13468117237340893,0.30027202343586534,-0.07167235494880542,-0.07382550335570459,0.026490066225165476,0.297979797979798,0.6950473010573179,0.1775147928994083,-0.03874901652242313,-0.09365558912386707,0.022222222222222143,-0.0453889003507324
2013-12-31,0.016746881087723375,0.008587528157889546,0.029693859796743105,0.02906894928643866,0.003201906939991561,0.13331484333997556,0.5420003444415742,0.5420003444415742,0.5522388059701493,0.5606060606060606,0.0693761279592342,1.9645163070470724,0.6434910878918254,-0.9490356325596601,0.00604922415499054,0.20437721274541354,0.16911764705882337,0.14492753623188404,0.0,0.17509727626459148,0.28627708470124746,0.4522613065326633,-0.013300593411090689,0.11333333333333329,0.02898550724637694,-0.019937324400259304
2014-03-31,0.052314787190585355,0.07742472445796023,0.05325187104537554,0.09429455909501372,0.05130853236513855,0.05738676409462484,0.024515210319842495,0.024515210319842495,0.019230769230769162,0.01941747572815533,-0.24199606214530356,-0.3925353685778109,-0.8197579619740011,14.49615137908916,0.093176050416927,0.2767236771779795,0.22012578616352196,0.20253164556962044,0.0463709677419355,0.2748344370860927,0.07912200102092903,0.0,-0.0010369141435089269,0.158682634730539,0.035211267605633756,-0.015381222779646042
2014-06-30,0.12465931103818595,-0.011226923061456784,0.2269401255150234,0.06697290072744955,0.014374920423840365,0.028616292856964876,-0.41096954418477893,-0.41096954418477893,-0.4056603773584906,-0.4095238095238095,1.9096544648898783,14.554132320044127,-22.261266495144824,-0.7011610820208208,0.025471313680489382,0.10936682365253803,0.1658075601374569,0.11929824561403501,0.014258188824662898,0.05974025974025965,-0.10785241248817412,0.0,-0.09798629852605356,0.13436692506459957,-0.013605442176870763,-0.07329227323628218
2014-09-30,-0.016064611364677517,-0.014855598362012445,-0.05397482346717286,0.022290549873052345,0.033281118032241874,-0.010728881301062865,0.9195160320177671,0.9195160320177671,0.9047619047619047,0.9032258064516128,-0.9486046511627907,-0.9401845627667078,-1.5600229528802352,-13.712099175843202,-0.3157512661015083,0.015000000000000124,0.12675018422991902,0.1081504702194358,0.026975683890577473,0.002450980392156854,-0.15111346765641553,0.11418685121107264,0.05017261219792868,0.10250569476082005,0.006896551724137945,-0.036372424626910815
2014-12-31,0.029152709053795745,0.04197465016308599,0.009086546283108232,0.02831900593112313,0.05310551511496642,0.10821234469061292,0.40087739385101173,0.40087739385101173,0.3916666666666666,0.39830508474576276,14.346591738432346,0.04686933895457979,-0.6263618304115987,-1.6129120130754564,0.2828324475440087,-0.0858815875081328,0.1223021582733812,0.11456859971711442,0.051424343322234556,-0.11002444987775051,-0.20830730793254215,0.10248447204968936,0.02323033092263871,0.11363636363636376,0.0,0.01329236942755041
2015-03-31,0.1293096556105413,0.08660470202296344,0.14660127901128117,0.07290472781662949,0.10961595938892676,-0.07537247031825345,-0.39523379360777733,-0.39523379360777733,-0.4011976047904191,-0.4,-0.6129237822131549,4.010917442738485,-4.4064062383404226,-0.27024888888888887,0.16089185555655727,0.21148957803762092,-0.06060606060606055,-0.07106598984771562,0.07037297677691767,0.15109890109890123,0.04457593688362915,0.09295774647887334,-0.01734846862283146,-0.020408163265306145,-0.047945205479452135,0.012808613328383123
2015-06-30,0.256871911341253,0.07516848901703921,0.385313102194927,0.26540859934627914,0.09711386617557238,0.14645610244004725,0.04099864855252866,0.04099864855252866,0.030000000000000027,0.04040404040404044,2.0374229058652973,2.24646034646223,0.7506202182949337,-0.303823525829202,0.09648540834190067,0.1091061686949224,0.019230769230769162,-0.008196721311475419,0.09664694280078878,0.03579952267303099,0.1238670694864048,0.0850515463917525,-0.12707061900610284,0.05492424242424243,-0.06474820143884885,-0.15035434995112418
2015-09-30,-0.020012809979236934,-0.026660607643186784,-0.02865482625307969,-0.019574903978931912,-0.0074690065286427965,-0.028442786481619242,0.19025103516132114,0.19025103516132114,0.17475728155339798,0.16504854368932032,-1.6160184121539631,-0.9327942535982702,-1.3053576009360004,-5.327816075865206,-0.38082686566704593,-0.21906923950056756,-0.045648204503956236,-0.07438016528925628,-0.005995203836930529,-0.28801843317972353,-0.28494623655913975,0.08313539192399033,0.012734082397003688,-0.019748653500897606,-0.05384615384615388,-0.007262529661321682
2015-12-31,0.0020128784988542314,0.0028876499309793413,-0.02248705893858849,-0.03773266335139125,0.037619697591346535,0.08662090836403236,0.29620317110414596,0.29620317110414596,0.2975206611570249,0.29166666666666674,-2.1298187094952628,0.5001870557426114,-0.6362770207970495,-1.143014812898218,0.08796228376197601,-0.03110465116279082,-0.06186224489795911,-0.08184523809523803,0.03679131483715348,-0.02265372168284785,-0.03524436090225569,0.07675438596491246,0.035502958579881616,-0.03846153846153855,-0.04065040650406504,0.04222801680428789
2016-03-31,-0.005904569949257921,-0.030410895894376178,-0.013254841706567544,-0.1687384805498443,0.011870988108157565,-0.08129923026007291,-0.2132367269570763,-0.2132367269570763,-0.2165605095541402,-0.2129032258064516,-0.6413336587860613,4.316362938806829,-4.674534546376362,-3.179957597173145,-0.17625063994734147,-0.18261826182618257,0.019714479945615038,0.004862236628849326,0.02006980802792313,-0.2119205298013246,-0.1656113005358013,0.07128309572301417,0.017857142857142794,0.028571428571428692,-0.025423728813559365,0.16644659114601423
2016-06-30,0.04589267114885165,0.04570164670540677,0.0868376120991996,0.10159104152872778,-0.008930833723636344,0.15507019916687237,-0.17912951454561832,-0.17912951454561832,-0.1707317073170731,-0.16393442622950816,4.914963947176537,-0.7768111653953569,-1.421433882428693,-4.136573473727891,0.6711059319682593,-0.05102165667441583,-0.0086666666666666,-0.006451612903225823,0.001996007984031989,-0.0714285714285714,-0.0945709281961471,0.06653992395437269,-0.05239766081871344,-0.031481481481481444,0.026086956521739202,-0.05076263107721635
2016-09-30,0.018137964685411845,0.03928756825100943,0.014860467757246809,0.054635152412428,0.02295111913566439,-0.0643572701376034,0.4142471164264261,0.4142471164264261,0.4215686274509802,0.4215686274509802,-0.8094164507097813,-0.2075337482822731,1.059422688662944,-1.3745452290391929,-0.150415075543749,0.02578648788035065,0.02824478816408882,0.02922077922077926,0.024188958451906606,0.02262443438914019,0.027724049000644735,0.062388591800356386,0.00469019995062947,0.026768642447418722,0.0,-0.01456188802410241
2016-12-31,0.027218864832856182,0.07194256463819038,0.027379353175982057,0.04114474604363516,0.026985044404406855,0.10681992041020227,-0.03557124431471048,-0.03557124431471048,-0.034482758620689724,-0.04137931034482767,2.4633108622845725,-0.2197560079970623,-0.8594744976816074,-2.894652022738562,0.33543936447757994,0.1860231271995978,-0.04839764551994774,-0.05520504731861198,0.024173381494859703,0.15929203539823034,0.12986198243412805,0.0,-0.0002457002457003643,-0.059590316573556734,0.008474576271186418,0.029617834394904508
