Quarter end,Assets,Current Assets,Liabilities,Current Liabilities,Shareholders equity,Revenue,Earnings,Earnings available for common stockholders,EPS basic,EPS diluted,Cash from operating activities,Cash from investing activities,Cash from financing activities,Cash change during period,Cash at end of period,Price,ROE,ROA,Book value of equity per share,P/B ratio,P/E ratio,Cumulative dividends per share,Equity to assets ratio,Net margin,Asset turnover,Current ratio
1993-12-26,-0.07835437837818982,-0.13762522720547832,-0.19467104842399408,-0.2719179381917216,0.014242376533563972,-0.09160903067263915,-0.9271673724091821,-0.9271673724091821,-0.92,-0.33333333333333326,-3.4782537084504286,0.305641501650165,-5.279852125693161,-4.184523809523809,0.343659733482234,-0.06993424985056784,-0.026656511805026706,-0.09090909090909083,0.013953488372093092,-0.0954356846473029,0.07264687302590023,inf,0.10039511494252884,-0.016793893129771087,-0.00877192982456143,0.18443754313319527
1994-03-27,-0.07835437837818982,-0.13762522720547832,-0.19467104842399408,-0.2719179381917216,0.014242376533563972,-0.09160903067263915,-0.9271673724091821,-0.9271673724091821,-0.92,-0.33333333333333326,-3.4782537084504286,0.305641501650165,-5.279852125693161,-4.184523809523809,0.343659733482234,-0.06993424985056784,-0.026656511805026706,-0.09090909090909083,0.013953488372093092,-0.0954356846473029,0.07264687302590023,inf,0.10039511494252884,-0.016793893129771087,-0.00877192982456143,0.18443754313319527
1994-06-26,0.025453427023446107,0.046140779597635184,0.06767389466379314,0.10578634960373257,-0.0012341045328242428,-0.09160903067263915,-0.9271673724091821,-0.9271673724091821,-0.92,-0.33333333333333326,-3.4782537084504286,0.305641501650165,-5.279852125693161,-4.184523809523809,-0.8144864182336911,-0.0822622107969152,-0.026656511805026706,-0.09090909090909083,0.001529051987767538,-0.0954356846473029,0.07264687302590023,1.0,-0.025950709972254016,-0.016793893129771087,-0.00877192982456143,-0.053945132313668376
1994-09-25,0.2534084060942938,0.41324491689235066,0.5657474647374794,0.9001311268610885,0.04235780982750681,0.7919851279696797,44.99204406364749,44.99204406364749,41.5,-0.33333333333333326,-0.25261168456250394,3.021722816856906,3.83570873283234,-0.9843353692937915,-0.06877463544919982,-0.062324929971988685,-0.026656511805026706,-0.09090909090909083,0.04427480916030535,-0.06422018348623859,0.07264687302590023,0.5,-0.16839812332439674,-0.016793893129771087,-0.00877192982456143,-0.2562615479367686
1994-12-25,-0.12441087444235088,-0.24501393073333166,-0.2816031385710088,-0.3328523059613617,0.03513895647632714,0.18130747454855545,0.00880893135154559,0.00880893135154559,-0.0117647058823529,-0.33333333333333326,-4.375295948424387,-0.041099522715220105,-2.479127592304807,-30.374882555590354,2.169449969931073,0.01867064973861088,-0.026656511805026706,-0.09090909090909083,0.03508771929824572,-0.02450980392156865,0.07264687302590023,0.33333333333333326,0.18214789441869828,-0.016793893129771087,-0.00877192982456143,0.13166793181975
1995-04-02,-0.02043916539654178,-0.11146995959162065,-0.07446605043145282,-0.09136712878339526,0.017618389341680585,-0.44023759731996004,-0.7139936422513289,-0.7139936422513289,-0.7023809523809523,-0.33333333333333326,-0.8426900613682805,0.21146854292766348,-1.1646788880032848,-0.4376079493357784,0.38495052106138883,0.010997067448680342,-0.026656511805026706,-0.09090909090909083,0.015536723163841915,-0.02010050251256279,0.07264687302590023,0.3333333333333335,0.03886142832793604,-0.016793893129771087,-0.00877192982456143,-0.022135496066833293
1995-07-02,0.05580181331749201,0.13722681652799884,0.16198100380209746,0.2116688185926403,-0.012224630669534275,-0.08480293559580854,-1.6868514504450491,-1.6868514504450491,-1.6800000000000002,-0.33333333333333326,-3.7916095334791757,-0.8253345619626508,1.7066821155143588,-2.96333579783503,-0.545714180327437,0.0725163161711384,-0.11267605633802813,-0.09090909090909083,-0.01251738525730195,0.05641025641025643,0.07264687302590023,0.25,-0.06447908121410995,-0.1071428571428571,-0.017699115044247593,-0.06142429533549498
1995-10-01,0.18609112729330568,0.3671872777670666,0.37691852902920653,0.4752402359545216,0.0422709128409724,0.7145546161285368,-5.268582555563016,-5.268582555563016,-5.235294117647058,-0.33333333333333326,-0.23164055762611457,0.5237403804268912,0.11017789506196252,-0.6868796106755244,-0.37613816941760525,-0.05341446923597015,-0.09259259259259256,-0.09090909090909083,0.04366197183098608,-0.043689320388349606,0.04829210836277986,0.1499999999999999,-0.12118554893020006,-0.08347826086956533,-0.009009009009009028,-0.07321772639691715
1995-12-31,-0.10321167818162691,-0.17613796284148708,-0.2506219191728355,-0.29874617172441087,0.043557369894947406,0.23908420230825556,0.3403542440067955,0.3403542440067955,0.33333333333333326,-0.33333333333333326,-3.9449500544106813,0.23559494314211293,-3.221959195626708,-4.307172813617861,1.9939574230733474,-0.02928571428571425,0.04081632653061229,0.039655172413793016,0.04993252361673406,-0.07106598984771573,0.04719101123595504,0.17391304347826098,0.1636399920175613,0.032258064516129004,0.009090909090909038,0.1748512438167611
1996-03-31,-0.08122954240731883,-0.17466036430777176,-0.22048523253170216,-0.27818601528514797,0.018334937061323497,-0.47378009706082325,-0.7140560269455105,-0.7140560269455105,-0.7083333333333333,-0.33333333333333326,-0.8972125377803701,0.08833131957119722,-0.9065449712785704,-1.2253718122056974,-0.1500962553561448,0.23841059602648995,-0.0056022408963585235,0.00995024875621886,0.019280205655527016,0.180327868852459,0.15450643776824036,0.14814814814814814,0.10838621162750828,0.012867647058823595,-0.009009009009009028,0.14339760800585788
1996-06-30,0.05143976770693803,0.1158662836160882,0.1656567984983699,0.2249856660508378,-0.011071174780378779,-0.05026314079656946,-0.754319720911143,-0.754319720911143,-0.75,-0.33333333333333326,-4.449662265641373,-0.3334593126254872,-5.1672621286197815,1.7663218866363262,-0.4885430366798188,-0.024361259655377054,0.10704225352112684,0.12479474548440073,-0.0025220680958385477,-0.04166666666666685,-0.040892193308550095,0.16129032258064502,-0.059415132291505524,0.12159709618874759,0.009090909090909038,-0.08907033834987721
1996-09-29,0.18672933166740124,0.37184605271476556,0.4413306024436754,0.5706850732762656,0.022484613221694483,0.6519412285554007,10.772302038088874,10.772302038088874,10.571428571428571,-0.33333333333333326,0.036558466441729776,-0.36905521298461974,0.27073979649391955,-0.8168615955251114,-0.17493356953055805,-0.05054811205846543,0.020356234096692072,0.03065693430656924,0.02402022756005051,-0.048309178743961345,-0.16279069767441856,0.11111111111111116,-0.13850962329330474,0.030744336569579422,0.0,-0.12660378463881905
1996-12-29,-0.09933938439226864,-0.1745817492711047,-0.26536282345825757,-0.31228400697634184,0.051636324747967643,0.30974456544889173,0.4061786033575048,0.4061786033575048,-0.07407407407407418,-0.33333333333333326,-3.9473871664359876,1.1865311166030104,-3.0224686185039857,-14.166026949775418,2.7915086662164734,0.15522771007055813,0.05320033250207823,0.06515580736543924,0.05802469135802468,0.12690355329949243,0.10590277777777768,0.125,0.16765323658583164,0.04552590266875978,0.018018018018017834,0.20022806546820493
1997-03-30,-0.09314090754463522,-0.15517469858851374,-0.22246329789616215,-0.28040677982422146,-0.010988798132739674,-0.49790410939103535,-0.7407056069107496,-0.7407056069107496,-0.7333333333333334,-0.33333333333333326,-0.7484233438418251,-0.5676231087364176,-0.8420352642182747,-0.5622387078365939,0.3223029533591206,-0.005552470849528146,-0.006314127861089203,0.0026595744680850686,-0.008168028004667427,-0.05855855855855874,-0.07692307692307687,0.11111111111111116,0.09059689288634498,0.0,0.0,0.17403453864639795
1997-06-29,0.0803738783160699,0.0779897890609822,0.284030804072569,0.3908448760644374,-0.021336171546222138,0.05056280857311468,-0.4947847746555616,-0.4947847746555616,-0.5,-0.33333333333333326,-2.4239982975618655,9.74203897338403,-3.889643770145604,-3.9335600425079704,-0.715036643573042,-0.0262423227247347,0.024622716441620174,0.022546419098143256,-0.0117647058823529,-0.019138755980861233,-0.035147392290249435,0.10000000000000009,-0.09416704153546274,0.012012012012011963,0.017699115044247815,-0.22492502499166933
1997-09-28,0.14249535759286225,0.29796152618890037,0.32553418517910515,0.40847462111463617,0.02255928746847302,0.5679995752595541,4.9625606655881676,4.9625606655881676,4.999999999999999,-0.33333333333333326,-0.6247560897504323,-0.8699574138598529,-0.4821213068250114,-0.9880214069050793,-0.030056962792388786,0.10034403669724767,0.023255813953488413,0.03112840466926059,-0.030952380952380953,0.11219512195121961,0.06345475910693321,0.1090909090909089,-0.10494951167025335,0.008902077151335286,0.01739130434782621,-0.07849158580027027
1997-12-28,-0.041083337659902575,-0.10435549121270526,-0.23562494644838483,-0.14312671409494082,0.12415907489676492,0.23791933223597628,-0.7556718346253231,-0.7556718346253231,-0.75,-0.33333333333333326,-8.981657639615857,1.0466125122272785,-4.427987856393497,-114.61088709677419,3.520617268524304,0.0797290255341323,-0.39015151515151514,-0.3836477987421384,0.1314496314496314,0.11842105263157898,0.040883977900552315,0.08196721311475419,0.1723691511004255,-0.37794117647058834,-0.008547008547008517,0.04525459877366034
1998-03-29,-0.10613139144268213,-0.19483071707137933,-0.2565457799547852,-0.2730975959248505,-0.019259927414849054,-0.573990873123714,-0.587911797366612,-0.587911797366612,-0.6,-0.33333333333333326,-0.7983263479029453,-0.49229042849424376,-0.885752047493175,-0.7557594363897713,0.19021241897812247,0.10086872586872597,-0.1540372670807454,-0.1428571428571428,-0.017372421281216077,-0.027450980392156765,0.7298301486199577,0.07575757575757569,0.09717621075879479,-0.11111111111111105,-0.0344827586206895,0.10769623158834407
1998-06-28,0.16813453571536052,0.05444294073317102,0.624331169678594,0.650653890442507,-0.03159401236468329,0.18482457230437843,-0.3002694726036186,-0.3002694726036186,-0.33333333333333326,-0.33333333333333326,-2.658377277932507,14.124345121152587,-9.57005025602124,-4.632963264357127,-0.5805978156112039,0.09995615957913206,-0.08370044052863435,-0.09523809523809534,-0.02209944751381232,0.11693548387096775,0.26910095121202815,0.08450704225352124,-0.17095614665708125,-0.06117021276595758,-0.0357142857142857,-0.36121344692608803
1998-09-27,0.21419727092426255,0.44234998993434504,0.4957133552521247,0.2768688144610292,0.007464943634863941,0.6528038289890692,10.247019988996882,10.247019988996882,10.749999999999998,10.25,-0.44295493682972154,-0.7916177290416164,-0.4985298144772474,-0.9835643944545331,-0.022752567900550913,-0.06576325229174962,-0.16185897435897434,-0.19210526315789467,0.01242937853107362,-0.04332129963898923,0.0,0.06493506493506485,-0.17030870620881033,-0.15580736543909346,-0.04629629629629628,0.1295845724069571
1998-12-27,0.03197260074248476,-0.07125019522058496,-0.03570355752662824,-0.11135074946243972,0.1057561098754145,0.379250934428206,1.1488504810044025,1.1488504810044025,0.4255319148936172,0.4222222222222223,-3.6813329762405784,3.178504175270451,-1.049533622739132,-1.3071306887320515,0.007150708838094877,-0.059726962457337995,1.1759082217973233,1.0553745928338762,0.10825892857142838,-0.07169811320754715,0.14192456479690518,0.060975609756097615,0.07148829431438108,1.0973154362416109,-0.01941747572815533,0.0451535700039889
1999-03-28,-0.10190242353074519,-0.19752165659396215,-0.18960385062599716,-0.25887872355997954,-0.01851866134991087,-0.48745589799390987,-0.8953251030055619,-0.8953251030055619,-0.8955223880597015,-0.890625,-0.5488370765674495,-0.960267164777513,10.4271714922049,30.321711568938195,0.222382249026712,0.1783121597096189,0.01405975395430592,-0.031695721077654504,-0.01611278952668682,0.0650406504065042,-0.45373703154774503,0.06896551724137945,0.09285992976980117,-0.027200000000000002,-0.00990099009900991,0.08281810548813073
1999-06-27,0.14495414621146785,0.3651391475364185,0.3994439635813496,0.5893615802582279,-0.054829786565240624,0.308462921792106,1.3406306632837985,1.3406306632837985,1.4285714285714284,1.2857142857142856,-4.030450623687473,2.0373122653316647,-4.882727839713105,-4.023451730418944,-0.55004234245844,0.2321909896033887,0.11785095320623928,0.05891980360065463,-0.051177072671443224,0.25190839694656475,0.19651162790697674,0.06451612903225801,-0.17440199928596933,0.03782894736842102,0.030000000000000027,-0.14112505286902588
1999-09-26,0.07488380951502083,0.1562037207025273,0.11069496403220769,0.14274520963999748,0.03325883726266854,0.25567304767806953,1.6377404069497352,1.6377404069497352,1.5882352941176467,1.6875,-1.0320065123463231,0.2709057663086869,-0.888381898953392,-1.0908870313192929,0.11110315552600625,-0.20968750000000003,0.08449612403100759,0.063369397217929,0.03775620280474645,-0.16768292682926822,-0.29964366699060574,0.06060606060606055,-0.03870270270270271,0.05705229793977806,0.0,0.011818778726198298
1999-12-26,0.06440774488829604,-0.05979605887907802,0.10958060128527913,0.12626657800054275,0.007966203983101883,0.448863983011877,-0.32254314899612535,-0.32254314899612535,-0.34090909090909094,-0.37209302325581395,44.4660232163819,5.64932722704061,-5.377540924626731,14.791935186890075,1.5790917543520488,-0.1870304468169237,-0.2751965689778413,-0.3125,0.02598752598752596,-0.21611721611721602,-0.2682701202590194,0.05714285714285716,-0.05308142150247408,-0.33133433283358316,0.029126213592232997,-0.1652336145360156
2000-04-02,-0.10231377880461034,-0.20589148697817472,-0.035506097610522924,-0.4119586139706575,-0.19420215809151264,-0.5138739447631593,-0.7378290784935615,-0.7378290784935615,-0.7241379310344827,-0.7037037037037037,-0.46073444869014424,-0.8314697483626966,0.29291445361057744,-0.629899960357251,0.2265998950595911,-0.2003891050583656,0.0631163708086786,-0.02748414376321362,-0.10840932117527846,-0.21962616822429915,0.11757269279393179,0.054054054054053946,-0.10237529691211411,-0.015695067264573925,-0.009433962264150941,0.3505004372752891
2000-07-02,0.0021289414743257407,0.020138672690742876,0.008337839984722928,0.021800027257217858,-0.008092735229585868,0.006324654387114936,-0.5703047530905004,-0.5703047530905004,-0.5,-0.5,-2.0260956530296865,-0.28197106690777574,-2.0792206657078607,-3.443103774179321,-0.4513346699918229,0.020681265206812682,-0.09740259740259749,-0.14130434782608692,-0.00909090909090915,0.14371257485029942,0.009615384615384803,0.05128205128205132,-0.010320190526594386,-0.11617312072892938,-0.02857142857142858,-0.0016549143761691587
2000-10-01,0.0885058238460894,0.17922892104886756,0.14556645493446108,0.3013316149477052,-0.0069888488708041985,0.3780244175992744,1.1280000000000001,1.1280000000000001,1.0,1.0,-0.8427602689657675,2.312413428362757,-0.3687537273322976,-0.8437246128254394,-0.12855286536370625,-0.16567342073897506,-0.4008221993833505,-0.44050632911392407,-0.008027522935779796,-0.15706806282722507,-0.043697478991596705,0.04878048780487809,-0.08770053475935824,-0.43041237113402064,-0.019607843137254943,-0.09383783783783772
2000-12-31,-0.12403988847262126,-0.2239992535682629,-0.1313559277884152,-0.23449966349923745,-0.10991500846562618,0.08402533243459698,-14.01980913823019,-14.01980913823019,-14.0,-14.0,-4.841573385647637,-1.3483949941456443,-2.861832475083541,0.5344500371317766,-0.22635675899383467,-0.23857142857142855,-2.7015437392795882,-2.6153846153846154,-0.10982658959537572,-0.236024844720497,0.328646748681898,0.023255813953488413,0.01611957796014063,0.0,-0.06999999999999995,0.013759643680903322
2001-04-01,-0.12158965265136701,-0.282732138009243,-0.16452190337429873,-0.3504958816336671,-0.04069817373132256,-0.601558038570829,-0.8610472541507024,-0.8610472541507024,-0.8557692307692308,-0.8557692307692308,-0.16845330563971406,-0.9231608580843681,-0.5696561358667394,-2.442541406754141,0.42206663257680055,0.16979362101313322,0.3316532258064515,0.32773109243697474,-0.04155844155844157,0.3170731707317074,0.0,0.022727272727272707,0.0920103836169599,0.0,-0.043010752688172116,0.10426800564883099
2001-07-01,-0.008673614121853412,0.03956553347520275,-0.006564492779632225,-0.016690199351019452,-0.012134605220895822,0.10292778111145173,-0.26746323529411764,-0.26746323529411764,-0.2666666666666666,-0.2666666666666666,-1.9281113886423218,-7.665151945470037,-1.57597041975704,-3.310245848166856,-0.6856765099631568,0.04570970328789081,0.186222558667676,0.18776371308016881,-0.012195121951219523,0.09259259259259256,0.0,0.022222222222222143,-0.0034337031167458454,0.0,-0.03370786516853941,0.05726465364120781
2001-09-30,0.07702857019445442,0.32113562045046984,0.11060197759191626,0.3245371756061646,0.021625192478760713,0.7483438394742559,-3.7604604222355573,-3.7604604222355573,-3.6363636363636362,-3.6363636363636362,-0.24906306646945653,-0.6535708198397818,0.5503209826618813,-0.8407464480786142,-0.3474013974198772,0.1203987730061351,-0.1423101467772815,-0.12966252220248664,0.020576131687242816,0.12994350282485878,0.0,0.021739130434782705,-0.051417969785316764,0.0,0.0,-0.002620791613466844
2001-12-30,-0.061718894910190114,-0.12080345918111046,-0.125501203234767,-0.27670506932214844,0.05270267536303597,0.10676182875078499,0.037211967906406906,0.037211967906406906,0.10344827586206917,0.10344827586206917,-4.654905590522029,2.6533825338253383,-3.1770785784153897,-10.930340949389533,5.286272923408846,0.08145106091718013,-1.34375,-1.3571428571428572,0.051075268817204256,0.06000000000000005,0.0,0.02127659574468077,0.12210114557138874,-0.05429864253393679,-0.023255813953488413,0.21560436598841126
2002-03-31,-0.06958517699279221,-0.12436560092005222,-0.10261617020854463,0.1524826948909228,-0.020360509260354376,-0.5425773897599848,-1.3250071448985423,-1.3250071448985423,-1.3125,-1.3125,-0.7206616760704626,-0.4853881893475187,-0.983035299755882,-0.3775119251077723,0.523464681782106,-0.046202531645569644,0.12337662337662336,0.15428571428571414,-0.020460358056266004,-0.089622641509434,0.898589065255732,0.02083333333333326,0.0527888446215139,0.1387559808612442,0.011904761904761862,-0.2402172708125485
2002-06-30,-0.0796832589579104,-0.07603163861419604,-0.009109405166510154,-0.029809107785643496,-0.17602554554790206,0.20722935787930585,0.517645679446594,0.517645679446594,0.4999999999999998,0.4999999999999998,-2.5577531186539018,0.10101406607785401,14.483999117192672,-3.4427333896096446,-0.839326747617653,0.013271400132713884,-0.08285163776493254,-0.08415841584158412,-0.17624020887728464,0.031088082901554515,-0.11356247097073846,0.020408163265306145,-0.10477767265846738,-0.12184873949579844,0.04705882352941182,-0.047636416690983285
2002-09-29,0.08299463008752506,0.27854080043926976,0.1073034246865705,0.21940056731769086,0.04308768356884296,0.5028333852268356,-3.1572929542645243,-3.1572929542645243,-3.1333333333333333,-3.1333333333333333,-0.8989957305745799,-0.3632420226989126,-1.2738247954616722,-0.9556893861871131,-0.2314702841018631,-0.19187950229207595,0.11974789915966388,0.12972972972972974,0.042789223454833714,-0.015075376884422176,-0.10191249672517688,0.020000000000000018,-0.0367239101717306,0.11483253588516762,0.011235955056179803,0.04848716966679434
2002-12-29,0.0059800947315118425,0.011235288383703468,-0.016926466765670112,-0.06521138008581662,0.04590011956996953,0.21560280403445575,-4.287064890416845,-4.287064890416845,-4.3125,-4.3125,-27.354568083341015,0.8182157521463234,-6.406225599916715,-35.188082077686076,10.2969669327252,-0.05348460291734203,-3.6979362101313322,-3.660287081339713,0.045592705167173175,-0.09183673469387754,-0.12631271878646444,0.019607843137254832,0.03976961053208994,0.0,0.022222222222222143,0.08175043834015194
2003-03-30,-0.10782304516142993,-0.26817516331103697,-0.21002759394624182,-0.42954749961214256,0.059592937854529904,-0.5370473040510666,-1.0064768815095655,-1.0064768815095655,-1.009433962264151,-1.009433962264151,-0.9361471028586621,-0.24979470334633547,1.0040728295092385,-1.4093842603461182,-0.3731458378753745,0.09589041095890427,-0.09527121001390837,-0.08273381294964033,0.05959302325581395,0.04494382022471921,0.0,0.019230769230769162,0.18754945924558153,0.0,0.032608695652173836,0.2829067333018167
2003-06-29,0.03574207758471282,0.11330268837012203,0.03419857904845669,0.08022779770171629,0.03762705339114025,0.259223246305504,8.602186711522288,8.602186711522288,6.000000000000001,5.0,-4.418659435176815,0.18362181022097568,-1.0090996007514137,-0.25370849247481686,-0.4442429941454178,0.23906249999999996,-0.27824750192159875,-0.24509803921568618,0.03429355281207136,0.17204301075268824,0.0,0.018867924528301883,0.0017769880053311038,0.0,0.010526315789473717,0.03058538639713637
2003-09-28,0.11853997638614344,0.32641835383078766,0.24005669968921794,0.6343080039812619,-0.029370269539844673,0.6700305605285923,4.996671630025401,4.996671630025401,4.571428571428571,5.333333333333334,-0.3018789311325668,-0.1917808219178082,43.10295670538543,-0.8751712589435225,-0.0997815467878107,0.1551071878940733,-0.13312034078807244,-0.11948051948051952,-0.03315649867374004,0.1146788990825689,0.0,0.01851851851851838,-0.132150776053215,0.0,0.04166666666666674,-0.18838432854880727
2003-12-28,-0.026202295586816526,-0.024482577864590183,-0.11075143783606622,-0.04482975353956942,0.10527760539440667,0.15784427709199433,0.11874853937835939,0.11874853937835939,0.1282051282051282,0.13157894736842102,-8.22586050568697,0.35721948079811194,-3.9999760567932863,-22.218931475029034,2.3519377948853286,0.11462882096069871,-2.4766584766584767,-2.533923303834808,0.0960219478737998,0.15226337448559657,0.0,0.0181818181818183,0.13490035769034225,1.1545064377682404,0.040000000000000036,0.021335515136257754
2004-03-28,-0.0813918421332146,-0.1594944022347331,-0.14588234357296592,-0.27688362516195275,-0.000705929236287095,-0.5782030312652032,-0.9147191686032848,-0.9147191686032848,-0.9090909090909091,-0.9302325581395349,-0.7870460083039224,0.17652018126251456,-0.9976535470148569,-0.6962888967952051,0.2131034840335133,0.0372184133202742,0.006655574043261225,0.025000000000000133,-0.003754693366708417,-0.05357142857142849,-0.19632721202003334,0.03571428571428581,0.08779828905898257,0.029880478087649376,-0.009615384615384581,0.16231205324131137
2004-06-27,-0.009894342653557264,0.015925344331769287,-0.027722079971764457,-0.013624508949680147,0.009170032643806447,0.08895364651753201,1.8841090018371096,1.8841090018371096,1.75,1.0,-1.9190733337311294,0.03645646721605167,8.67517006802721,-2.3658817910662955,-0.23994174634331666,-0.044381491973560006,0.024793388429751984,0.04878048780487809,0.006281407035175768,-0.04150943396226414,-0.06564187785625264,0.034482758620689724,0.01924668874172175,0.06769825918762074,-0.01941747572815533,0.029954405683384477
2004-09-26,0.08518391978731743,0.2244934222880226,0.10997201419700753,0.2692790653853401,0.05964540883831693,0.8343366903354357,3.707627793407293,3.707627793407293,3.545454545454546,6.500000000000001,-0.15121488045965814,-0.3742546020222971,8.866233081385129,0.1548991924842984,-0.36458854010463526,-0.09535573122529639,0.07338709677419342,0.13059033989266555,0.0586766541822723,-0.09842519685039375,-0.09559804357492208,0.03333333333333344,-0.023350253807106536,0.12862318840579712,0.0,-0.035260204869511536
2004-12-26,0.037928562780928265,0.08881849307472911,-0.012126462740684296,0.3641331198753457,0.09194819032397694,0.11844672082692931,-0.07631332664313828,-0.07631332664313828,-0.07999999999999996,0.11111111111111116,-5.324020690512387,0.7275050065603204,-0.7609435407721499,-3.3987489646111224,1.3763623073922693,-0.002730748225013513,-0.012021036814425123,0.020569620253164445,0.08844339622641506,-0.06113537117903933,-0.07472959685349068,0.032258064516129004,0.05197505197505192,0.049759229534510396,-0.01980198019801982,-0.20184612101163169
2005-03-27,-0.06570173976905935,-0.10239771112231133,-0.120166577552132,-0.13714390685793532,-0.012525278644454851,-0.5706122972898997,-1.0453252603181191,-1.0453252603181191,-1.0434782608695652,-1.04,-0.6470010724275559,-0.5594819315637991,-1.0914443285139366,-0.6382845970474836,0.20950149103036964,0.0843373493975903,-0.085171102661597,-0.06046511627906981,-0.01625135427952329,0.0,0.011689691817215575,0.046875,0.056916996047430946,-0.04587155963302758,-0.02020202020202022,0.040310181161842484
2005-06-26,-0.009917948782310781,-0.051778535674456005,-0.012308341089497965,0.001785919688099824,-0.007838506508826004,0.25815045368221146,-8.932669000807973,-8.932669000807973,-9.5,-7.5,-1.8872978288921463,3.8445553539019963,-31.384678076609617,-2.5409937520162753,-0.26692028997902817,-0.005050505050505083,0.02576891105569401,0.0462046204620461,-0.012114537444933848,0.009302325581395321,0.04516806722689082,0.044776119402985204,0.002056843679880238,0.03685897435897423,0.010309278350515427,-0.05352782418712243
2005-09-25,0.09137829692892652,0.21610095027225373,0.1507992984574691,0.20605405013415834,0.039919850307564175,0.7261927224190583,2.1256535614857066,2.1256535614857066,2.0,2.615384615384615,-0.8407624426403106,-0.4892951467585742,-0.3955259910948984,-0.6909681278304709,-0.11252102029926991,0.07055837563451783,-0.00972447325769843,0.004731861198738363,0.04459308807134876,0.08294930875576045,0.0,0.042857142857142705,-0.047210300429184504,0.004636785162287715,0.0,0.008350872428542377
2005-12-25,0.009017801469599407,0.029093246156493224,-0.014583248751573241,-0.2394378665116691,0.031635465768799165,0.08520907806471723,0.023983576463943113,0.023983576463943113,0.03921568627450989,0.08510638297872353,-23.21971980847668,0.06359801943884102,3.439563365282215,-6.1397583365592,0.6516558311232798,-0.08724513987671878,0.048281505728314134,0.05651491365777073,0.033084311632870955,-0.12765957446808518,-0.10452261306532651,0.041095890410958846,0.022522522522522515,0.056923076923076854,0.0,0.3530837597629948
2006-04-02,-0.12249211863890774,-0.24606776873502545,-0.1923967478561699,-0.2978524825249307,-0.05850153991120266,-0.5633629690284758,-1.0519672009419652,-1.0519672009419652,-1.0566037735849056,-1.0588235294117647,-1.1501213117632505,4.495534328769957,0.26543728135932043,-1.9709604620073218,-0.3830895244240492,0.07584415584415583,-0.005464480874316724,0.005943536404160454,-0.025826446280991733,0.043902439024390505,0.06621773288439958,0.05263157894736836,0.07297452595288267,-0.010189228529839722,0.010204081632652962,0.07374601910828038
2006-07-02,-0.05572188972648584,-0.08079832270772835,0.002915717325325806,0.0004519410005880964,-0.10176501402027549,0.12726488259882407,-6.529291692182078,-6.529291692182078,-6.333333333333334,-3.3333333333333335,-0.8245457807785855,-1.36066890471559,0.6547663241368962,-0.5450961706277201,-0.282486517172864,-0.05408015451472725,0.01098901098901095,0.008862629246676468,-0.0551431601272534,-0.028037383177570097,-0.04526315789473678,0.050000000000000044,-0.04891110317743663,0.002941176470588225,0.010101010101010166,-0.0811938085086662
2006-10-01,0.08313771653874347,0.23012897030324342,0.20856066937748263,0.4080606108920162,-0.026823627241048364,0.9689444524446533,2.6763142350856466,2.6763142350856466,2.875,7.285714285714285,-0.06098022877054765,-0.15813006715612932,-0.311973461253908,-0.342376741693462,-0.25890761399899787,0.014803471158754355,0.07841614906832306,0.06295754026354317,0.002244668911335568,0.07211538461538458,0.07442116868798232,0.04761904761904767,-0.10153903903903905,0.019061583577712815,0.040000000000000036,-0.12639967719156664
2006-12-31,0.045271041323731165,0.10131524721533047,0.009494597086674439,0.005641582973564985,0.08422369882087533,0.07435008632154738,0.08734334832904889,0.08734334832904889,0.09677419354838723,0.24137931034482762,-35.00153275250081,-1.6221661947963382,-1.0900343404211037,-4.762489929343347,1.3144613393723712,0.2600603621730384,0.09719222462203025,0.08402203856749324,0.07054871220604708,0.2600896860986548,0.13750641354540805,0.045454545454545414,0.03739293921036135,0.050359712230215736,0.03846153846153855,0.0951501154734411
2007-04-01,-0.066122144528166,-0.09910115432851374,-0.12773129187339438,-0.3133482651924675,-0.0036667121835761707,-0.43992465052785834,-0.6962560721080142,-0.6962560721080142,-0.7058823529411764,-0.7361111111111112,-0.8727421983804804,0.07596492393542809,-4.722299275697334,-1.0659758798917056,-0.03746994688286276,0.14331337325349303,0.18241469816272948,0.16518424396442177,0.0052301255230124966,0.06761565836298922,-0.03608479927830399,0.05797101449275366,0.06685461135722925,0.1095890410958904,0.04629629629629606,0.31205187684521296
2007-07-01,0.005813360459813177,-0.009096734684385543,0.001558961084801691,-0.0042971996662556355,0.009589160000548214,0.105780410608588,-0.8540285801155366,-0.8540285801155366,-0.85,-0.8421052631578947,-1.4611182579189739,-0.7696724600994042,1.7311625403659847,5.081511601880176,-0.2367447291146888,0.07437150837988815,-0.09711431742508314,-0.09705561613958569,-0.0010405827263266776,0.06666666666666665,-0.07721104351895192,0.0547945205479452,0.0037750094375235133,-0.12716049382716055,0.03539823008849563,-0.00482179451119058
2007-09-30,0.1296790175403857,0.24347141294413222,0.41942143906020557,0.5676795401704986,-0.1254234154565388,0.7689092402749174,32.65548843990835,32.65548843990835,33.66666666666667,30.666666666666668,-1.7315732017951726,4.959656882455435,-0.3205090308253181,-0.29682678918666916,-0.21810861669073567,-0.04549886252843671,0.2667486170866624,0.21980676328502424,-0.04166666666666674,-0.04375000000000007,-0.020283975659229125,0.051948051948051965,-0.22583678074464086,0.18953323903818942,0.025641025641025772,-0.20680744539104456
2007-12-30,-0.014944435366001763,-0.0100544296006434,-0.04204366528522929,-0.08577816960156881,0.02377891983345659,0.06116408484446101,-0.17234806287906923,-0.17234806287906923,-0.11538461538461542,0.021052631578947434,29.661876865259202,-0.3670077589115034,0.8295817066369213,-4.171165119687347,0.8845965722573312,-0.04800817160367721,0.11111111111111116,0.07029702970297014,0.05543478260869583,-0.006535947712418277,-0.23447204968944102,0.04938271604938271,0.03934904056351707,0.03210463733650415,0.04166666666666674,0.08282005599389164
2008-03-30,-0.034161831264945985,-0.0876101554887091,0.004210109121579153,0.009248922179501129,-0.08546796891470021,-0.45739241388025065,-0.7198127598480544,-0.7198127598480544,-0.7173913043478262,-0.7422680412371134,-0.7226872580191638,2.3472607120017055,-0.9734181999975613,-0.8412123779630664,0.07453212440183976,-0.09442060085836912,0.06200873362445414,-0.005550416281221104,-0.05870236869207002,-0.14144736842105265,-0.20013522650439486,0.05882352941176472,-0.05304977798551058,-0.00691244239631339,0.0,-0.09599473486273047
2008-06-29,0.025214306572985068,-0.0020054434293721446,0.02007024532092183,0.04819948185082623,0.03276674790066547,0.11369458407883903,0.0004270082732853453,0.0004270082732853453,0.03846153846153855,0.0,-1.851935626446195,0.29049377998556447,-4.240596330275229,-5.11557118602959,-0.2854658847845418,0.33017377567140604,0.14638157894736836,0.07162790697674426,0.014223194748358647,0.4099616858237549,0.294167371090448,0.05555555555555558,0.007156959526160023,0.07192575406032486,0.0,-0.04789391575663027
2008-09-28,0.06284600776648497,0.12985210741696318,0.08091480970368359,0.17713739880859847,0.03664376781527845,0.6600589580841683,2.6874833271087875,2.6874833271087875,2.6296296296296293,2.56,-1.0113983154296875,-0.7830235236058563,-15.792412768065681,0.0023152143257043623,-0.4004382623553491,0.11193586698337299,-0.06384505021520792,-0.07204861111111116,0.05070118662351675,0.09782608695652173,0.011103853690398457,0.05263157894736836,-0.024503798088703732,-0.08116883116883111,0.008000000000000007,-0.040144191381287886
2008-12-28,-0.06984805468669275,-0.11768242649867344,-0.13293006865805423,-0.27638105490747733,0.02553616658862734,-0.054462460857122474,-0.3230002387342743,-0.3230002387342743,-0.3265306122448979,-0.4269662921348315,379.7971887550201,0.12767247915087188,0.2351939215892671,-2.1502211172194245,0.7682153756395296,-0.2288384512683579,-0.11647509578544069,-0.1103835360149672,0.02566735112936347,-0.26485148514851486,-0.2093023255813954,0.050000000000000044,0.10248681235870394,-0.10129564193168428,-0.007936507936507908,0.21930124046887434
2009-03-29,-0.07604620933433093,-0.1541336494738058,-0.12994520281370592,-0.2858385882094082,-0.007140566557327976,-0.49527762005372633,-0.789166604332076,-0.789166604332076,-0.7878787878787878,-0.7254901960784313,-1.039825209918599,-0.21036708350141187,-1.0437871381092199,-1.146057733735459,-0.06345595583686292,-0.11634349030470914,-0.07762359063313096,-0.04311251314405895,-0.012012012012012074,-0.14141414141414155,0.0972222222222221,0.04761904761904767,0.07450444292549552,-0.038007863695937116,-0.008000000000000007,0.18443158484226263
2009-06-28,0.18797385906656894,0.1051227048875032,0.35006499815445324,0.07259668237485384,0.0063837260248178485,0.2749895387388548,0.9906234161175875,0.9906234161175875,1.0,0.857142857142857,5.938738579688397,16.206470838654745,30.779989384288747,3.9586020698965054,-0.3359722758592655,0.009012539184952928,-0.008932769158439213,-0.01538461538461533,0.006079027355623046,0.0235294117647058,0.07148175725986605,0.04545454545454519,-0.1528837998303647,0.004087193460490468,-0.016129032258064502,0.030299448384554672
2009-09-27,0.11015860036984892,0.24320867990780348,0.1364080352175192,0.44782389432092473,0.07070887332963949,0.6147661833724227,2.8284404837683006,2.8284404837683006,2.857142857142857,2.8076923076923075,-0.8049563961809288,-0.9101514176851898,-1.0839575660907301,-0.5226917531282455,-0.24149946178137616,0.012427184466019536,0.01755218216318788,0.006696428571428603,0.08257804632427002,0.00766283524904221,0.006254343293954134,0.04347826086956519,-0.0355444305381728,0.04748982360922671,-0.040983606557377095,-0.1413055948602241
2009-12-27,0.00921056414025534,0.02667145270482285,-0.03003082082839137,-0.08029060493848039,0.07180435665070717,0.07501674847426676,0.10109602160120246,0.10109602160120246,0.11111111111111094,0.11111111111111116,-16.52861755209862,-0.0768552939556657,2.435065150359736,-4.57732688326503,1.1389873485831892,0.13693901035673184,0.19440559440559424,0.17405764966740578,0.08744186046511615,0.049429657794676674,0.07734806629834257,0.04166666666666674,0.06202958733454467,0.19430051813471505,-0.017094017094017144,0.11628217689498532
2010-03-28,0.04648088784600657,0.08205641769908745,0.0460658002189287,-0.15203679916851331,0.04708008417504206,-0.5110683370370801,-0.6439844651280782,-0.6439844651280782,-0.6416666666666666,-0.6363636363636364,-0.44321165001239093,-0.37015272640496366,-4.688460981612856,0.8416827336154029,0.9806758955734265,0.16430499325236148,0.052693208430913296,0.021718602455146563,-0.017964071856287345,0.06884057971014501,-0.11153846153846159,0.050000000000000044,0.0007331378299120228,0.09002169197396959,-0.060869565217391175,0.27608218631557957
2010-06-27,-0.02558764381662393,-0.06010646951428933,-0.009724815824803001,-0.05057216738479686,-0.04846411722222421,0.09729747416233003,-0.2597763941434945,-0.2597763941434945,-0.3023255813953488,-0.27500000000000013,-1.3473485291399645,0.397584655458205,-1.686004977194401,-1.621276977782908,-0.30760780092697326,0.16227180527383367,-0.021134593993325845,-0.021256931608133134,-0.010452961672474004,0.18305084745762712,0.052669552669552644,0.04761904761904767,-0.02344322344322347,0.02487562189054704,-0.04629629629629628,-0.010035954353603271
2010-09-26,0.060885940373598624,0.12831600983540037,0.14406373833735198,0.48965296754991594,-0.06395200279937518,0.780046110619403,2.5562787926015904,2.5562787926015904,2.733333333333334,2.758620689655173,0.8163387194857092,-0.2063029481531684,-0.2815046232719949,-0.03393854316119771,-0.42919033561663467,0.037147843430566097,0.011363636363636465,-0.010387157695939453,-0.03873239436619713,0.04871060171919761,0.025359835503769856,0.045454545454545414,-0.11777944486121528,0.002912621359223433,-0.01941747572815533,-0.24257832238504295
2010-12-26,-0.029032760803460067,-0.05354773278334346,-0.09181521427581807,-0.2653947016104472,0.08613464164522422,-0.0263496134171729,-0.09763862751669206,-0.09763862751669206,-0.0892857142857143,-0.11009174311926617,-3.165541691826644,0.28686704807445995,-0.45724297204746356,-1.614076373233041,0.46172246401407513,0.13461538461538458,-0.0632958801498128,-0.07251908396946571,0.07967032967032961,0.180327868852459,0.09558823529411753,0.04347826086956519,0.11876417233560099,-0.037754114230396874,-0.02970297029702973,0.288370929408331
2011-03-27,-0.037350735092565146,-0.07215869618365012,-0.02762645663139085,-0.1283651525248295,-0.05226628369092867,-0.4744759704605548,-0.8771837102004085,-0.8771837102004085,-0.8823529411764706,-0.8762886597938144,-0.23665778612150246,-0.18937659666235362,-0.43857538320079037,-0.1316569012540617,0.27428839949656214,-0.03347457627118655,-0.08516593362654934,-0.0967078189300411,-0.046649703138252674,-0.10416666666666674,0.01220256253813301,0.050000000000000044,-0.01570813275905747,-0.1046277665995976,0.010204081632652962,0.06450046927085018
2011-06-26,0.0001025291973462128,-0.007121571870082222,0.02605388251534757,0.1276758409785932,-0.04073774582165246,0.3518942358918191,2.375843219353338,2.375843219353338,2.5833333333333335,2.5,-1.5339681873747713,0.3651618712397169,1.8505793187559894,-2.7164297235831003,-0.3694585636312272,-0.00197281893906176,0.06118881118881103,0.04214123006833703,-0.02758007117437722,0.046511627906976605,0.1109101868595539,0.04761904761904767,-0.040669240669240714,-0.0022471910112358273,0.04040404040404044,-0.11954274595646353
2011-09-25,0.03653649246525714,0.08025003604409364,0.09358665375470343,0.333913166554616,-0.05949602994377712,0.5144531258599776,1.945513427847927,1.945513427847927,2.0,2.023809523809524,-0.13431410399691135,-0.38330085444461104,0.49410484753283734,0.16101843312592656,-0.6802855100568079,-0.13002415989457505,0.0613673805601318,0.051366120218579114,-0.020128087831655872,-0.10617283950617273,-0.1736299511665762,0.045454545454545636,-0.09283606117520782,0.027027027027026973,0.01941747572815533,-0.1901588397790056
2011-12-25,0.011273216367511552,0.019629417659553727,0.0036157047720644098,-0.00010504614072148755,0.026261147575877386,-0.033778622209009845,-0.18632668577109768,-0.18632668577109768,-0.16279069767441856,-0.14960629921259838,-4.090729134880956,0.42231404958677676,-1.3672258835176254,-2.1430560862308203,2.432184080187418,-0.10931582933602624,0.03143189755529674,-0.004158004158004158,0.02894491129785237,-0.09116022099447518,-0.16677609980302044,0.04347826086956519,0.015084294587400127,-0.014254385964912353,0.00952380952380949,0.01974161088133708
2012-04-01,-0.056560102295598824,-0.10418016303913757,-0.07869318778634848,-0.2297112307182939,-0.014195264247644612,-0.5118999080745454,-1.0185366204269388,-1.0185366204269388,-1.0185185185185186,-1.0185185185185186,-0.27918627522954365,-0.4407834022627064,-1.3391520363603957,-0.4675123041128064,0.3773422597898044,-0.01899092970521543,-0.02859292701279159,-0.04906054279749472,-0.02177858439201452,-0.045592705167173175,-0.05594956658786443,0.04999999999999982,0.04487179487179471,-0.04560622914349266,0.0,0.1629453085800301
2012-07-01,0.030171892853651183,0.0628678360811965,0.04619953083195716,0.1554202709274437,0.0015006515704600876,0.2506234106496108,-17.83869716944552,-17.83869716944552,-17.5,-17.5,-1.294857026459412,0.698062465619461,-1.5373624568894728,-1.4290687877886807,-0.11754942160430126,0.004622941346431819,-0.0282726568551509,-0.04500548847420427,-0.002782931354359919,0.028662420382165488,0.05509181969949917,0.04761904761904767,-0.02788622420524245,-0.0174825174825175,-0.028301886792452824,-0.08010642505303267
2012-09-30,0.10749588825724121,0.22049970500870053,0.11630597832466805,0.343303211067697,0.09103244753445905,0.6576607551508564,2.796071568379119,2.796071568379119,2.818181818181818,2.7575757575757573,-0.3191157378181688,0.014865740407458139,-1.040525672371638,-0.19919532596036305,-0.10667353906948174,0.03911417888984747,-0.04264647269828625,-0.037931034482758585,0.09302325581395343,0.04024767801857587,0.07436708860759489,0.045454545454545414,-0.014916810097533095,-0.010676156583629859,-0.029126213592232997,-0.09142075434825081
2012-12-30,-0.027191227196984857,-0.042298146606694176,-0.03472976277986073,-0.14750683238965434,-0.012777615137708143,-0.04580053927592509,-0.2096001261737801,-0.2096001261737801,-0.19841269841269837,-0.20967741935483875,-7.842998338143969,0.19999999999999996,307.6440422322775,-2.838601889468497,0.2195503873076199,0.03625795737614168,-0.04038301415487089,-0.03703703703703698,-0.0034042553191488967,-0.050595238095238027,0.048600883652430094,0.04347826086956541,0.014851485148514865,-0.014388489208633226,-0.020000000000000018,0.12341908285296377
2013-03-31,-0.061206546373769544,-0.10278518237366852,-0.0782293733729642,-0.2277738732969956,-0.029382789597042325,-0.4829146828782209,-1.0511976300662322,-1.0511976300662322,-1.0495049504950495,-1.0510204081632653,-0.2395981389641597,-0.39105633386534255,-0.7099413089903289,0.4208069661628575,0.25578173969431606,0.05689102564102577,-0.023427331887201808,-0.022332506203474045,-0.03415883859948765,0.059561128526645746,0.098314606741573,0.04629629629629606,0.033859397417503656,-0.015815085158150777,-0.010204081632653073,0.1618609994256175
2013-06-30,0.028974214687568,0.051460276324700294,0.04801280587875456,0.7483742835454439,-0.00482677733670156,-0.4874505419666292,-6.468445510418229,-6.468445510418229,-6.6000000000000005,-6.6000000000000005,-0.9977072085095511,0.3829539387467844,-0.8688568781063095,-1.2056428236203518,-0.04188600416667054,0.15668435683598703,-0.030208796090626433,-0.030456852791878153,-0.007957559681697646,0.19822485207100593,0.17071611253196917,0.04424778761061954,-0.03275048570635586,0.10630407911001227,-0.12371134020618557,-0.3985894140135785
2013-09-29,0.0985678621850663,0.09765987857334246,0.12652735416323058,0.27157478626876075,0.04629312938093144,0.7128662809839612,2.46968201754386,2.46968201754386,2.464285714285714,2.428571428571428,-368.7697947214076,3.7725406240129153,5.174203494347379,8.70324875822258,-0.4241982892272178,0.03168013982958251,-0.11726981218506638,-0.12565445026178013,0.04634581105169344,0.039506172839506304,0.05243036592026229,0.04237288135593231,-0.047632711621233836,0.11620111731843585,-0.21176470588235285,-0.13678211310828592
2013-12-29,-0.040930733124988405,-0.04498081650646735,-0.11308223946470408,-0.17320797948181765,0.10431263661605716,3.283016633600835,0.02560557460457913,0.02560557460457913,0.030927835051546504,0.03125,-2.4106387474633104,-0.7598026238380986,3.6985018726591763,-1.2162461924427628,0.15931051118797024,0.058661584074544804,-0.030098598858328995,-0.0059880239520957446,0.09454855195911405,0.01187648456057011,0.19564089257913864,0.04065040650406515,0.15155167219041887,-0.29829829829829835,0.4179104477611939,0.1550914169629254
2014-03-30,-0.0846904560763806,-0.13640712175216096,-0.10474888268936922,-0.19772827298867435,-0.05226104308098889,-0.8775951059680375,-0.7528251742864847,-0.7528251742864847,-0.76,-0.7575757575757576,-0.31591085736896396,-0.17098858035085573,-0.5421504804924494,0.17081285121719758,0.16089114351402078,0.031806361272254335,0.11182450508293207,0.13855421686746983,-0.04435797665369656,-0.05868544600938963,0.02690972222222232,0.0419921875,0.035321821036106815,0.24536376604850219,-0.0842105263157894,0.07639461390491897
2014-06-29,0.02709013690994544,0.028990175551618647,0.10329792629614198,-0.33740688895979876,-0.08929505488509315,0.29912104100171866,0.04325739396017081,0.04325739396017081,0.08333333333333348,0.08333333333333348,-1.5485475601241112,-0.05510008124676857,-0.5090291816185788,-2.8770309653916213,-0.2601429601047146,0.04672353625436232,-0.008662175168431263,-0.00793650793650802,-0.07247557003257321,0.09725685785536164,-0.07607776838546076,0.0402999062792877,-0.11321708364922922,-0.02405498281786944,0.011494252873563315,0.5530252744447282
2014-09-28,0.08945233829355126,0.20051855430869625,0.12048588764685664,0.3992537519387547,0.03203475367205488,0.6360983648692575,4.3907991038088126,4.3907991038088126,4.461538461538461,4.384615384615384,-0.37905114821760777,-2.673493316657547,0.7477147360126084,-0.3499839881997885,-0.228553734447267,-0.03889609186886467,0.17184466019417477,0.17333333333333334,0.04653204565408253,0.036363636363636154,-0.031107044830741115,0.03873873873873879,-0.05272157309774872,0.14671361502347424,0.022727272727272707,-0.14203051025775904
2014-12-28,0.005176541351782582,0.027553209540210455,0.018682908128858866,0.06006343020113847,-0.021954350965324165,3.5058849440306554,-0.058440514914910424,-0.058440514914910424,-0.04929577464788726,-0.04999999999999993,-6.1863689292125565,-0.7813769909850997,-1.1341952792118493,-4.291728560018512,0.9752291102736939,0.08074773559452675,0.14664457332228653,0.09886363636363638,-0.01090604026845643,0.03070175438596512,-0.08404154863078384,0.03729401561144852,-0.02707581227436806,-0.0051177072671443335,0.09999999999999987,-0.03065603923973026
2015-03-29,-0.05986131943791695,-0.11540289066235154,-0.08189949512111283,-0.23648614705647042,-0.013752811012619492,-0.8955041343670134,-0.8430531278139732,-0.8430531278139732,-0.8444444444444444,-0.8421052631578947,-0.26264719295578653,-4.537122102339493,-7.928937421251575,-0.5731581489535877,0.21074446324147678,0.02442938659058491,0.011921965317919225,-0.02585315408479827,-0.01526717557251911,0.03617021276595733,-0.08298969072164941,0.038461538461538325,0.049165120593691825,-0.012345679012345623,-0.010101010101010055,0.15856261859582554
2015-06-28,-0.006978667596686305,0.00021660427687431039,-0.0045227299770720375,-0.018062035244362673,-0.011761963103603112,0.18660312122807987,0.5678179022762215,0.5678179022762215,0.5714285714285716,0.5714285714285716,-1.2511315302856816,-0.21802422155779044,0.4526300476427161,-2.184396748658556,-0.20615833038190412,0.21879895561357698,0.024634059264548203,0.014861995753715496,-0.01464254952627042,0.2381930184804928,0.22990444069702076,0.0370370370370372,-0.005010315355142847,0.028124999999999956,-0.010204081632653073,0.018630361347118596
2015-09-27,0.08251717576511308,0.1547437494518522,0.08378178564062977,0.3035017861951128,0.08003612167965812,0.6888438637115448,3.9654141452797242,3.9654141452797242,4.0606060606060606,3.969696969696969,1.1034643899112115,-1.008071991348679,0.11518368300702675,0.3778028967565119,-0.35781133148039856,0.03399028848900332,0.05679442508710819,0.05962343096234313,0.0821678321678323,0.04975124378109452,0.01188299817184646,0.03571428571428559,-0.0023696682464455776,0.07396149949341435,-0.010309278350515427,-0.11412588349579611
2015-12-27,0.030668876737188322,0.031489685815855095,0.006388997991380263,0.013470779517485099,0.07846908001298902,0.1274996123366714,-0.15335333985231148,-0.15335333985231148,-0.16766467065868262,-0.15243902439024393,-3.899421180934997,-215.60765550239233,-0.9213188852635675,-2.385107726766634,0.7717470959128738,0.00027624309392249025,-0.020112100230794572,0.0029615004935834577,0.07673667205169621,-0.07582938388625604,-0.06820234869015362,0.034482758620689724,0.04661520190023749,1.1613207547169813,-0.5416666666666666,0.017772063828178197
2016-03-27,-0.0754169334870105,-0.11917756782353983,-0.11078917108166508,-0.27828378795976505,-0.03396353871802549,0.20328856602249412,-0.7226321808344192,-0.7226321808344192,-0.7194244604316546,-0.7266187050359711,-0.3919426283996049,-0.38483490513455065,13.425622978885295,-0.719995863281452,0.12196570258510375,0.000552333609500133,0.021870794078062028,0.042322834645669216,-0.03300825206301572,-0.07008547008546995,-0.015996122152205472,0.03695652173913033,0.0448226950354611,-0.17154081187254477,0.27272727272727293,0.22046366473473022
2016-06-26,-0.004653246103106912,-0.000288025393776703,-0.008375540302551054,-0.03039279100124548,0.003199596861993559,0.05746649341899479,0.06881910114664325,0.06881910114664325,0.07692307692307687,0.07894736842105265,-1.0844007451732323,-0.3343360394317193,-0.13932129411687144,-2.44197095609838,-0.15675256414935945,0.14504554236820333,-0.007573263088574311,0.01510859301227585,-0.002327385570209506,0.18382352941176472,0.09261083743842358,0.03563941299790363,0.007874015748031482,-0.15331928345626966,0.1964285714285714,0.031050228310502304
2016-09-25,0.14058652720695797,0.2471434866899478,0.17925848866971617,1.168692115647902,0.08013913513707926,0.9111059281297464,3.947568418224389,3.947568418224389,3.8809523809523805,3.951219512195122,3.6428859656202084,1.4250013611368213,-1.49656810173127,-0.4543898662257978,-0.10142430781150913,-0.01289622755212716,0.07033842070338414,0.08186046511627909,0.0855365474339036,-0.010869565217391353,-0.03336339044183945,0.03441295546558698,-0.05307112068965514,-0.18481642812694465,0.3283582089552237,-0.4249483318571007
2016-12-25,0.027490405430959042,0.025618154761999357,0.008610193679020384,0.001324487735800517,0.06945618225243422,-0.029657265902151342,-0.25241856026811693,-0.25241856026811693,-0.25365853658536575,-0.27586206896551724,-6.397983660698766,0.07525819488100582,-2.7844096140199315,-5.821639673089645,0.5442295742149301,0.001831501831501825,0.0018598884066955979,0.011177987962166736,0.07378223495702008,-0.07692307692307698,-0.0909514925373136,0.03326810176125239,0.04096728307254627,-0.1618320610687024,0.202247191011236,0.02428505416645277
2017-04-02,-0.08750028970614177,-0.13256694510824896,-0.1284184351104798,-0.25715776220301023,-0.005954681715498067,-0.47871516742947595,-0.6440575950188092,-0.6440575950188092,-0.6405228758169934,-0.6326530612244898,-0.3367681438498644,-0.3522091372254239,0.8302224450803586,-0.5999318452888056,0.1409951765793096,0.08641072516758075,0.0,0.020408163265306145,-0.012008005336891281,0.011904761904761862,0.06618778860954344,0.0359848484848484,0.08936867996720421,0.032786885245901676,-0.009345794392523366,0.16771929824561393
2017-07-02,0.057443062332781514,0.10539290710935645,0.10236215681909777,0.225020677076486,-0.010342160804128642,0.14457849759257502,-0.012769865449933637,-0.012769865449933637,-0.018181818181818188,-0.01851851851851849,-1.1112378862325456,0.1849535843218153,-1.2420595181861125,-1.1636153454722449,-0.020218292767112733,0.16816244110388157,-0.0034034653465345732,-0.0024999999999999467,-0.01080351114112088,0.18151260504201683,0.12608277189605377,0.034734917733089565,-0.06422478675363774,0.008818342151675429,-0.009433962264150941,-0.09765625
2017-10-01,0.12862569851506578,0.2156630223875171,0.16496945539143093,0.00849721548082627,0.067535282516614,0.8421500741383601,2.9216071349467683,2.9216071349467683,2.925925925925926,2.9433962264150937,2.585832133036533,-0.20542951961264344,-1.015553040355944,5.379838409790068,-0.13165120334844782,-0.002400845097474291,-0.01583359205215773,-0.015873015873015817,0.07235494880546067,0.008534850640113723,-0.02863247863247853,0.03356890459363959,-0.05415549597855229,-0.00874125874125875,-0.00952380952380949,0.20541363398506252
2017-12-31,-0.04592987688307715,-0.03410574551331125,-0.03577364371156355,-0.15696844668858267,-0.06455967840544063,-0.10906546573768827,-1.0199485659850216,-1.0199485659850216,-1.0235849056603774,-1.0239234449760766,-4.180463757531495,0.18058883943854842,188.36010037641154,-2.782812814616208,0.2702939801313968,-0.099441663457836,-0.32996845425867505,-0.3395585738539899,-0.061744112030553855,-0.16078984485190406,-0.11086669599648036,0.032478632478632585,-0.019557823129251695,-0.32892416225749554,-0.019230769230769273,0.14574371522159524
2018-04-01,-0.10603266588947446,-0.1684373870023771,-0.08737304286152758,-0.3189038561249248,-0.14131370299957868,-0.5511960007793943,20.232918082295207,20.232918082295207,17.0,17.0,-0.3919825022675867,-0.2394374365666232,0.826954677975086,-0.9473631024561904,0.011200113329209893,-0.00085515766969535,-0.43549905838041425,-0.45886889460154234,-0.14654002713704206,0.06554621848739495,0.4868876793666501,0.0347682119205297,-0.03931772188493787,-0.44152431011826543,-0.02941176470588236,0.2209286304767153
2018-07-01,0.0813656463678285,-0.06426686813352278,0.059977901728244465,0.23450076595904412,0.12434523237528783,0.2626081712480508,-1.5360292287451554,-1.5360292287451554,-1.5333333333333332,-1.5333333333333332,-1.2421421355263282,6.533704438005185,-0.4722947585266426,-25.837492941840768,-0.2751015670342426,-0.07991869048892697,-0.025854879065888237,-0.04275534441805218,0.10651828298887112,0.07886435331230279,0.7138103161397671,0.03359999999999985,0.039723141739392176,-0.02352941176470591,-0.02020202020202022,-0.24203013033910736
2018-09-30,0.07459596046505812,0.129018511242442,0.07796048287684942,0.2560506782308607,0.06822187632658827,0.7354990502599348,3.3758768802136023,3.3758768802136023,3.333333333333334,3.291666666666667,-0.14145155839767087,-0.863067704484954,0.08126404629521455,-0.42718563582132985,-0.21738511498854252,0.1703488372093025,0.001712328767123239,-0.007444168734491385,0.07183908045977017,0.05701754385964919,0.20640776699029129,0.03250773993808065,-0.006078147612156304,0.03855421686746974,-0.04123711340206182,-0.10112777757099789
2018-12-30,-0.04227972519934653,-0.0344393804131623,-0.027589987716349684,-0.036007392261122595,-0.07036313087452262,-0.1150070778486908,-0.96677796263942,-0.96677796263942,-0.9711538461538461,-0.9660194174757282,-8.134221482098251,0.31566692537975394,0.007792785634832322,-2.0924691921497036,0.30345262466280154,-0.08395429706905122,0.07948717948717943,0.06999999999999984,-0.06568364611260058,-0.1452282157676349,-0.06663447609850315,0.03148425787106435,-0.02912055911473499,0.11600928074245931,-0.043010752688172116,0.0016149068322981464
2019-03-31,-0.06236286307322003,-0.14619478190458146,-0.06505910499694745,-0.2555072336391687,-0.056971101507792055,-0.4726961093782506,2.0489390828199863,2.0489390828199863,2.5,1.9999999999999996,-0.4387407135475575,-0.24150233159166246,0.38995654395115764,-0.9481842885375494,0.012063049584267516,-0.07516268980477225,0.6128266033254157,0.6144859813084111,-0.05667144906743182,-0.009708737864077555,-0.14002414209346448,0.032945736434108586,0.005698860227954405,0.6278586278586278,-0.011235955056179803,0.14684360659804052
2019-06-30,0.021041900002289893,0.07532207284739534,0.012956056290968743,0.13067116393053846,0.03707274145966433,0.3440594667649588,-0.4973996333295918,-0.4973996333295918,-0.47619047619047616,-0.47619047619047616,-0.728606319992136,0.2397688974482426,-0.6089600188765718,-4.196522470728459,-0.03810020440669415,0.1343966224932569,-0.12420225822287678,-0.12735166425470323,0.034220532319391594,0.20261437908496727,-0.3122117505514338,0.031894934333958735,0.015508499850879875,-0.14559386973180066,0.022727272727272707,-0.048952813525107164
