Quarter end,Assets,Liabilities,Shareholders equity,Revenue,Earnings,Earnings available for common stockholders,EPS basic,EPS diluted,Cash from operating activities,Cash from investing activities,Cash from financing activities,Cash change during period,Cash at end of period,Price,ROE,ROA,Book value of equity per share,P/B ratio,P/E ratio,Cumulative dividends per share,Equity to assets ratio,Net margin,Asset turnover
1993-12-31,-0.0043155677009231175,-0.006630564938430505,-0.001915715910817295,0.07503069822585418,0.17383576253110555,0.17383576253110555,0.19047619047619047,-0.01851851851851849,0.005905136834084779,-0.3010025461489497,-0.05945005221023325,-0.42292560801144496,-0.7249268700376097,0.01091405184174632,0.004846526655896577,-0.008968609865470878,-0.0019762845849802257,0.05119453924914663,0.023076923076923217,inf,0.0024439918533605276,0.018225039619651273,0.0
1994-03-31,-0.0043155677009231175,-0.006630564938430505,-0.001915715910817295,0.07503069822585418,0.17383576253110555,0.17383576253110555,0.19047619047619047,-0.01851851851851849,0.005905136834084779,-0.3010025461489497,-0.05945005221023325,-0.42292560801144496,-0.7249268700376097,0.01091405184174632,0.004846526655896577,-0.008968609865470878,-0.0019762845849802257,0.05119453924914663,0.023076923076923217,inf,0.0024439918533605276,0.018225039619651273,0.0
1994-06-30,-0.0028925604733347487,-0.005962361915728076,0.000274729354460268,0.07503069822585418,0.17383576253110555,0.17383576253110555,0.19047619047619047,-0.01851851851851849,0.005905136834084779,-0.3010025461489497,-0.05945005221023325,-0.42292560801144496,-0.7249268700376097,0.04858299595141702,0.004846526655896577,-0.008968609865470878,0.0,0.05119453924914663,0.023076923076923217,1.0,0.003047541649735974,0.018225039619651273,0.0
1994-09-30,0.008429802650989693,0.019757251504961104,-0.00318450061240394,-0.03403048564338884,-0.05988794669897035,-0.05988794669897035,-0.07999999999999996,-0.01851851851851849,0.09436939780330755,0.44029595902105867,-0.13973799126637554,0.07514719553765103,-0.7249268700376097,-0.04826254826254828,0.004846526655896577,-0.008968609865470878,-0.005940594059405946,-0.04870129870129869,0.023076923076923217,0.5208333333333333,-0.011342920802106637,0.018225039619651273,0.0
1994-12-31,0.0427834405206049,0.0114833996542556,0.003094142352888518,0.038328236493374135,0.05500523475879837,0.05500523475879837,0.06521739130434767,-0.01851851851851849,-0.04302935917402084,1.1636765984351536,-1.9533683214316442,-1.0425133304510736,0.11203949867071783,-0.03380662609871532,0.004846526655896577,-0.008968609865470878,-0.05976095617529875,-0.027303754266211677,0.023076923076923217,0.3561643835616439,-0.03810694529809466,0.018225039619651273,0.0
1995-03-31,0.002044173669370153,-0.1654699486920329,0.17945234462867887,0.04959748674651476,0.05007633587786264,0.05007633587786264,0.020408163265306145,-0.01851851851851849,0.021758784883370463,-0.8391715673740732,-2.210540564930963,-3.9322033898305087,0.0,0.02099370188943328,0.004846526655896577,-0.008968609865470878,0.18008474576271194,0.08421052631578929,0.023076923076923217,0.26262626262626254,0.17699680511182114,0.018225039619651273,0.0
1995-06-30,0.05596009732190832,0.03642197513835388,0.07475106058889436,-0.030567195450463935,1.752689735388194,1.752689735388194,1.6600000000000001,-0.01851851851851849,-0.11898301085417651,0.1530774471950942,-0.29431936782466084,-1.453179190751445,0.0,0.06648389307745028,0.3810289389067525,-0.008968609865470878,0.07360861759425497,-0.09708737864077666,0.023076923076923217,0.21599999999999997,0.017734346724574745,0.46225680933852153,0.0
1995-09-30,0.05246090095787714,0.13335389134818643,-0.0021669106881405664,0.014009494037281467,-0.6132678392225215,-0.6132678392225215,-0.6165413533834587,-0.01851851851851849,0.6418480080348175,6.440023636005515,-2.359285865201775,-1.9821428571428572,0.0,0.06876606683804609,-0.02949165696546374,-0.008968609865470878,-0.0016722408026756952,-0.0035842293906810374,-0.2506265664160401,0.17763157894736836,-0.05192034139402557,0.011708355508248891,-0.05555555555555547
1995-12-31,0.04507150692691564,0.10858038901200406,-0.003815001760770098,0.019372763949151217,-0.04397705544933084,-0.04397705544933084,-0.05882352941176472,-0.01851851851851849,-0.3982300884955752,-0.11645884626585123,0.44151705914354555,-0.8181818181818181,0.0,0.0036079374624173877,-0.041583366653338616,-0.02714932126696823,-0.00670016750418756,0.007194244604316502,-0.013377926421404673,0.15083798882681565,-0.04669917479369845,-0.0013150973172014746,0.0
1996-03-31,0.13168900515250126,0.2817065609135416,0.002062098627231501,0.08064817234813138,0.04292857142857143,0.04292857142857143,0.0625,-0.01851851851851849,0.7908647329899703,1.109426499670402,2.563187405650205,-316.9428571428571,0.0,0.0035949670461352667,-0.006257822277847325,-0.058139534883721034,0.0,0.0071428571428571175,0.006779661016949268,0.13592233009708732,-0.11449931143025771,-0.010271266789570577,-0.05882352941176472
1996-06-30,-0.004828143751397618,-0.007072613339447642,-0.0013552445907808464,0.05676674843658214,0.06780357509759605,0.06780357509759605,0.05882352941176472,-0.01851851851851849,-0.2778702792704155,-0.8414488636363636,-1.2582085035557573,-1.4134563212154097,0.0,-0.03164179104477616,-0.27371956339210746,-0.3119341563786009,-0.001686340640809414,-0.028368794326240954,-0.03535353535353536,0.12393162393162394,0.0035547656076426737,-0.30468334220329973,0.0
1996-09-30,0.008918694690265516,0.02235863132999727,-0.004789534264157402,-0.023180540116393145,-0.03611057661471362,-0.03611057661471362,-0.03703703703703709,-0.01851851851851849,0.5081486139495885,-0.1251567819387207,-0.01681804863756231,-1.2446412948381451,4.877390710382514,0.03514180024660907,0.00867052023121384,-0.03468899521531099,-0.005067567567567655,0.03649635036496335,0.43630017452006986,0.11026615969581743,-0.013725924286030478,-0.024684270952927467,0.0
1996-12-31,-0.006830197829306939,-0.009044719735310403,-0.003744764428879055,0.037152324530575376,0.026151184455682763,0.026151184455682763,0.05769230769230771,-0.01851851851851849,-0.4337734537873523,0.37941628264208904,0.026582429371796445,-7.436298614215467,-0.8366552385379743,0.04228707564026202,0.025787965616045794,-0.004956629491945419,-0.003395585738539819,0.045774647887323994,0.037059538274605064,0.09931506849315075,0.003142536475869928,-0.011771630370806418,0.0
1997-03-31,0.01844880866924159,0.03233870099162672,0.0028681199266047397,-0.003872591732016706,0.1101095908177161,0.1101095908177161,0.09090909090909083,-0.01851851851851849,0.4772336769759451,-0.3629547141796585,-0.5679865304226661,-1.55917488540075,2.864105300604767,0.0040000000000000036,0.043575418994413306,0.03735990037359893,0.0017035775127767216,0.006734006734006703,-0.028705330990041134,0.09345794392523366,-0.015215931975833596,0.025213420686916788,0.0
1997-06-30,0.06388059779273725,0.1242569524983379,-0.005725755835297219,0.02863899957883831,-0.1007652316139962,-0.1007652316139962,-0.09999999999999987,-0.01851851851851849,-0.2614132015120675,6.199860156158956,-5.9047171079156024,-1.9323065457707118,-0.6910329589394218,-0.03585657370517925,0.0,-0.02400960384153661,-0.005102040816326592,-0.03678929765886296,-0.07539203860072363,0.08547008547008561,-0.06543967280163598,-0.012587141750580844,0.0
1997-09-30,0.012858365713963815,-0.09709150630062136,0.16624979901023718,0.01751125948789012,0.014616084188644907,0.010328699493309168,0.0,-0.01851851851851849,0.4390326209223847,-0.7347933054935094,-1.2613163086365629,-0.9552358113509193,-0.10011918951132304,0.10153482880755593,0.011241970021413472,-0.012300123001230068,-0.008547008547008517,0.10763888888888884,0.10176125244618395,0.08398950131233596,-0.018477996596158563,-0.01117866248283983,0.0
1997-12-31,0.13768167633712936,0.19197233124112634,0.12918495369838467,0.03934131921874506,0.06645751968756008,0.07098309007908443,-0.01851851851851849,-0.01851851851851849,-0.2142187133588681,6.231614281354898,-11.427702631854881,-4.166666666666666,0.35231788079470205,0.044480171489817755,-0.015352038115405087,-0.03735990037359904,0.09655172413793123,0.053291536050156685,0.0349319123741858,0.07506053268765145,0.012137726034183949,-0.0009916699722331002,-0.0625
1998-03-31,0.026807614318932416,0.05431576414441697,-0.004210107423310294,0.08207755077729462,0.04928858738068076,-0.021612535270456812,0.018867924528301883,-0.01851851851851849,0.3579209151952252,-0.7365769263228965,-0.9697030638819898,-1.8449248120300752,-0.22012732615083253,-0.03694202154951254,-0.04354838709677422,-0.05045278137128051,-0.028301886792452935,-0.12202380952380942,-0.02803203661327247,0.072072072072072,-0.03083700440528636,-0.05300774270399056,0.0
1998-06-30,0.1478944595726095,0.23403235561506475,0.045058321053025985,0.04442120328067367,0.014246481290765445,0.01527888568448188,0.0,-0.01851851851851849,-0.1189333724039412,3.7591708582962227,39.95519415864587,0.2191323692992213,-0.3441130298273155,-0.06180074587107087,-0.026981450252951067,-0.043596730245231696,0.05177993527508096,-0.03389830508474578,-0.03590347263095939,0.06932773109243695,-0.08358585858585865,-0.027044025157232587,0.0
1998-09-30,0.11740239459084667,-0.0037159079700137543,0.2881471197238028,0.11115210287762212,0.4044113499182038,0.3801523026713405,0.37037037037037024,0.35849056603773577,0.6188575704664505,-0.684304063333064,-0.27961555292630347,-74.8485401459854,38.74485399712781,-0.03861442362294154,0.061813980358174314,0.027065527065527117,0.006153846153846176,-0.08771929824561409,-0.03418803418803407,0.06483300589390972,-0.09947643979057597,0.03900021547080379,-0.06666666666666654
1998-12-31,0.09466695500334055,0.1775499248941479,0.0042977308723144425,0.06960584357064925,0.0871625964010283,0.005254860746190193,0.0,0.04166666666666674,-0.43461736004108886,3.070005970658478,0.016131572434584962,-1.970162346487435,-0.9457525865080034,-0.04843473124630837,0.07127312295973876,0.03467406380027738,0.004587155963302836,-0.05384615384615388,-0.12199747155499363,0.06088560885608851,-0.08078335373317003,0.009539610120282038,0.0
1999-03-31,0.0675963355771585,0.1262150335066139,-0.007342728397985332,0.10021950732799723,-0.284046405083869,-0.33485798919672416,-0.33783783783783783,-0.3466666666666667,0.6548873546511629,-0.6527372463547916,-0.6723607297847843,-0.9967907492072386,-0.055950266429840134,-0.09993792675356916,-0.02590147282884714,-0.07372654155495983,-0.0121765601217656,-0.10162601626016265,-0.17782577393808496,0.05913043478260871,-0.0732356857523303,-0.088126540673788,0.0
1999-06-30,0.044658823984301765,0.04843531828473502,0.039181317221811396,0.04415469256967808,0.015378264010733833,0.0194511755845177,0.0,0.0,-0.28643574682988415,0.005838777326835798,0.4135495860787295,-5.619047619047619,0.2737535277516463,0.0386206896551724,-0.02711157455683011,-0.05209840810419675,0.024653312788905923,0.04977375565610864,0.05954465849387036,0.05747126436781613,0.012212643678160884,-0.08515431403469254,0.0
1999-09-30,-0.0055538885150899775,-0.013432518644531655,0.0059752037186282525,0.007836022543040277,0.5334925797926409,0.6744186046511629,0.653061224489796,0.6326530612244898,0.33641049311485505,-1.1866262674746504,-2.0614093799302005,1.390893470790378,0.513847858197932,-0.11620185922974768,0.026795284030010746,0.010687022900763177,0.009022556390977376,-0.13793103448275856,-0.10165289256198351,0.05434782608695654,0.01419446415897796,-0.010588524993843995,0.0
1999-12-31,0.6412367214744739,0.4312733727597111,0.9425563423022456,0.36240376881535097,-0.10522652702747493,-0.17315070595457338,-0.3950617283950618,-0.4125000000000001,-0.22458553994934383,-9.83724481594599,-2.8581852577528544,-1.1807402084081926,-0.06134894499329191,-0.07813673929376419,-0.25052192066805845,-0.16163141993957697,0.34575260804769004,-0.08499999999999996,-0.10763569457221711,0.05154639175257736,0.31105668299510136,-0.13140866102538584,-0.07142857142857151
2000-03-31,-0.0061606307630629464,-0.0006902349871920066,-0.011944941791632968,0.15616654015911835,0.22801689014001036,0.2495475847988493,0.08163265306122458,0.1063829787234043,1.1159199732749343,-0.9634843978790938,-1.6754293471015282,4.4453280318091455,-0.35589916839916835,0.013039934800326058,-0.06824512534818938,-0.0018018018018018944,-0.012181616832779518,-0.24590163934426235,0.13917525773195893,0.050420168067226934,-0.008807045636509137,0.002865329512893977,0.0
2000-06-30,-0.008381628545944375,-0.0031499924699804893,-0.013976490825688082,-0.0018966104167680298,0.04077939313506662,0.050206097515689496,0.037735849056603765,0.05769230769230771,-0.22148934304008416,-0.9880448318804483,-0.24436110463134098,-1.810514786418401,0.4478515230986484,0.0860820595333871,-0.027653213751868577,0.016245487364620947,-0.015695067264574036,0.09420289855072483,0.07149321266968323,0.04933333333333345,-0.009962304792676346,0.02114285714285713,0.0
2000-09-30,-0.011875376755573153,-0.011460440952903772,-0.012323993346702644,0.00225345936464616,-0.14504723816147913,-0.176973940101128,-0.1636363636363637,-0.1636363636363637,0.21383987922215453,-411.7708333333333,0.8014058084585975,-2.0238738738738737,-0.31670614462867497,0.053333333333333455,-0.14834742505764797,-0.09591474245115461,-0.015945330296127436,0.07284768211920545,0.026182432432432456,0.04701397712833555,-0.004351373402230241,-0.11919418019026295,0.0
2000-12-31,-0.0024967698767458524,0.003500635715445899,-0.00898666070961629,0.010901666241295072,0.2408392935832684,0.3052500429627083,0.28260869565217384,0.3043478260869563,-0.0670329874324751,1.437490490439722,-0.4120803068851422,-24.633523977122746,10.954119086460032,0.005625879043600568,0.10469314079422376,0.08447937131630634,-0.012731481481481621,0.024691358024691246,0.17695473251028804,0.04490291262135915,-0.009287080032777784,0.04860228716645487,0.0769230769230771
2001-03-31,-0.023140422136462946,-0.032222672284291765,-0.013188531787463265,-0.057863858231744,-0.2890782931759821,-0.3483097988874626,-0.3389830508474576,-0.35,-0.0011938397867006234,-1.2406575114440284,1.0413462185250792,-1.975632457789609,-0.8940177063609847,0.11468531468531462,-0.049836601307189476,-0.04166666666666663,-0.01875732708089095,0.12650602409638556,0.04685314685314679,0.04413472706155641,0.0060656189688446105,-0.05422599212359902,0.0
2001-06-30,0.0006388710120706076,-0.10403250789298502,0.11312042923166832,0.07764946085624969,0.3410697817399324,0.44830546997323095,0.3846153846153846,0.3846153846153846,-0.10301207219411135,-0.32777105308663324,-0.6997649436523803,-1.1892386949055525,1.596330275229358,0.09473023839397743,-0.020636285468615623,0.011342155009451682,0.06212664277180413,0.11229946524064172,0.16566466265865043,0.04338153503893216,0.14853384488901056,-0.003523382447149226,0.0
2001-09-30,0.04214538960964176,0.10424122824763571,-0.011565948815844385,-0.0037063351095322217,-0.31022922636103156,-0.3775762859633828,-0.40740740740740744,-0.40740740740740744,0.24927265862704595,11.346237942122187,-2.2236043023340892,-1.6347045775357936,-0.3902423904283677,0.03667621776504304,-0.07638279192273922,-0.04672897196261683,-0.023622047244094557,-0.024038461538461675,0.04183381088825211,0.041577825159914594,-0.05464089716058218,-0.0585020893603343,0.0
2001-12-31,-0.0050574767209969895,-0.013655589023231496,0.003251027614421753,0.016294852443039298,0.5024716487350973,0.6777229941730165,0.6875,0.65625,-0.12229115926827971,-0.9705183765313776,-2.4342522274711476,-0.7731532962668785,-0.14518096787311918,0.025428413488115087,-0.03136882129277563,-0.005882352941176339,-0.016129032258064613,0.05418719211822687,0.10286028602860298,0.03991811668372569,0.009338717819283193,-0.011266643905769813,0.0
2002-03-31,0.036162265394238835,0.07414036637063082,8.18144192298309e-05,-0.055421714927258225,-0.15925239846277195,-0.19235907026449373,-0.20370370370370372,-0.20754716981132082,0.0482257149801506,37.54664310954064,-2.1578695017719407,0.2542016806722689,-0.21301141769743104,0.0398921832884096,0.014720314033366044,0.017751479289940697,-0.004683840749414414,0.05607476635513997,0.0807980049875312,0.03937007874015741,-0.03475868967241802,0.0379834254143645,0.0
2002-06-30,0.01748384026003258,0.015126827186315861,0.009214597706496352,0.10511458604167445,0.3270742214475977,0.41126364538537885,0.39534883720930236,0.40476190476190466,0.03586265530500654,-0.47429116209997524,-0.8912914318636012,-2.283640424343942,0.34743841620069515,0.07309486780715391,0.05319148936170204,0.019379844961240345,-0.007058823529411784,0.07964601769911517,0.055376095985232965,0.03882575757575757,-0.0056994818652850165,0.03925482368596156,0.0
2002-09-30,0.05461680956587145,0.09107246834658933,0.017856419100145793,0.0382370405225243,-0.07714037913517535,-0.09121007910928802,-0.11666666666666659,-0.10169491525423724,0.27887108507899794,1.7179500592871593,13.923484597548857,0.21705089169203995,0.31381785554060126,-0.018357487922705307,0.11386593204775042,0.07224334600760463,0.010663507109004655,-0.012295081967213073,-0.044599912549191045,0.037374658158614515,-0.02996352266805613,0.09635083226632535,0.0
2002-12-31,0.016764449423088523,0.04145959107434716,8.198103661505307e-05,0.04536429558011057,-0.21126684925621608,-0.2536673437147371,-0.26415094339622647,-0.26415094339622647,-0.27188261205676867,-0.5573911425620233,-0.8240888711324189,-2.1504646175839888,-0.27479938535086224,0.013287401574803237,-0.0651277823577906,-0.07446808510638292,-0.011723329425556872,0.0,-0.08970251716247146,0.03602811950790841,-0.01638463604619933,-0.08671532846715324,0.0
2003-03-31,0.0023795515745972384,0.0032626294012789714,0.0013678000201422513,-0.049754325116643905,-0.05821474773609314,-0.07386928161043671,-0.07692307692307698,-0.07692307692307698,0.44548168032212176,-0.516111264114569,-3.134187117532017,-2.5361913637775704,0.5821071218363743,-0.11753278290432245,-0.033509700176366786,-0.04214559386973182,-0.018979833926453193,-0.10373443983402486,-0.05329311211664167,0.0356234096692114,-0.0008192244675041538,-0.05402813299232745,0.0
2003-06-30,-0.004041805371190921,0.04212478842857115,-0.05703544483608425,0.06896888850265048,0.33436957779063037,-0.05336069779374042,-0.08333333333333326,-0.08333333333333326,-0.3044333883060548,-0.9199592607015546,0.46025599337846224,-1.3803842264914055,-0.13995535714285712,0.044028618602091285,-0.13412408759124095,-0.04200000000000004,-0.024183796856106277,0.06018518518518512,0.07753584705257577,0.03357903357903336,0.018584312653730395,-0.14700912470429195,0.0
2003-09-30,0.032296920135489904,0.057317916468155206,0.0005556083787727761,0.04625781210304347,0.3439074605840602,0.9058881497905888,0.8484848484848484,0.8484848484848484,0.43197848176927667,40.23465568862275,-1.7379704042591957,-0.014885699096225391,-0.16030798511982003,0.16447021613073276,0.05163329820864071,0.08141962421711901,0.06443618339529111,0.19650655021834074,0.3523903400689996,0.032488114104595844,0.05500402468473298,0.05110935023771779,0.0
2003-12-31,0.0718525624029327,-0.01660747021787823,0.19043810018038987,0.03698631467505842,-0.10504142393517302,0.07122543950361937,-0.47540983606557374,-0.4918032786885246,-0.12405559961597867,0.5125386870456257,2.065615141955836,-5.350782514840799,0.8306202349062435,0.08963331824354914,0.13627254509018027,0.07722007722007729,0.023282887077997527,0.021897810218977964,0.03826530612244894,0.03223330775134303,-0.032044760935910466,0.14775725593667555,0.0
2004-03-31,-0.05879365221575927,-0.1149548058721025,0.0033992379653995375,-0.08123448695733626,0.05488985990359918,0.002823699770725163,0.0,0.0,0.06962115796997859,-1.8817581758175819,-2.824664226849325,0.28553708757132235,0.5832958126969834,0.13003739094308253,0.12433862433862441,0.11111111111111116,0.0,0.10357142857142865,-0.005616005616005615,0.03122676579925643,0.06699947451392552,0.14778325123152714,0.0
2004-06-30,0.02147430132054251,0.04777654701164624,-0.004217185028993153,0.09270888553602741,-0.11211700651222378,-0.12634770889487867,-0.12499999999999989,-0.12903225806451601,-0.21987585018860079,-1.6375786859028887,-1.1205086333299006,-2.600057892705519,-0.5894710649793828,-0.07573529411764701,0.08156862745098037,0.011290322580645329,-0.010238907849829282,-0.0744336569579288,-0.1860218849276385,0.03028118240807487,-0.026348190100960456,0.08898426323319031,0.0
2004-09-30,0.03248397299734407,0.07638606305503703,-0.012637746644824532,0.03769148956020385,-0.17059445940746443,-0.19541623051071566,-0.2142857142857143,-0.18518518518518523,0.3824716363359477,-0.6145758840418832,-2.493204199560511,-0.9891455104625219,-0.015585765001298824,-0.007557677008751096,-0.06453952139231323,-0.09728867623604476,-0.01839080459770115,0.0034965034965035446,-0.09453599306157845,0.02939118264520646,-0.04653515427415267,-0.07829742511823434,0.0
2004-12-31,0.029530743396936288,-0.01946795176122762,-0.0012559570005354903,0.008577131246291225,0.33751812119454905,0.39852095316351677,0.36363636363636354,0.40909090909090917,0.10222515972681201,1.744558294101357,-1.769717119965117,-52.03333333333333,0.8079866303104934,0.10300601202404813,0.0,0.005300353356890497,-0.010538641686182681,0.12195121951219523,0.1872605363984674,0.028552005438477135,-0.03023872679045103,-0.016533637400228174,0.0
2005-03-31,-0.017566042272469162,-0.03134472602024707,-0.003960006819581197,-0.0337315029417008,-0.057943682122650664,-0.06543772032902473,-0.033333333333333326,-0.09677419354838701,-0.09446831900859487,-1.330242366758824,-4.822510975782468,-1.2991508817766166,-0.13369009973242518,-0.07521802325581395,-0.015503875968992276,-0.03690685413005268,-0.005917159763313529,-0.0652173913043479,-0.07503025413473174,0.027759418374091238,0.01285557986870911,-0.04579710144927529,0.0714285714285714
2005-06-30,0.04580738438906695,0.08888380522179307,0.0046682005713594155,0.09360123989815117,-0.00945740715173271,-0.010766208251473453,-0.0344827586206895,0.0,-0.06642662031288804,-4.773717498243148,-1.5605161027389012,-2.7016011644832605,0.060818779131802,0.019253438113949084,0.014173228346456623,-0.012773722627737238,-0.0035714285714286698,0.02657807308970095,0.04753597906672491,0.02700964630225089,-0.03834728598433701,-0.015188335358444771,0.0
2005-09-30,0.09636359073455969,0.18018911860625675,-0.007066214875730559,0.04934959761097324,0.04632146258740444,0.052828090244677384,0.03571428571428559,0.03571428571428559,0.2374872545107949,0.8806250506031901,1.7731636784268363,3.1240376390076987,1.0208575966119642,0.042405551272166386,0.07453416149068315,0.024029574861367697,-0.010752688172043001,0.04530744336569592,0.032889258950874245,0.02629931120851592,-0.09575961808480771,0.04164096236890802,-0.06666666666666654
2005-12-31,0.029276863949751375,0.05379447093803069,-0.007528446153671653,0.012492764808026191,-0.07837303789880334,-0.08878492919842051,-0.06896551724137923,-0.06896551724137923,-0.30511571254567604,-0.6050861905663951,-0.9004516797959694,-1.8728479568554242,-0.44092838057316497,-0.04881656804733725,-0.0252890173410405,-0.0631768953068591,-0.01207729468599028,-0.037151702786377694,-0.10640870616686804,0.0256253813300793,-0.03788819875776395,-0.057447438554930286,0.0
2006-03-31,0.053249065609567214,0.08607592464658254,0.005528781239150016,0.12504565448684346,0.3945219339452193,0.45201358028099037,0.4444444444444444,0.40740740740740744,0.5846264886322627,0.6497945033740693,4.611037950436969,-3.056499524714829,1.6219192203167463,0.06337480559875597,0.09710896960711635,0.026974951830443183,0.0024449877750609694,0.07395498392282951,0.10148849797022996,0.02498512790005969,-0.0438992898644287,0.02356267672007517,0.0714285714285714
2006-06-30,0.018419738514617867,0.03808781861410804,-0.011266745055967808,-0.011383605631814842,-0.28194098949695967,-0.3102556791179546,-0.3076923076923077,-0.3157894736842105,-0.1144657361919944,-0.5658477275430505,-1.5380422027352836,-1.9961288458760653,-0.6162053004985971,-0.02778793418647174,-0.002702702702702564,-0.052532833020637826,-0.01707317073170722,-0.029940119760478945,-0.10728910728910734,0.024956471271038838,-0.031735313977042656,-0.04880294659300177,-0.06666666666666654
2006-09-30,0.1951212938354665,0.3182543724266469,0.01657891692361635,-0.003462257820419423,0.8480525416796978,0.9715577113879397,0.9259259259259258,1.0,-0.012613892426765916,0.8254847645429362,-14.1495786656092,-19.093645775934572,29.050428385174147,0.08048138397893956,0.1917344173441733,0.08712871287128698,-0.15012406947890833,0.09876543209876543,0.09816513761467882,0.02378255945639851,-0.14609483960948388,0.15940626008389813,0.0
2006-12-31,1.1712559533219227,1.1539355049371407,1.328403025618515,0.41631267147574813,2.1408524043843893,2.2989264146723327,1.4615384615384617,1.5192307692307692,-0.011199861086994223,26.9544097783855,3.053680720266466,-1.9371504775704573,-0.9059645501833852,0.16568047337278102,0.4155770324047754,0.36612021857923494,1.137226277372263,0.3735955056179774,-0.02172096908939014,0.023783185840708043,0.2270314414046548,0.7820762593932646,-0.2142857142857143
2007-03-31,-0.0620871450987136,-0.17202835831548458,0.09907359846704766,0.2667250003793378,-0.39782985319595154,-0.4067383640123394,-0.4609375,-0.48091603053435117,0.08728974072726814,-1.067855306436777,-1.1011573067519418,-1.0722382995026305,0.6959645393576879,0.15138847417139445,-0.09397590361445785,-0.033333333333333326,0.1058743169398908,-0.46216768916155415,-0.333475661827498,0.024311183144246407,0.1816971713810318,0.03810713727940018,-0.09090909090909083
2007-06-30,-0.05449422995380937,-0.09114625305329727,-0.0044196920330086265,-0.03074889797482916,-0.5093607180221353,-0.5285811221027821,-0.536231884057971,-0.5294117647058824,0.4771232781892434,0.5478648820905034,-0.14729859423204916,4.878729046311204,2.4124248224400766,-0.13615145228215764,-0.15647163120567376,-0.10344827586206884,-0.006794317479926093,-0.21673003802281365,-0.22934016655989753,0.02320675105485215,0.052661222190932166,-0.06980592748608394,0.0
2007-09-30,0.36228053795975046,0.603775898399254,0.06643820433266456,0.1709681273095034,3.5192188990516806,3.8009272586778984,3.8125,3.78125,-0.257271165260856,-8.138859623963857,-12.379157628733942,-0.11428387315037813,0.6196624878636285,-0.10537376163314327,0.20651602732527596,0.1892307692307691,0.023631840796020098,-0.10194174757281549,-0.12468827930174564,0.023195876288659933,-0.21294810058855007,0.2586123241145075,0.0
2007-12-31,0.03518802248619446,0.020919596878652857,0.06760216823939302,-0.7949755320159437,-0.8438761066342177,-0.8579431052874086,-0.8701298701298701,-0.869281045751634,0.506114680490857,-0.6205782345397323,-0.8718994280239826,-3.1489100482907264,-0.8307664721817412,0.08288590604026846,-0.29486062717770034,-0.2897800776196636,0.06743620899149438,0.059459459459459296,-0.20227920227920215,0.02267002518891692,0.03670972127804206,-0.1268311488049345,-0.20000000000000007
2008-03-31,-0.001733620449246298,0.009888483327705533,-0.018534939977469134,2.6598201722777035,0.002326274977632048,0.0025770333014907276,0.04999999999999982,0.04999999999999982,-0.08067443971235078,-0.9776492678533799,-1.1556837512018343,-1.1221602931965533,0.5996842181803073,-0.040285094515029596,-0.19085855466337232,-0.21675774134790526,-0.09334092202618105,-0.10204081632653061,0.34999999999999987,0.022167487684729092,-0.018360655737704845,-0.12832965415746866,-0.12499999999999989
2008-06-30,-0.02210660681417309,-0.12448571637638883,0.19366319838853796,0.17856221898193514,3.6079306514321985,4.030290943739059,3.6190476190476195,3.571428571428571,0.07096259730396803,-22.133965007739576,9.048171021377673,0.08761324071989063,0.4077207792207793,0.12851146270584457,0.23740458015267163,0.2348837209302328,0.19962335216572513,0.24431818181818188,0.3633156966490301,0.022168674698795243,0.23580494321977286,0.3261860543643422,0.0
2008-09-30,-0.015733822654787066,-0.09144789893378724,0.10102328495353441,0.07385866365386762,-0.4600959986224413,-0.47079890049865203,-0.4948453608247423,-0.48958333333333337,0.2954920968096497,-0.9391794564481584,-0.41407377289446556,-2.5884470209750114,-0.46006485568917244,0.034048640915593564,-0.36890808143121523,-0.2994350282485877,0.03715332286760864,-0.136986301369863,-0.1940491591203105,0.021216407355021172,0.12513513513513508,-0.2978994271164863,-0.14285714285714302
2008-12-31,-0.015092004224943278,-0.0073712322552969,-0.017393180372539896,0.0788440308515288,-0.6781058389213583,-0.7079202563782412,-0.7346938775510203,-0.7346938775510203,-0.3797437174652004,-2.069663905411816,-0.5368671105674421,-0.403531287285561,-0.5082356559477839,-0.2517985611510791,-0.0811339198435973,-0.00806451612903214,-0.02320887991927345,-0.28042328042328035,0.1669341894060994,0.02123730378578026,-0.0033629594042757782,-0.24460562103354477,0.3333333333333335
2009-03-31,-0.004096009511025733,0.004407181263666127,-0.013844500699925044,-0.13599980770617504,0.3056154170072576,0.23357747442218368,0.3076923076923077,0.3076923076923077,0.03263497890816658,-0.3907273471615721,-0.3704248320463859,-1.1481593545133637,0.15312185122129174,-0.2104289940828401,-0.0617021276595745,0.01897018970189701,-0.014979338842975198,-0.19117647058823528,-0.17950481430536447,0.020795660036166286,-0.010604965051819737,-0.04008641382621225,0.125
2009-06-30,-0.0013082469211626035,-0.07355861953638865,0.09399675820810094,0.062480376766091084,0.9195583296970158,1.1204574332909782,1.0588235294117645,1.0588235294117645,0.13736197996786648,-2.604849095694048,0.977418390728257,-2.9164964828681645,-0.2544895745450163,-0.02622950819672143,-0.34467120181405897,-0.28457446808510645,0.014682747771368687,-0.00909090909090915,-0.004191114836546439,0.02037201062887517,0.10085261875761287,-0.3278319579894974,0.0
2009-09-30,0.04686636941756439,0.049096952585110376,0.04605057279864044,-0.044913517072148856,-1.4271679614145367,-1.5708729190272814,-1.5142857142857142,-1.5142857142857142,0.04912649810271641,-3.772268936882872,-1.1943315531969683,-6.6169784513379115,1.9174278554684343,0.2150072150072151,-0.6055363321799307,-0.5315985130111525,-0.015503875968992276,0.201834862385321,0.8653198653198653,0.0199652777777779,0.0015490152688646397,-0.5889136904761905,0.0
2009-12-31,-0.01041277462452006,-0.005980059894417522,-0.015207833174668228,0.4990463284624935,-1.8210087922258213,-1.5037883848311926,-1.5,-1.5,-0.09818582898233097,-1.0912202980265808,-5.7607374333861445,-1.338388735481967,-0.22240001108294194,0.19556611243072042,-0.10087719298245612,-0.039682539682539764,-0.018372703412073532,0.2137404580152671,1.899819494584838,0.019574468085106433,-0.005523641184268624,-0.146606334841629,0.11111111111111116
2010-03-31,-0.00574664396893132,-0.0031557514598169467,-0.009684740362357336,-0.22687393860222083,1.2837335136963137,1.8350191309618515,1.8888888888888893,1.7777777777777777,-0.13068443540829455,-6.3407836644591615,-0.16255317089109267,1.1071728906468996,-0.6026688283344765,0.010927152317880884,0.25365853658536586,0.1900826446280992,-0.010695187165775333,0.025157232704402288,0.10488639900404606,0.01961602671118534,-0.004443457009553398,0.2417815482502652,0.0
2010-06-30,0.008655413659627076,-0.04494592626792149,0.06771689113247947,0.02401035435971255,0.050162890567155394,0.06185525682826443,0.03846153846153855,0.08000000000000007,0.52237824208151,2.167708602428313,-1.0552007167422908,-1.763520804079521,1.1581024123397006,0.0324271208647231,-0.10505836575875493,-0.10416666666666663,0.015675675675675738,0.042944785276073594,-0.12957746478873244,0.018829308227588992,0.06203972327605434,-0.11443210930828351,0.0
2010-09-30,5.3574448842574895e-05,0.006753456332314611,-0.007742216677031233,0.0466307393265768,-0.7337869120221854,-0.786132259485308,-0.8148148148148149,-0.8148148148148149,-0.07205439335565722,0.35076087488378915,-5.270026178010471,-1.8445291931237415,-0.453199667567006,0.09644670050761439,0.5260869565217392,0.4263565891472867,-0.009579563597658325,0.08235294117647074,0.30048543689320395,0.01888308557653673,-0.008194998949359045,0.46769527483124396,0.09999999999999987
2010-12-31,0.08873805368084509,-0.1344633202119998,0.3120400878434384,0.06906217582272056,5.264268373427499,7.014239482200647,7.399999999999999,7.399999999999999,-0.031436128589998114,-0.37232314816491885,-29.76069031051712,-23.55738681948424,18.696038757480764,0.0057870370370369795,0.41880341880341865,0.4402173913043479,0.11123052122514787,0.016304347826086918,-0.34465596615652605,0.018533123028391163,0.21927966101694918,0.609724047306176,-0.09090909090909083
2011-03-31,0.312612741612744,0.5874278521121601,0.1407709359138518,-0.021669242476080375,-0.5060986351177097,-0.5310274445309173,-0.5952380952380951,-0.5952380952380951,0.0003805835614609787,4.535598861144242,2.5998518534308186,1.9997185148150631,2.8474179150979886,0.06588032220943618,-0.1506024096385542,-0.1283018867924528,0.04690522243713735,-0.042780748663101664,-0.2895386367951396,0.018583042973286945,-0.12701998262380543,-0.06244897959183682,-0.10000000000000009
2011-06-30,0.011051991205310863,0.016956090981224525,0.007490471254689934,0.4733151444807886,2.2636497225115204,2.4910841487279844,2.235294117647059,2.235294117647059,0.8887650423488422,5.410301944559802,-1.0906730435869052,-2.257627490708593,-0.9307517734194918,0.022402159244264697,0.3380614657210401,0.3203463203463204,0.005080831408776021,-0.022346368715083775,0.1125066809192945,0.018244013683010207,-0.0031847133757960666,0.29734436221158034,0.11111111111111116
2011-09-30,-0.014337883253420669,-0.029798286865771795,-0.0019409486253828545,-0.09010325226209626,-0.24726458849706456,-0.2539362222132533,-0.25454545454545463,-0.25454545454545463,-0.4554327391974218,-0.9223747597006138,-0.6764808641108611,-0.9376834552799429,-0.8375844028891584,-0.11589229144667368,0.21908127208480588,0.21967213114754092,-0.003676470588235392,-0.12,-0.3240451597405717,0.01791713325867872,0.012380191693290632,0.2328859060402686,0.0
2011-12-31,-0.0017719669687741302,0.008067640730948344,-0.010330554745147658,0.03515175230282086,-0.6060048201167281,-0.6269272151328088,-0.6341463414634146,-0.6585365853658536,-0.10944414883262166,-0.8971194708961452,0.20238191360516744,-0.950921783483542,-0.25309852875613015,0.11436249626754247,-0.15217391304347827,-0.17204301075268813,-0.014298892988929834,0.11688311688311681,-0.14427860696517425,0.017601760176017667,-0.00887573964497057,-0.1869896570495373,0.0
2012-03-31,0.01820056035925033,0.027785550131395942,0.010107841029627362,-0.0028068467943941355,1.8503625965450152,1.8236744163565182,1.8666666666666667,2.071428571428571,0.3587000874380648,0.05715837349806541,-2.331271194977,-28.648317773471906,9.36903838118546,0.0913719185423365,0.20512820512820484,0.2240259740259738,0.017781937295273664,0.11046511627906974,0.33181063122923593,0.018018018018018056,0.024477611940298738,0.13257448945430195,0.09999999999999987
2012-06-30,0.0036359853382610385,-0.037613139882241464,0.0419120832466191,0.011825424663025608,0.044699555279759995,0.1495518010692869,0.11627906976744184,0.11627906976744184,0.5932117038848488,8.066846465035638,-2.213616903220111,-1.5663531038261462,-0.5117334676548895,0.00613798183157388,-0.052482269503546064,-0.04244031830238715,0.017471264367816097,-0.015706806282722474,-0.16495166822575613,0.017699115044247815,0.03807303807303808,-0.02157848063848644,-0.09090909090909083
2012-09-30,0.016277221827738275,0.03119636184440977,0.0011327168901982265,0.023777072984826786,-0.02928364946739004,-0.028977450401306393,-0.04166666666666663,-0.06249999999999989,-0.20088998697333738,0.19391209507216822,-1.138167875475384,-0.5885009758758979,-0.4312763800136763,0.11444607125427053,0.029940119760479167,0.027700831024930705,-0.048802530501581454,0.09574468085106402,0.16803584764749813,0.017391304347825987,-0.014782934131736591,0.03081570996978855,0.0
2012-12-31,0.10156451542246914,0.0970240854229123,0.10855622069302595,0.05532911866274648,0.22905745813531309,0.22648482586937524,0.15217391304347827,0.19999999999999996,0.32230141279348956,3.933781394962569,55.43130029329924,-3.066662110442865,1.5671980596210457,-0.02058243923801195,0.2209302325581397,0.22102425876010767,0.10546318289786227,0.029126213592232997,-0.046675191815856776,0.017094017094017033,0.0062678062678063196,0.2526377491207503,0.0
2013-03-31,-0.009179960086475147,-0.02304203398074045,0.002846017012033686,0.02885470017337921,-0.04332691637486097,-0.04096509069085086,-0.037735849056603765,-0.05555555555555558,-0.31717619625569815,-0.9655175315939004,-1.2379608911372701,-2.3236109182060494,-0.8080250976085404,0.06326849988821825,0.02857142857142847,0.017660044150110465,0.0004297378599056323,-0.037735849056603765,-0.16063044936284365,0.017478991596638682,0.011891279728199367,0.03626579316799261,0.0
2013-06-30,0.01616917597467893,0.033836789014277446,0.0014451956883041461,2.9054620749979776e-05,-0.07452349458984753,-0.07424372139917512,-0.07843137254901966,-0.07843137254901966,0.6666759972008398,5.338476290097629,-1.033118090480404,-1.027502673315811,0.11708414831640268,0.025651808242220353,-0.01388888888888895,-0.017353579175705014,0.0,0.02941176470588247,-0.015581302437075562,0.01750908490254388,-0.01417645961574343,-0.01286972228494021,0.0
2013-09-30,-0.008093241337570167,-0.02315461314563716,0.0041202058253255736,0.05360228091515529,0.09538380794841639,0.09510240678236626,0.08510638297872353,0.08510638297872353,-0.23841434057751953,-1.4042659698824176,-36.795214340069336,-1.6722383720930232,-0.06966148284821327,-0.11459614596145973,0.015258215962441257,0.01986754966887405,0.0017182130584192379,-0.11428571428571432,-0.11038961038961037,0.016883116883116944,0.012298959318826963,0.008462946020128204,0.0
2013-12-31,0.009369814005966592,0.011667311261349456,0.007808298664557345,-0.03785402549461536,0.2538501685518233,0.2546660265258356,0.2549019607843137,0.2549019607843137,0.12213041848293504,-0.474040862424395,-0.6887280028345341,-68.87621621621622,5.082405795928279,-0.08798332947441534,0.05317919075144517,0.05411255411255422,0.006003430531732468,-0.09139784946236562,-0.11496350364963515,0.016602809706258048,-0.0016822429906542258,0.04672261283737811,0.09999999999999987
2014-03-31,-0.01081855979342361,-0.027953896099351616,0.0035859297044753546,0.012658421337226056,-0.11594875381702174,-0.11836373513363918,-0.12499999999999989,-0.12499999999999989,-0.1903854153360388,-1.602165420536569,2.4258633904247326,-1.9987098932078267,-0.8345133685569411,-0.041127189642041095,0.02524698133918757,0.026694045174538106,0.0012787723785165905,-0.047337278106508784,-0.08608247422680404,0.017273869346733584,0.014604006740310815,0.022101841820151735,0.0
2014-06-30,0.014376133194767604,0.03177710241919751,-0.00015071893956308813,0.011564325499252792,-0.155246207223931,-0.1536580545404519,-0.14285714285714302,-0.14285714285714302,0.458542525517738,6.274752422074714,-0.9611296932107654,-1.0172714876922708,0.08709638505770245,0.07651575324331472,0.0010706638115631772,0.005999999999999783,-0.001702852277564837,0.07453416149068315,0.051889452904681166,0.01667181228774317,-0.014209263701790098,-0.003815984736061151,0.0
2014-09-30,0.029821086191244683,0.05856584065441317,0.001207606115576132,0.1128793686499876,0.13143431482285228,0.13192549314089996,0.12500000000000022,0.12500000000000022,-0.23634210205145845,0.6891541930092397,-19.58747435605197,5.80078485687904,0.5448677640096171,0.023118544023610577,0.010695187165775444,0.001988071570576677,0.0004264392324093702,0.023121387283236983,0.018766756032171594,0.016702095353780644,-0.027892175215275206,-0.010640561821664174,0.0
2014-12-31,0.0301303116092686,0.06840502904812551,-0.003511330277890634,0.011548040855594133,-0.20621916060309953,-0.20655884922818035,-0.20370370370370372,-0.22222222222222232,0.3279201792842432,-0.030370944028865754,-0.11819187976932488,2.403788058789586,1.2005004130203156,0.030288461538461542,-0.09523809523809512,-0.10912698412698407,-0.006820119352088705,0.033898305084745894,0.01631578947368406,0.016129032258064724,-0.032543808973618416,-0.12690901269090127,0.0
2015-03-31,-0.016167476371014566,0.009250599715159957,-0.04117510675298508,0.01203423867658171,-2.223981727819801,-2.228422850442275,-2.2093023255813957,-2.238095238095238,-0.37070943848314686,-0.40812470477090224,-0.8201737002037397,-1.4651023644033148,-0.2537402752842609,0.044097060195986915,-0.5380116959064327,-0.5478841870824054,-0.0429184549356223,0.04918032786885229,0.15898498187467647,0.016460905349794164,-0.02547770700636942,-0.5582655826558266,0.0
2015-06-30,0.06295934037155426,0.12917760552407365,-0.005875975273163969,-0.005335704029692634,-1.6852676901593422,-1.6827793433465175,-1.6923076923076923,-1.6923076923076923,0.581784515882261,3.011081800625065,17.0062642589227,-0.5380789022298456,-0.1560107895312386,-0.0949720670391061,-0.1164556962025316,-0.15270935960591125,-0.008071748878923701,-0.05208333333333326,0.9669347631814122,0.016483516483516425,-0.06474673202614378,-0.1539319576129391,0.0
2015-09-30,-0.006942595234043503,-0.007496237669326056,-0.006355551034141538,0.0829931592080746,-0.30034872790126455,-0.3006959851685257,-0.3055555555555556,-0.3055555555555556,-0.2479789403107293,-0.9692302902074907,-1.2439140145170295,-1.2782677311548458,0.04083959575019436,-0.058518518518518414,-0.34957020057306587,-0.36627906976744184,-0.01175406871609408,-0.05494505494505497,0.08268968650613351,0.015931721194879067,0.0006551648831623069,-0.37574159525379036,0.0
2015-12-31,-0.03348465300255177,-0.0024703993585007966,-0.08105124908632699,0.015324802835460893,-6.0801043671226225,-6.208038523720947,-6.2,-6.2,0.2952819778276343,-1.3351679541920676,-0.3758066930208398,36.69841534612177,1.8755663994423144,-0.04878048780487798,-3.4669603524229076,-3.302752293577982,-0.08188472095150956,-0.03488372093023262,0.4922366764582462,0.01568188182581909,-0.049323439546049785,0.0,0.09090909090909083
2016-03-31,-0.011651457313289204,-0.011443553963025876,-0.012082653414733469,-0.04079720254597052,-1.198138046006235,-1.193205866841132,-1.1923076923076923,-1.1923076923076923,-0.24223309872067933,-13.205964653902798,1.499432270986579,-2.1143042981920512,-0.7267965367965368,-0.11276537082988702,-0.6267857142857143,-0.653386454183267,-0.015445939212755277,-0.036144578313252906,0.0,0.01599117728149979,-0.00045913682277309853,0.0,0.0
2016-06-30,-0.003937277708550568,-0.011195977182274719,0.005458171478429641,0.03338732985633186,1.5983430790826652,1.6034018071560614,1.6,1.56,0.4827617016048873,-1.0732337095869253,0.09577824052911654,-1.0865050529116287,0.23012729097343265,0.06929770043505279,-0.6650717703349283,-0.7126436781609196,0.0045546558704452345,0.08749999999999991,0.0,0.01546811397557657,0.00941662838768953,0.0,0.0
2016-09-30,0.0034138302651813834,0.015125957719311023,-0.01056099849910519,-0.011939423959793194,-0.4987024264459742,-0.4992152633761925,-0.5076923076923077,-0.5,-0.16714997677600774,-14.225224483071093,-0.601952897673724,-0.24530640348863897,0.14118505796479175,0.08979947689625112,-0.5142857142857143,-0.6799999999999999,-0.011586901763224189,0.08620689655172398,0.0,0.015499732763228247,-0.013879408418657535,0.0,0.0
2016-12-31,-0.25623656555936236,-0.15457993986279817,-0.39589161059997957,-0.7370107142311277,-0.6121586776859504,-0.6124672020354616,-0.625,-0.59375,-0.3503587362836127,-0.3991690596171694,0.015247768145943752,-3.3210875250897147,-0.2871601538102656,-0.124,-23.176470588235293,-40.625,-0.3960244648318043,-0.1164021164021164,0.0,0.08736842105263154,-0.18781725888324863,2.1077085533262934,-0.08333333333333326
2017-03-31,-0.05732481813079482,-0.11566194474064206,0.05295141408123705,1.8603442864947173,6.861185455413307,6.87127273970729,7.166666666666666,6.461538461538461,-0.10380558610480795,-18.782008749922245,6.89469022601426,-18.541049762846885,7.066230338857807,-0.05144596651445965,0.7254641909814323,0.6845425867507888,0.052320675105485215,0.5748502994011977,-0.6730877390326209,0.00895450145208132,0.11704545454545445,0.6659870880054366,0.0
2017-06-30,-0.05070676449198386,-0.07011419547583253,-0.023847406454811426,-0.0675379138830643,-0.9579676674364896,-0.9581145805050231,-0.9591836734693877,-0.9587628865979382,0.23471876310652462,-0.8586948473575063,-0.3113645297017117,-1.5559574175660011,-0.48703334842706714,0.014441591784338792,-0.1936971560338201,-0.21535580524344577,-0.024859663191659997,-0.03802281368821292,-0.34021505376344086,0.008875029983209437,0.02822990844354023,-0.20925963695696514,0.0
2017-09-30,-0.01407501821475865,-0.00294588533490614,-0.029921535196044458,-0.010687951051145284,-1.3950368879946344,-1.403879064460924,-1.5,-1.5,-0.13483603120020127,-1.832462072294724,-0.691987088577329,-0.3065197004425647,-0.6584210324901458,-0.049035115469788115,-0.10581506196377499,-0.13365155131264916,-0.030427631578947456,-0.02371541501976271,0.3422425032594525,0.00879695672848313,-0.016077170418006492,-0.13257673458859942,0.0
2017-12-31,0.013260854852614745,0.05511568538544198,-0.04165792119329659,-0.023708050032707595,6.666449000914196,6.557395993836672,5.0,5.0,0.013756198287018906,1.525567125786195,-1.7857882159545806,-0.6359860197304691,-0.3860270227878734,-0.12308715901530276,-0.21321961620469077,-0.19834710743801653,-0.04240882103477528,-0.09311740890688258,0.14327343370568224,0.00872024510959224,-0.05404725992961279,-0.335712161760333,0.18181818181818188
2018-03-31,-0.0014827737394453866,0.01096423710161254,-0.017867178016244045,0.08107675196668307,-1.6853599536642703,-1.6769118371646532,-1.6666666666666667,-1.6666666666666667,-0.0620669870185756,-1.0210532099865375,-1.8292316781435531,-1.3807055266967554,0.43508144471612953,-0.09635811836115327,-1.018970189701897,-1.0171821305841924,-0.018600531443755508,-0.05803571428571441,0.16312659303313515,0.00864485981308416,-0.016476215785277804,0.0,0.0
2018-06-30,-0.0438017337890102,-0.06428399067948287,-0.01206175375137497,-0.020129508323299183,1.2355836150328097,1.2459526618307772,1.375,1.375,0.2413592708142167,43.83967188665175,3.20760578843481,-0.88924926604222,0.03357690221076903,0.0016792611251048584,-9.428571428571429,-10.2,-0.011732851985559622,0.018957345971563955,0.0,0.008570766736159419,0.033234261010537836,-0.8478066248880931,0.0
2018-09-30,-0.027315324434573185,-0.07356636195365485,-0.014061647588195836,-0.028812631641717323,0.10483422650152319,0.10577664532135311,0.10526315789473673,0.10526315789473673,-0.20642273417929446,-0.3227881257275902,-0.2610443829441139,-4.329462257005806,-0.1081613069901336,0.10058675607711653,1.7711864406779663,1.7173913043478262,-0.014611872146118698,0.11627906976744184,6.377647918188459,0.008497932935231933,0.013598326359832491,1.6970588235294115,0.0769230769230771
2018-12-31,-0.027927711171191416,-0.16626683681769927,0.17220312953544425,-0.0309261395283561,7.368115446156324,7.389990499868615,7.380952380952381,7.142857142857142,0.11667632630249836,2.1057415445442436,1.247059177076701,-3.35858356081286,0.286046661332892,0.04226961157654219,5.061162079510703,5.368,0.15291936978683962,0.05833333333333335,-0.6236138613861386,0.008426326577089638,0.2058823529411764,5.249727371864776,0.0
2019-03-31,0.014227090141464949,0.047450177748429745,-0.018093717506395435,-0.013045377093992339,-0.926077628711752,-0.9259536761765259,-0.9261363636363636,-0.9239766081871345,-0.2651130028592481,-1.158416399389174,-1.007122336855356,-0.7811927342870921,0.04866782031663397,0.07855316039459259,-0.00908173562058523,0.04271356783919589,-0.018488745980707266,-0.06692913385826771,-0.8227015651716427,0.008355916892502258,-0.03187847667950361,0.04484383179200835,0.0
2019-06-30,0.06307158703270765,0.091283876958407,0.037266814713746044,0.12704916153468737,-1.2211973320318854,-1.2211973320318854,-1.2307692307692308,-1.2307692307692308,0.3997679433983681,4.794343542741629,83.04377420490553,0.38113429327064363,0.06409731882279135,0.05758807588075876,-0.1313645621181262,-0.09999999999999998,0.009828009828009687,0.08016877637130793,0.03412462908011871,0.008286674132139016,-0.024309392265193353,-0.10637942551770208,0.0
