Quarter end,Assets,Liabilities,Shareholders equity,Revenue,Earnings,Earnings available for common stockholders,EPS basic,EPS diluted,Cash from operating activities,Cash from investing activities,Cash from financing activities,Cash change during period,Cash at end of period,Price,ROE,ROA,Book value of equity per share,P/B ratio,P/E ratio,Cumulative dividends per share,Equity to assets ratio,Net margin,Asset turnover
1996-03-31,0.03328315426968831,0.034982557323224084,-0.0025017057084375516,-0.0768761439902379,0.48958333333333326,0.48958333333333326,0.4878048780487805,-0.5520361990950227,-1.352189781021898,-1.67203513909224,-2.375,-0.9833333333333333,0.006451612903225712,-0.005191693290734767,44.714285714285715,-0.018181818181818077,-0.0031982942430704986,0.11278195488721798,-0.9824354792472126,1.0,-0.03311258278145701,49.57142857142858,-0.08333333333333326
1996-06-30,0.03328315426968831,0.034982557323224084,-0.0025017057084375516,-0.0768761439902379,0.48958333333333326,0.48958333333333326,0.4878048780487805,-0.5520361990950227,-1.352189781021898,-1.67203513909224,-2.375,-0.9833333333333333,0.006451612903225712,-0.005191693290734767,44.714285714285715,-0.018181818181818077,-0.0031982942430704986,0.11278195488721798,-0.9824354792472126,1.0,-0.03311258278145701,49.57142857142858,-0.08333333333333326
1996-09-30,0.03798870417306954,0.04304587385732761,-0.0725034199726402,-0.0627891606080635,-4.797202797202797,-4.797202797202797,-4.795081967213115,-0.5520361990950227,-2.010362694300518,-1.0849673202614378,-0.4204545454545454,3.0,0.02564102564102555,0.10798875953432363,44.714285714285715,-0.018181818181818077,-0.07379679144385021,0.11278195488721798,-0.9824354792472126,0.4999999999999998,-0.10730593607305927,49.57142857142858,-0.08333333333333326
1996-12-31,0.04632718393401336,0.04369053455123906,0.11111111111111116,0.17524682651621992,-1.3775322283609577,-1.3775322283609577,-1.3758099352051836,-0.5520361990950227,1.2769230769230768,18.794871794871796,-2.8562091503267975,-13.0,-0.30000000000000004,0.16521739130434754,44.714285714285715,-0.018181818181818077,0.10739030023094687,0.2567567567567568,-0.9824354792472126,0.3333333333333335,0.0613810741687979,49.57142857142858,-0.08333333333333326
1997-03-31,0.024641675854465195,0.027041794478527503,-0.03075221238938053,-0.06450645064506455,-0.004878048780487809,-0.004878048780487809,-0.005747126436781658,-0.5520361990950227,0.2072072072072073,0.01683937823834203,0.0035211267605634866,-1.7083333333333335,0.3035714285714286,0.1377487562189057,44.714285714285715,-0.018181818181818077,-0.031803962460896784,0.026881720430107503,-0.9824354792472126,0.25,-0.053012048192771055,49.57142857142858,-0.08333333333333326
1997-06-30,0.08603683578128085,0.07742134196992745,0.22278018717187864,0.007697241821680523,1.8137254901960786,1.8137254901960786,1.809248554913295,-0.5520361990950227,-0.42910447761194026,-0.21401273885350314,0.05964912280701751,-1.3235294117647058,-0.07534246575342463,0.05821262640065572,44.714285714285715,-0.018181818181818077,0.219709208400646,0.09424083769633507,-0.9824354792472126,0.19999999999999996,0.12468193384223913,49.57142857142858,-0.08333333333333326
1997-09-30,0.04717752256082952,0.04516788523510873,0.0841889117043122,0.05219605346912792,-0.4790940766550522,-0.4790940766550522,-0.4794238683127573,-0.5520361990950227,0.4607843137254901,-0.520259319286872,-1.3576158940397351,-4.909090909090909,0.3185185185185184,0.08316115702479343,1.6625,-0.018181818181818077,0.0860927152317883,-0.1148325358851674,-0.9824354792472126,0.16666666666666674,0.036199095022624306,1.8079096045197738,0.0
1997-12-31,0.03872870197349232,0.03821798590965608,0.04769283746556474,0.13097398669086502,-0.14715719063545152,-0.14715719063545152,-0.14229249011857703,-0.5520361990950227,0.6912751677852349,0.8547297297297298,1.2222222222222223,-1.8837209302325582,-0.2134831460674157,0.031235097758703034,-0.03638497652582162,-0.018181818181818077,0.04959349593495932,-0.04864864864864871,-0.6484340538156154,0.14285714285714302,0.008733624454148492,0.007042253521126751,0.0
1998-03-31,0.0733853032039653,0.07502734290800817,0.042070665571076526,-0.0029419630917357775,0.03529411764705892,0.03529411764705892,0.032258064516129226,-0.5520361990950227,-0.7671957671957672,-0.15482695810564662,-1.925,0.6842105263157894,-0.4571428571428572,0.14820809248554911,-0.041818920016240324,-0.009259259259259411,0.0422153369481022,0.09090909090909083,0.10414052697616083,0.13124999999999987,-0.030303030303030276,-0.0009990009990008542,0.0
1998-06-30,0.025012198485266257,0.025338076177604085,0.015139567891499839,-0.06303648068669532,-0.10606060606060608,-0.10606060606060608,-0.5535714285714286,-0.5520361990950227,-0.27840909090909094,-0.9375,-1.135135135135135,-2.046875,0.881578947368421,0.10632299637535247,-0.2758474576271186,-0.28037383177570085,0.024526198439241975,0.0625,0.06136363636363629,0.11602209944751385,-0.008928571428571397,-0.2610000000000001,-0.09090909090909083
1998-09-30,-0.026795816430719932,-0.02797111630972471,-0.007767593599502853,0.04208416833667328,-0.09322033898305082,-0.09322033898305082,-0.07999999999999996,-0.08080808080808077,2.779527559055118,-4.413793103448276,18.6,-1.1194029850746268,-0.05594405594405594,-0.05060065526028401,-0.10181392627267405,-0.10389610389610393,0.016322089227421177,-0.07352941176470595,0.2558886509635976,0.10396039603960405,0.020270270270270174,-0.10148849797022996,0.0
1998-12-31,0.06782736913741272,0.07104590601226435,0.005636449037106583,0.14313186813186807,0.40654205607476634,0.40654205607476634,0.44565217391304346,0.4285714285714286,-0.7416666666666667,7.1313131313131315,0.6054421768707483,0.5,-0.0888888888888889,-0.08032975460122693,0.03387622149837144,0.01449275362318847,0.010706638115631772,-0.09523809523809523,0.0,0.09865470852017943,-0.05960264900662249,0.018072289156626287,0.0
1999-03-31,0.0021774921663391122,0.0029705587711486015,-0.014479215319944005,-0.20716173996635423,-0.2093023255813954,-0.2093023255813954,-0.21052631578947367,-0.19999999999999996,-1.9516129032258065,2.0683229813664594,1.5042372881355934,0.25,-0.12195121951219512,0.1165311653116532,-0.02520478890989286,-0.042857142857142816,-0.015183615819209018,0.10526315789473673,0.06052855924978684,0.0897959183673469,-0.016431924882629123,0.002958579881656931,0.0
1999-06-30,0.041752782193958726,0.0462090156827657,-0.05260663507109009,0.015156107911488359,-0.09663865546218486,-0.09663865546218486,-0.09523809523809534,-0.10576923076923073,-2.898305084745763,-0.9825910931174089,-0.926818950930626,-7.2,0.8611111111111112,0.1405899925317402,-0.004524886877828149,-0.029850746268656803,-0.04876299749013979,0.15873015873015883,0.15836012861736348,0.08614232209737827,-0.09069212410501193,-0.01179941002949847,0.0
1999-09-30,-0.023591054475623596,-0.02311165328542164,-0.03735200933800231,0.028366676619886455,-0.1348837209302326,-0.1348837209302326,-0.12631578947368416,-0.11827956989247324,0.46875,1.558139534883721,1.9190751445086707,-1.7096774193548387,-0.32835820895522383,-0.15845473890980533,-0.00454545454545463,-0.06153846153846143,-0.018092725216735772,-0.11415525114155256,-0.14642609299097842,0.07931034482758625,-0.013123359580052507,-0.014925373134328401,-0.10000000000000009
1999-12-31,0.08790450202861555,0.09371755108689017,-0.053178589987874614,-0.0023228803716608404,0.19892473118279574,0.19892473118279574,0.20481927710843384,0.2195121951219512,0.38601823708206684,-4.127272727272727,-0.8772277227722772,-1.7121212121212122,0.3481481481481481,-0.11729235557284567,-0.04566210045662089,-0.09836065573770503,-0.022264875239923265,-0.1030927835051546,-0.09756097560975618,0.07667731629392982,-0.13031914893617025,-0.034848484848484795,0.0
2000-03-31,0.03202614770339607,0.03172702226414148,0.038236370289059574,0.01833527357392306,0.06726457399103136,0.06726457399103136,0.10000000000000009,0.10000000000000009,-0.30043859649122806,-3.796511627906977,19.06451612903226,-0.276595744680851,0.18681318681318682,-0.09519612163948876,0.028708133971291794,-0.036363636363636265,0.036906164114644646,-0.07471264367816088,-0.024324324324324298,0.07121661721068251,0.006116207951070374,-0.014128728414442904,-0.11111111111111105
2000-06-30,-0.0028770134743998366,-0.003921356356266004,0.1080176211453745,0.004286939125464517,-0.10504201680672265,-0.10504201680672265,-0.10909090909090913,-0.11818181818181828,0.8119122257053291,-2.8232848232848236,-1.9437299035369775,-1.1176470588235294,-0.01851851851851849,0.31831466147101795,-0.0146179401993356,-0.018867924528301883,0.06134040136312002,0.27329192546583836,0.29824561403508776,0.06648199445983383,0.11246200607902734,-0.014331210191082744,0.0
2000-09-30,0.031069486053343365,0.029495764323710816,0.0725190839694656,0.07882754695503702,0.1737089201877935,0.1737089201877935,0.13265306122448983,0.12371134020618557,0.19896193771626303,-0.5250855188141391,-0.8551959114139693,-6.75,0.10849056603773577,0.20192130057269542,0.031018206338503163,0.03846153846153855,0.06707099536211203,0.13170731707317085,0.18918918918918903,0.06233766233766236,0.03825136612021862,0.048465266558966213,0.0
2000-12-31,-0.03223768096318114,-0.037735627734572064,0.10676156583629903,0.028488525455025115,0.09200000000000008,0.09200000000000008,0.09909909909909898,0.08256880733944949,0.0966810966810967,-0.4549819927971188,-2.8117647058823527,-1.3478260869565217,-0.03404255319148941,0.11251152782047336,-0.026160889470241977,0.03703703703703698,0.05449682380474763,0.0431034482758621,0.04066985645933019,0.06112469437652801,0.14473684210526305,0.02003081664098616,0.0
2001-03-31,-0.03513047128232638,-0.04271399663554132,0.13156484458735274,-0.045396255450115386,-0.1208791208791209,-0.1208791208791209,-0.14754098360655732,-0.13559322033898302,-0.5973684210526315,3.182819383259912,-6.334415584415584,-7.25,0.22026431718061668,-0.1510085659021828,-0.09402283411685708,0.017857142857142794,0.1296766011414079,-0.19421487603305787,-0.18620689655172407,0.05760368663594462,0.17241379310344818,-0.012084592145015005,0.125
2001-06-30,0.07504863872004641,0.07887431554819813,0.003907174994079998,0.03358409457281031,-0.05833333333333335,-0.05833333333333335,-0.08653846153846156,-0.07843137254901966,0.2287581699346406,-0.4791995787256451,-0.595861229458308,-0.06000000000000005,0.16967509025270755,0.03612693246541898,-0.0578206078576724,0.0,0.0,-0.08205128205128198,0.05579096045197729,0.05446623093681913,-0.06470588235294117,-0.00917431192660556,0.0
2001-09-30,-0.04111236630753057,-0.04486332090080736,0.03384833117112862,-0.032492851572654025,-1.4557522123893805,-1.4557522123893805,-1.4526315789473685,-1.4574468085106382,0.0026595744680850686,0.20626895854398386,0.2243975903614457,-0.9787234042553191,0.0030864197530864335,-0.06250981623998753,-0.39653815892997635,-0.3508771929824561,0.003367948358125039,-0.06145251396648055,-0.056187290969899606,0.051652892561983466,0.07756813417190789,-0.3533950617283951,0.0
2001-12-31,0.062281668346892305,0.06412886324036426,0.028177047684234457,0.036002149382052595,-2.3980582524271847,-2.3980582524271847,-2.3488372093023253,-2.3488372093023253,2.2997347480106103,0.21961441743503762,-0.6986469864698647,27.0,0.08615384615384625,-0.02211425699447145,-0.23859191655801826,-0.21621621621621634,0.023776223776223793,-0.029761904761904767,0.5265768958185684,0.05108055009823187,-0.03307392996108949,-0.2004773269689737,0.0
2002-03-31,0.020409627120140383,0.021326752794309733,0.002884722068123846,0.011410788381742698,1.0277777777777777,1.0277777777777777,1.0517241379310347,1.0172413793103448,-0.6889067524115755,-0.46735395189003437,0.5755102040816327,-1.0714285714285714,-0.005665722379603388,0.10073667980126788,0.08390410958904093,0.06896551724137945,-0.0019125683060109422,0.07975460122699385,0.41364902506963785,0.048598130841121634,-0.01609657947686116,0.08955223880596996,0.0
2002-06-30,-0.02865840799839947,-0.03363881340322228,0.06825976324814698,-0.0038461538461538325,-0.3664383561643836,-0.3664383561643836,-0.3697478991596639,-0.36752136752136744,0.8785529715762275,0.8825806451612903,0.7927461139896372,19.0,-0.09116809116809121,-0.0038910505836575737,-0.10268562401263814,-0.06451612903225812,0.06734191075828089,-0.005681818181818232,-0.06995073891625614,0.04634581105169344,0.10020449897750505,-0.0767123287671232,0.0
2002-09-30,-0.022812672222314978,-0.03168001129538012,0.133285004142502,0.019562419562419553,0.43243243243243246,0.43243243243243246,0.41333333333333333,0.43243243243243246,0.34525447042641,1.4304318026045237,2.846820809248555,-3.35,0.2946708463949843,-0.22171874999999996,0.6144366197183098,0.6896551724137931,0.10002564760194921,-0.26857142857142857,-0.14618644067796616,0.04429301533219765,0.1579925650557621,0.685459940652819,0.0
2002-12-31,0.03705159537196856,0.04078470922744182,-0.01909896737640504,0.05049229992426163,-0.026415094339622636,-0.026415094339622636,-0.047169811320754707,-0.05660377358490576,-0.43047034764826175,-0.7619853355893965,-0.9064613072877535,-1.3829787234042552,-0.0871670702179177,-0.12186307970287091,0.08069792802617215,0.12244897959183665,-0.020051294007927267,-0.203125,-0.49048800661703884,0.04404567699836881,-0.052969502407704594,0.10739436619718301,0.0
2003-03-31,0.03633207538878169,0.046150523323351456,-0.12036519470840323,0.04085556356645048,-6.406976744186046,-6.406976744186046,-6.405940594059406,-6.46,0.19748653500897673,0.9040284360189574,3.883534136546185,-8.722222222222221,0.7374005305039788,-0.07407407407407407,-1.6801210898082746,-1.690909090909091,-0.12110397335236744,-0.05882352941176472,-0.17207792207792216,0.04218749999999982,-0.15254237288135597,0.0,0.0
2003-06-30,0.10147516392182632,0.09534358173143986,0.21785638635882232,0.08104363888247512,-1.3634408602150538,-1.3634408602150538,-1.3461538461538463,-1.3443223443223444,0.0029985007496251548,1.3478531425015556,1.3651315789473686,-1.8129496402877698,-0.3450381679389313,0.08666666666666667,-0.4910979228486647,-0.5,0.10232809962100697,0.23958333333333326,0.0,0.040479760119940034,0.10599999999999987,0.0,0.0
2003-09-30,0.017151024297284323,0.018945298570569813,-0.013479432994173424,0.056599743699273786,-0.3234714003944773,-0.3234714003944773,-0.35978835978835977,-0.36170212765957444,1.304932735426009,-0.6042936655181553,-0.9920027816411683,-1.2964601769911503,0.1561771561771561,0.19995455578277666,-0.22157434402332354,-0.21052631578947367,-0.015225933202357544,0.09243697478991608,0.0,0.03890489913544659,-0.02893309222423157,0.0,0.0
2003-12-31,0.06854493411870455,0.07095754945730692,0.02600493653032432,-0.035172832019405686,0.32361516034985427,0.32361516034985427,0.3305785123966942,0.3583333333333334,-0.3398184176394293,0.01406563965170804,20.434782608695652,-1.5074626865671643,-0.06854838709677424,0.061541374739632726,-0.6891385767790262,-0.7333333333333334,-0.0037406483790523026,0.07692307692307687,0.0,0.03883495145631066,-0.040968342644320255,0.0,0.0
2004-03-31,0.05052401340695045,0.04440886216587159,0.1630724289028267,0.20092185208464275,0.25110132158590304,0.25110132158590304,0.21739130434782594,0.18404907975460127,-0.9027504911591355,-1.2549537648612945,-1.6227180527383367,-6.176470588235294,0.38095238095238093,0.11933642525865129,-19.783132530120483,-22.25,0.16045056320400497,0.12142857142857144,0.0,0.03738317757009346,0.10873786407766994,0.4785373608903021,0.0
2004-06-30,0.012467125227594522,0.01886227411085839,-0.09322597325847681,-0.05024424284717377,-0.23767605633802813,-0.23767605633802813,-0.24489795918367352,-0.24352331606217614,4.373737373737374,-1.494818652849741,-0.07491856677524433,-0.6761363636363636,0.08934169278996862,0.03442231075697211,-0.05452212957023739,-0.07058823529411762,-0.09685073339085426,-0.10828025477707015,-0.04117647058823526,0.03603603603603611,-0.1050788091068301,-0.07526881720430112,0.0
2004-09-30,0.026088368259360006,0.021461129122120504,0.1120162932790223,-0.005143277002204294,0.14087759815242484,0.14087759815242484,0.1351351351351351,0.1369863013698629,0.8308270676691729,7.549738219895287,-3.75,1.1754385964912282,0.17841726618705045,-0.02264674164227387,0.03527815468113982,0.03797468354430378,0.10986386434201112,0.08571428571428585,0.042944785276073594,0.034782608695652195,0.08414872798434447,0.06046511627906992,0.0
2004-12-31,0.053738706392577384,0.054363744905277844,0.04307692307692301,0.1264771048744462,0.25506072874493935,0.25506072874493935,0.2619047619047621,0.24698795180722888,0.05646817248459968,-0.41028781383955915,-0.6325224071702945,1.653225806451613,0.4017094017094016,-0.03373266078184112,0.032110091743119185,0.04878048780487787,0.03615235635894121,-0.13157894736842102,-0.09999999999999998,0.034813925570228,-0.010830324909747224,0.021929824561403466,0.0
2005-03-31,0.0064873813694728,0.006973608638802142,-0.0018963337547408532,-0.01802983117521717,0.0741935483870968,0.0741935483870968,0.06603773584905648,0.06763285024154597,-0.35276967930029157,-0.01661474558670817,0.975609756097561,-0.11550151975683887,0.25348432055749126,0.14045676998368672,0.03365079365079371,0.023255813953488413,-0.004984423676012484,0.0984848484848484,0.06971677559912859,0.0336426914153134,-0.007299270072992803,0.03433476394849788,0.0
2005-06-30,0.026631474255986554,0.022584129218596427,0.09703750615720219,0.011016524787180737,-0.09609609609609615,-0.09609609609609615,-0.10176991150442483,-0.10407239819004521,0.14564564564564564,0.0052798310454065245,-1.3403880070546736,-2.4158075601374573,-0.2863099374565671,0.021170075811758116,0.014742014742014753,0.045454545454545414,0.08662074723439805,0.02758620689655178,-0.01731160896130346,0.032547699214365844,0.06801470588235303,0.04875518672199175,0.0
2005-09-30,0.045021648247647095,0.0489058198044241,-0.017960230917254627,0.20488690771008744,-0.10465116279069764,-0.10465116279069764,-0.1133004926108373,-0.11111111111111105,0.9895150720838795,0.865546218487395,-4.632124352331607,-2.1019417475728153,0.4420642648490749,0.08516598963440258,-0.009685230024213176,-0.010869565217391242,-0.020937379946215917,0.0,0.013471502590673534,0.03152173913043499,-0.06024096385542166,-0.05637982195845692,0.11111111111111116
2005-12-31,0.01815556308273769,0.01914729120702985,0.0009797517962115698,0.060153466703206426,-0.13358070500927643,-0.13358070500927643,-0.13888888888888884,-0.1477272727272727,-0.48287220026350464,-0.3327702702702703,-0.7075606276747504,-1.4581497797356828,-0.14044564483457123,0.05047115012262804,-0.08007334963325186,-0.08791208791208793,-0.005885815185403098,0.0738255033557047,0.03783231083844596,0.03161222339304515,-0.016483516483516536,-0.11949685534591192,0.0
2006-03-31,0.03438192725095157,0.036017200035525,0.0055464926590538255,-0.1543233811554866,0.5588865096359743,0.5588865096359743,0.5096774193548386,0.5599999999999998,0.7426751592356688,0.05147679324894505,-1.078048780487805,-1.5817307692307692,0.09505106048703849,0.032563283362005535,0.0073089700996678,0.0,0.003355042431419042,0.03749999999999987,0.11133004926108359,0.04085801838610825,-0.027932960893854664,0.005952380952380931,0.0
2006-06-30,-0.0014794752433346936,-0.0014644687728823103,-0.0017521090201167988,-0.24025676295277398,-0.34615384615384615,-0.34615384615384615,-0.3504273504273504,-0.3504273504273504,-0.1549707602339181,0.7199036918138042,-40.5625,-3.5867768595041323,-0.2245337159253945,0.02844222301558963,-0.05079155672823221,-0.08433734939759041,-0.0055074744295829925,0.024096385542168752,0.010638297872340496,0.03925417075564286,0.0,-0.015384615384615441,-0.10000000000000009
2006-09-30,0.03341719276593724,0.026849814884369883,0.1527660404342457,0.4900422450211226,0.5924369747899159,0.5924369747899159,0.5723684210526316,0.5723684210526316,0.09169550173010377,-0.3275781614559029,-0.22590837282780407,-1.8753993610223643,0.2534690101757633,-0.029738486461467373,0.057678943710910424,0.07894736842105265,0.10660601265822778,-0.02352941176470591,0.033333333333333215,0.037771482530689404,0.11494252873563204,0.09495192307692313,0.0
2006-12-31,0.07190430257813474,0.07236441035180685,0.06445609879884961,0.02322127717024447,0.03298153034300788,0.03298153034300788,0.09623430962343105,0.012552301255229992,0.46751188589540416,0.7904233171408743,0.6489795918367347,-0.7481751824817517,0.05092250922509223,0.06344663088849134,0.07030223390275947,0.09756097560975596,0.0536193029490617,-0.04216867469879504,-0.02292020373514425,0.04549590536851689,-0.0068728522336770626,0.1372118551042809,0.0
2007-03-31,0.01836797159560466,0.019575485488932287,-0.0013244331426149891,-0.10819369309935345,0.11877394636015315,0.11877394636015315,0.04580152671755733,0.11983471074380159,-0.2953563714902808,-0.5364341085271318,-0.6633663366336633,4.304347826086956,0.2570224719101124,0.0570819782438039,0.0024554941682013443,0.022222222222222365,0.009838846480067831,0.0062893081761006275,-0.05560382276281495,0.04351610095735414,-0.01903114186851207,0.04536679536679533,-0.11111111111111105
2007-06-30,0.038877584450168534,0.04185942777034346,-0.01076865948756034,0.1333037431572719,-0.2842465753424658,-0.2842465753424658,-0.27737226277372273,-0.2767527675276753,0.25823754789272035,0.6404682274247491,-0.2279411764705882,-1.453551912568306,-0.09273743016759772,0.07065563335455116,0.006123698714023185,0.01086956521739113,-0.013942549974802598,0.0625,0.02667893284268641,0.04170141784820691,-0.04761904761904756,-0.04432132963988922,0.125
2007-09-30,0.03127187932161801,0.03213169499507651,0.01619476619476612,-0.23981723237597907,0.35725677830940983,0.35725677830940983,0.36363636363636376,0.3673469387755104,-0.013398294762484775,-0.11009174311926606,-0.080952380952381,-2.975903614457831,0.20197044334975378,-0.0818470075307175,0.013998782714546465,-0.010752688172043001,0.028620102214650833,-0.07058823529411762,-0.12455197132616491,0.04003202562049646,-0.014814814814814947,0.08985507246376812,-0.11111111111111105
2007-12-31,0.010957904924885353,0.01082058043584544,0.013403693931398397,-0.025588184784475332,-0.30082256169212696,-0.30082256169212696,-0.30000000000000004,-0.29850746268656725,-0.12098765432098768,-0.2714776632302406,-1.911917098445596,-0.8201219512195121,0.030225409836065475,0.00010792143319671155,-0.06422569027611036,-0.07608695652173902,0.012918184829413537,-0.03164556962025322,-0.028659160696008157,0.040800615858352485,0.001879699248120259,0.00886524822695045,-0.12499999999999989
2008-03-31,-0.044935495239495915,-0.04345506614256778,-0.0712351593418038,-0.727881565033486,-0.7563025210084033,-0.7563025210084033,-0.7566137566137566,-0.7553191489361701,-0.6018258426966292,0.4308176100628931,-8.670454545454547,3.016949152542373,0.11785181501740438,-0.1853890147836409,-0.23733162283515075,-0.2588235294117648,-0.07341399607586652,-0.1960784313725491,-0.13804004214963128,0.03920118343195278,-0.02814258911819889,-0.0588752196836555,-0.14285714285714302
2008-06-30,-0.030008600450942557,-0.028547614086267936,-0.05673917918815874,3.8594559585492227,2.7448275862068967,2.7448275862068967,2.782608695652174,2.760869565217391,1.9876543209876543,0.371978021978022,-0.517037037037037,-1.6919831223628692,-0.07295373665480431,-0.04821830706053787,-0.014297729184188479,-0.031746031746031744,-0.014646197282512707,0.03252032520325199,0.2579462102689487,0.037722419928825524,-0.027027027027026973,-0.029878618113912125,0.0
2008-09-30,-0.06696321591181409,-0.0570570570570571,-0.25362577270565856,0.0,-5.845303867403315,-5.845303867403315,-6.022988505747127,-6.0520231213872835,-0.6003541912632822,-1.1073287945534642,-2.484662576687117,-0.2621951219512195,-0.058061420345489445,-0.2434237995824634,-1.6928327645051193,-1.6557377049180326,-0.25179083094555876,-0.2362204724409449,-0.21768707482993188,0.036351165980795574,-0.20039682539682535,0.0,0.0
2008-12-31,-0.07673563735011313,-0.06895640421773808,-0.2619256191765549,0.0,-0.693652603572786,-0.693652603572786,-0.6899313501144164,-0.6899313501144164,0.8522895125553915,-18.828358208955223,-4.347107438016529,0.25619834710743805,-0.07743250127356083,-0.6039367181751287,1.3977832512315276,1.15,-0.3178554332216371,-0.4639175257731959,0.0,0.021178027796161514,-0.20099255583126552,0.0,0.0
2009-03-31,-0.03969288866170806,-0.036052674128235984,-0.15192058696590416,-0.28108756497401044,0.5,0.5,0.3911439114391144,0.3911439114391144,-0.1945773524720893,-0.7884051904562579,-0.9611111111111111,-1.263157894736842,0.022087244616234125,-0.45889456572224807,0.8125321006676938,0.5813953488372092,-0.15263157894736845,-0.21153846153846156,0.0,0.003240440699935343,-0.11490683229813659,0.0,0.0
2009-06-30,0.04899915993163573,0.02965920061428129,0.7101781170483461,0.41583240637745633,-0.9875930521091811,-0.9851116625310173,-0.9840848806366048,-0.9840848806366048,-0.03366336633663369,1.5182987141444113,16.555555555555557,16.675,0.3819556996218261,0.10815450643776825,0.31482006234060655,0.17647058823529416,0.3275362318840582,0.29268292682926833,0.0,0.00322997416020665,0.27368421052631575,0.0,0.0
2009-09-30,0.09326889886089051,0.08326515540946566,0.29861627733968166,-0.3151761162760246,13.666666666666666,14.666666666666666,12.166666666666668,12.166666666666668,-0.2223360655737705,-0.8963079340141398,-1.2920433996383363,-1.1994342291371995,-0.0551211884284597,0.5027110766847405,-0.5267241379310346,-0.51875,0.1821584529008109,0.15094339622641506,0.0,0.003219575016097931,0.26170798898071634,0.0,0.0
2009-12-31,-0.028425738822935087,-0.03146648665448015,0.0234303391384052,0.2313575525812619,-3.5318181818181817,-2.975177304964539,-2.632911392405063,-2.632911392405063,-0.6982872200263505,-3.643939393939394,0.8095975232198143,0.950354609929078,-0.11377741001241204,0.3494845360824743,-0.6370673952641166,-0.6103896103896104,0.0237467018469657,0.13114754098360648,0.0,0.003209242618742003,0.05676855895196509,0.0,0.3333333333333335
2010-03-31,0.03108375552861875,0.03318922238745725,-0.0013993842709207893,-0.018788819875776408,-0.42728904847396765,-1.2944344703770199,-1.3255813953488371,-1.3255813953488371,1.1310043668122272,-0.8581661891117478,-0.44225834046193324,-0.7709090909090909,-0.02941176470588236,-0.027501909854851014,-1.0815558343789209,-1.7,0.0030927835051548502,-0.04347826086956508,0.0,0.0031989763275750427,0.12603305785123964,-0.9653512993262753,0.0
2010-06-30,-0.009871344734337262,-0.013969316261579823,0.05891255605381174,-0.4720683652476658,-0.7617554858934169,-1.3963414634146343,-1.3571428571428572,-1.3333333333333335,0.459016393442623,14.16161616161616,1.0168711656441718,-15.587301587301587,0.442039442039442,0.0164964650432049,0.6615384615384616,0.09523809523809534,0.060123329907502576,0.0,159.7453416149068,0.0031887755102040227,0.071559633027523,1.3055555555555558,-0.12499999999999989
2010-09-30,-0.0007130351742797858,-0.007593333310754291,0.10682335503679008,1.0002997601918464,7.7631578947368425,9.092307692307692,8.866666666666667,8.571428571428571,0.4676966292134832,-2.256495669553631,-0.6745247148288973,-2.4047878128400435,-0.43062041360907266,-0.16499227202472955,4.8240740740740735,1.2608695652173911,0.10954920019389247,-0.21212121212121215,-0.9240880989180834,0.0031786395422759295,0.1095890410958904,4.8915662650602405,0.0
2010-12-31,0.014079751278963881,0.017125286246190585,-0.028600124348366784,-0.0926120185823468,-0.07057057057057059,-0.07317073170731703,-0.08108108108108103,0.18656716417910446,0.018181818181818077,-0.9215270413573701,0.30841121495327095,-1.2749806351665376,0.2079671939074399,0.14946783896344296,-0.02225755166931631,0.019230769230769384,-0.029707295762341657,0.03846153846153855,-0.8923953985544131,0.003168567807351197,-0.04166666666666663,0.0633946830265848,0.0
2011-03-31,0.01316806242264712,0.011757008405053115,0.033873270641524345,0.041783649876135476,-0.17447495961227788,-0.17598684210526316,-0.1691176470588237,-0.3647798742138365,-0.5545112781954887,-2.7162162162162162,-0.19464285714285712,-0.2816901408450704,0.12366634335596505,0.11795491143317238,0.5089430894308942,0.1132075471698113,0.03354344889689309,0.16666666666666652,-0.008514664143803197,0.006317119393556503,0.020933977455716457,0.573076923076923,0.0
2011-06-30,-0.01571597765224564,-0.019052261896471134,0.032192009143292566,-0.1437856689917565,-0.9530332681017613,-0.9740518962075848,-0.9734513274336283,-0.9702970297029703,0.03375527426160341,-5.177165354330708,-1.2926829268292683,-2.6431372549019607,-0.1808372895986189,-0.049693914296002895,-0.061422413793103425,-0.03389830508474567,0.03267262034415164,-0.09523809523809534,-0.38263358778625955,0.006277463904582614,0.0488958990536279,-0.11002444987775051,0.1428571428571428
2011-09-30,-0.037392627311643056,-0.04387174858178322,0.05102652825836218,-0.1631179411220144,-1.0,-1.7692307692307692,-1.6666666666666667,-1.6666666666666667,0.346938775510204,-0.9161168708765316,-0.3939393939393939,-2.649164677804296,0.36406743940990527,-0.18757104964001514,-0.38920780711825487,-0.3508771929824561,0.05167686142164096,-0.21052631578947356,-0.1653786707882534,0.00623830318153451,0.09323308270676689,-0.31456043956043955,-0.12499999999999989
2011-12-31,-0.005019666359073027,-0.005880127432226545,0.0056626135814934475,0.24557522123893816,inf,-12.6,-14.0,-13.5,-0.015151515151515138,2.2134831460674156,-5.625,-1.0115774240231548,-0.0030899961375048246,-0.17957089552238814,-0.4586466165413534,-0.43243243243243246,0.01845166466105108,-0.22222222222222232,0.248148148148148,0.0061996280223186595,0.011004126547455195,-0.4308617234468938,0.0
2012-03-31,0.021324458008840308,0.028880969148580515,-0.07140986468790922,0.36074600355239794,-0.2440944881889764,-0.2586206896551724,-0.23076923076923073,-0.28,0.7538461538461538,3.77972027972028,-0.37027027027027026,64.25,-0.202247191011236,0.09152927799886301,-0.6701388888888888,-0.6190476190476191,-0.07463568333989756,0.08571428571428585,1.2433234421364983,0.006161429451632561,-0.09251700680272112,-0.6901408450704225,0.1428571428571428
2012-06-30,-0.02115936988806888,-0.025090398722318663,0.03229293973864822,-0.4029500065265631,-2.052083333333333,-2.302325581395349,-2.3,-2.4444444444444446,-0.9157894736842105,-0.8653986832479883,-2.467811158798283,-1.5344827586206895,0.13550267119961146,-0.009375000000000022,-0.6105263157894736,-0.5,0.045115982123856035,0.05263157894736836,1.8591269841269842,0.006123698714023407,0.05547226386806603,-0.5909090909090909,-0.12499999999999989
2012-09-30,0.015606443908585232,0.013201378645183226,0.04649150767269261,0.4083952776563182,-1.1287128712871288,-1.0267857142857142,-1.0384615384615385,-1.0384615384615385,9.166666666666666,0.6902173913043479,-1.9532163742690059,0.3154121863799284,0.15697177074422575,-0.04679284963196639,0.16216216216216206,0.0,0.04601914070454072,-0.07500000000000007,1.7959750173490634,0.006086427267194328,0.03125,0.05555555555555558,0.1428571428571428
2012-12-31,-0.03306545392117799,-0.033852571752543414,-0.023279087981898927,0.20071406395529334,-4.538461538461538,-20.0,-14.0,-14.0,-0.5194672131147541,1.234726688102894,-0.9662576687116564,-1.773841961852861,-0.10499075785582257,0.16602316602316614,-1.86046511627907,-1.25,-0.02394393614950352,0.10810810810810811,-0.028377595764044083,0.006049606775559546,0.009641873278237068,0.0,0.125
2013-03-31,-0.004998107285109854,0.0001267812769409904,-0.06802690782732657,0.1865546218487395,4.239130434782608,3.4035087719298245,3.461538461538461,3.461538461538461,-0.603411513859275,-1.441726618705036,76.45454545454545,0.5352112676056338,-0.1800908715406857,0.17123935666982026,4.243243243243243,10.999999999999998,-0.10909453530115676,0.19512195121951215,0.0,0.006013229104028905,-0.06412005457025938,0.0,0.0
2013-06-30,-0.007366482504604033,-0.0010177435069050889,-0.09115678776290626,-0.4045543691436043,-0.2116182572614108,-0.24302788844621515,-0.27586206896551724,-0.27586206896551724,0.19354838709677424,2.9478827361563518,0.7828638497652582,-0.6743119266055047,-0.12342569269521408,0.13610662358642966,0.22164948453608235,0.2500000000000002,-0.0646966644280278,0.2857142857142858,0.0,0.005977286312014218,-0.05976676384839641,0.0,0.11111111111111116
2013-09-30,-0.03692259685991728,-0.039159596838517885,-0.0044706253615947045,0.032204940530649484,-2.542105263157895,-2.542105263157895,-2.5476190476190474,-2.428571428571429,1.2297297297297298,-0.8605610561056105,-0.28703094140882157,1.23943661971831,-0.1827586206896552,0.10024884464983996,-0.5696202531645569,-0.6000000000000001,0.013403542364767818,0.17460317460317465,0.0,0.00891265597147961,0.03410852713178292,0.0,0.0
2013-12-31,-0.021352576361081455,-0.022790818771484256,-0.0012151310228233347,0.05513206878213084,0.07167235494880542,0.07167235494880542,0.07692307692307687,-0.06666666666666654,-0.32525252525252524,11.171597633136095,1.1846722068328717,-0.6572327044025157,0.00421940928270037,0.08723747980613883,-1.8431372549019607,-2.0,0.00047236655644766756,0.06756756756756754,0.0,0.00883392226148394,0.01949025487256395,0.6578947368421053,-0.10000000000000009
2014-03-31,-0.017852773099566677,-0.02251147776460638,0.04596667548267663,-0.2505040322580645,0.5764331210191083,0.5764331210191083,0.5714285714285716,0.8392857142857142,0.04491017964071853,-0.9047156052503647,-0.7104818258664413,0.31192660550458706,-0.10014005602240894,0.015156017830609159,4.534883720930233,4.333333333333334,0.03800755429650615,0.025316455696202445,0.817949591280654,0.008756567425569406,0.06617647058823506,5.73015873015873,-0.11111111111111105
2014-06-30,-0.06672211576158849,-0.07056713635052869,-0.017497724284413874,0.03474557274153778,-1.9434343434343435,-1.9434343434343435,-1.9454545454545453,-1.970873786407767,-0.5386819484240688,6.821428571428571,0.9781021897810218,-2.5874125874125875,0.1766536964980545,0.019613583138173407,-0.3067226890756303,-0.28125,-0.013190811917216272,-0.024691358024691357,-0.9078220140515223,0.00868055555555558,0.052413793103448514,-0.27594339622641506,0.0
2014-09-30,-0.029888541220903564,-0.02983615615105084,-0.030522956557545777,0.033145580589254875,-1.8308351177730193,-1.8308351177730193,-1.8557692307692308,-1.8599999999999999,1.391304347826087,-0.8760600130463144,0.20738007380073809,-5.722466960352423,-0.7089947089947091,0.028710881424059753,0.15151515151515138,0.21739130434782616,0.005992164093108876,0.05063291139240489,0.529979674796748,0.010327022375215211,-0.001310615989515096,0.2019543973941369,0.0
2014-12-31,-0.008445973290165942,-0.008639081768996526,-0.006105654366870161,-0.00020968756552741663,-0.015463917525773141,-0.015463917525773141,0.0,0.0,1.5740259740259739,-2.173684210526316,-0.511002444987775,-0.9617537313432836,-0.09318181818181814,0.08484510186994143,0.09473684210526323,0.1071428571428572,0.018785796105383668,0.07228915662650603,-0.10959814015277314,0.010221465076660996,0.002624671916010346,0.16260162601626016,-0.12499999999999989
2015-03-31,0.007946517123581298,0.0070262889263035255,0.019070512820512864,-0.03166946308724827,0.2225130890052356,0.2225130890052356,0.24719101123595522,0.2558139534883721,-0.5489404641775983,-2.3228699551569507,-0.22624999999999995,-3.4634146341463414,0.25313283208020043,0.05479804476459993,-0.0264423076923076,0.0,0.021587587137396058,0.03370786516853941,-0.1260723610593062,0.010118043844856706,0.010471204188481797,-0.04428904428904423,0.1428571428571428
2015-06-30,-0.024052478134110822,-0.022336023310207453,-0.04455627195051637,0.014728178470868603,-0.11563169164882225,-0.11563169164882225,-0.10810810810810823,-0.11111111111111116,0.48098434004474266,-0.41355932203389834,0.37156704361873993,-1.0693069306930694,-0.014000000000000012,0.019756097560975627,1.1777777777777776,1.1612903225806455,-0.03279771076381255,0.0,-0.008536064874092975,0.01001669449081799,-0.020725388601036343,1.1365853658536582,0.0
2015-09-30,-0.039693801344286794,-0.042837970672328085,-0.001261864267295798,-0.02625400213447171,-0.07748184019370463,-0.07748184019370463,-0.07070707070707061,-0.06249999999999989,0.34592145015105746,-0.21965317919075145,-0.012956419316843326,-25.571428571428573,0.34888438133874233,0.10691222195646977,0.00340136054421758,0.01492537313432818,0.011379153390987717,0.14130434782608692,-0.47008179078777446,0.011570247933884392,0.041005291005291156,0.006849315068493178,0.0
2015-12-31,-0.013415250612435314,-0.011925026612082612,-0.030872335750384505,-0.010740903112669842,0.10498687664042006,0.10498687664042006,0.11956521739130443,0.1333333333333333,-0.1515151515151515,-1.8740740740740742,0.0,-2.261627906976744,-0.3263157894736842,-0.013180639585133935,0.039548022598870025,0.044117647058823595,0.0006750675067506151,-0.01904761904761909,-0.023558082859463925,0.011437908496731986,-0.017789072426937946,0.03741496598639449,0.0
2016-03-31,-0.003744285038625228,-0.006288382865224484,0.026640970411518028,-0.027033015732328858,-0.2327790973871734,-0.2327790973871734,-0.21359223300970875,-0.22549019607843135,-0.4735449735449735,-2.6440677966101696,-0.3257756563245824,-1.1428571428571428,0.0691964285714286,-0.0869279614626669,-0.07391304347826089,-0.07042253521126762,0.0353046997976163,-0.0873786407766991,-0.12396006655574043,0.011308562197092087,0.02975420439844778,-0.07431693989071042,0.0
2016-06-30,0.0005406759768431524,-0.0015474183426384958,0.024679770318021266,0.06513322705534041,-0.3312693498452013,-0.3312693498452013,-0.32098765432098764,-0.31645569620253167,0.05025125628140703,-0.24226804123711343,0.003539823008849474,-1.5806451612903225,-0.0375782881002088,0.05227817745803365,-0.13145539906103287,-0.10606060606060608,0.04430929626411806,0.010638297872340496,0.13580246913580263,0.01118210862619784,0.023869346733668362,-0.12750885478158214,0.0
2016-09-30,0.003576198509770867,0.003420119871613947,0.0053343391346516444,0.0038486209108403724,1.0277777777777777,1.0277777777777777,1.0727272727272723,1.074074074074074,0.40909090909090917,3.108843537414966,0.47266313932980597,-20.38888888888889,0.7570498915401302,-0.0458067456700092,0.03513513513513522,0.033898305084745894,0.027246256239600752,-0.0842105263157894,0.07692307692307687,0.011058451816745807,0.0024539877300613355,0.03518267929634655,0.0
2016-12-31,-0.02187978811889857,-0.01545964189691662,-0.09406152856683458,-0.03365282215122467,-1.1849315068493151,-1.1849315068493151,-1.1842105263157894,-1.1875,0.12224108658743638,-0.9933774834437086,-0.31257485029940124,-0.7936962750716332,0.0888888888888888,0.08765225698590884,-0.3524804177545692,-0.34426229508196726,-0.0755213605993117,0.05747126436781613,0.01863354037267073,0.011979166666666652,-0.07343941248469998,-0.3594771241830065,0.0
2017-03-31,0.008754341365605711,0.008957579807194138,0.0062710761403301785,0.02600837557857605,-5.666666666666667,-5.666666666666667,-5.857142857142858,-5.761904761904762,-0.659606656580938,-303.0,-1.759581881533101,-8.569444444444445,-0.6179138321995465,0.06060606060606055,0.0786290322580645,0.04999999999999982,0.014016644765659336,0.15217391304347827,0.6432926829268293,0.011837364899639713,-0.0026420079260238705,0.044897959183673564,0.0
2017-06-30,0.0021074768843061253,0.0009405938218343124,0.01640308072197083,0.02448979591836742,-1.1058201058201058,-1.1058201058201058,-1.107843137254902,-1.11,1.9733333333333332,-0.7781456953642384,-2.0,-1.0458715596330275,0.0741839762611276,0.03581780538302293,-0.25607476635514015,-0.26190476190476186,0.02505399568034572,0.018867924528301883,-0.05287569573283846,0.011698880976602322,0.013245033112582849,-0.271484375,0.0
2017-09-30,-0.007314168323275583,-0.007656718206879964,-0.0031813975011568685,-0.017823443069825973,-6.85,-6.85,-6.909090909090909,-6.818181818181818,-0.058295964125560484,-0.9664179104477612,0.5091743119266054,-2.16,-0.08011049723756902,0.08295022986208278,-0.2788944723618091,-0.29032258064516125,0.0179098187947746,0.05555555555555536,0.47404505386875617,0.011563599798893875,0.005228758169934622,-0.2949061662198391,0.0
2017-12-31,0.004678628613225877,0.02313289335098423,-0.2169674461788429,-0.38812980358667803,-16.824786324786324,-16.824786324786324,-16.95384615384615,-17.203125,0.050793650793650835,-5.777777777777778,-0.5121580547112462,-14.241379310344827,-0.45945945945945943,0.0356220007382797,-7.7108013937282225,-7.3181818181818175,-0.21755330159387298,0.01754385964912286,0.4122923588039866,0.0124254473161034,-0.2210663198959687,0.0,0.0
2018-03-31,-0.03815146941312264,-0.03892503990253393,-0.026011560693641633,0.6367759944173064,-1.1612206319200649,-1.1612206319200649,-1.1610414657666346,-1.1581485053037608,0.07552870090634434,-6.627906976744186,1.1090342679127727,-1.5520833333333335,0.2666666666666666,-0.025663874532168895,-0.010903426791277204,-0.05755395683453224,-0.02910052910052896,0.25,0.0,0.01227295041728027,0.013355592654423987,0.0,0.0
2018-06-30,-0.7194991369204213,-0.7630292399384836,-0.04542341931065963,0.020891068002558022,-0.025125628140703515,-0.025125628140703515,-0.029940119760478945,-0.024390243902438935,-0.2162921348314607,-1.1446280991735538,0.4032496307237814,0.6886792452830188,-0.35526315789473684,-0.04133894274739358,-0.14750656167979015,-0.038167938931297773,-0.04632152588555871,-0.01379310344827589,0.0,0.01212415130940836,2.400329489291598,0.0,0.125
2018-09-30,0.01089263677498975,0.009931783781542247,0.01458632233381163,0.011067028607224971,-0.25773195876288657,-0.25773195876288657,-0.2592592592592593,-0.2562500000000001,0.02508960573476693,-16.857142857142858,-0.9326315789473685,-0.8743016759776536,-0.30612244897959184,-0.020606754436176322,-0.007389162561576179,0.17460317460317465,0.013714285714285568,0.027972027972027913,0.0,0.01437470052707246,0.003875968992248069,0.0,0.33333333333333326
2018-12-31,0.014160847697641588,0.01022419315102252,0.029224605232146983,-0.04316398182569181,-0.5462962962962963,-0.5462962962962963,-0.5499999999999999,-0.6302521008403361,0.75,1.1621621621621623,-4.5,-1.4222222222222223,0.18627450980392157,-0.10773426845899092,-1.8759305210918114,-2.216216216216216,0.0011273957158963732,-0.12244897959183665,0.0,0.014170996693434024,-0.011100386100386106,2.6235741444866916,0.5833333333333335
2019-03-31,0.016322403582262,-0.004511644921351032,0.09457293336386541,0.06626375998273248,2.2142857142857144,2.2142857142857144,2.222222222222222,2.8863636363636362,-0.7212787212787213,-1.1075,-2.9107142857142856,-1.8947368421052633,-0.14049586776859502,0.010480349344978324,0.0014164305949009304,0.6500000000000001,0.09065315315315314,0.007751937984496138,-0.7765231710185838,0.013972985561248263,0.07955100048804309,0.005246589716684236,0.631578947368421
2019-06-30,0.09708799191459794,0.10607545320921119,0.06638772663877268,0.03076923076923066,-0.4095238095238095,-0.4095238095238095,-0.40804597701149425,-0.4035087719298245,1.5985663082437278,-1.7674418604651163,-0.002336448598130869,-11.529411764705882,1.7211538461538463,0.1402333621434746,-0.1534653465346535,-0.1447811447811448,0.06788848735157438,0.04615384615384621,0.12421052631578955,0.013780431786862612,-0.026672694394213492,-0.12734864300626303,-0.032258064516129115
