Quarter end,Assets,Current Assets,Liabilities,Current Liabilities,Shareholders equity,Revenue,Earnings,Earnings available for common stockholders,EPS basic,EPS diluted,Cash from operating activities,Cash from investing activities,Cash from financing activities,Cash change during period,Cash at end of period,Price,ROE,ROA,Book value of equity per share,P/B ratio,P/E ratio,Cumulative dividends per share,Equity to assets ratio,Net margin,Asset turnover,Current ratio
1993-12-31,-0.0013616446209918642,0.2001862197392923,0.0003186357992814859,-0.856159669649002,-0.024313372354795137,0.058437433834427344,-3.7850746268656716,-3.7850746268656716,-3.3333333333333335,-0.8231511254019293,-0.39202453987730057,-8.444444444444445,-72.8,0.17841601392515227,0.20329087048832273,-0.18604651162790697,-0.03894472361809054,-1.4297872340425533,-0.0227790432801821,0.085427135678392,-0.0049261083743842304,inf,-0.02346041055718462,1.775,0.08333333333333348,7.3433441558441555
1994-03-31,-0.0013616446209918642,0.2001862197392923,0.0003186357992814859,-0.856159669649002,-0.024313372354795137,0.058437433834427344,-3.7850746268656716,-3.7850746268656716,-3.3333333333333335,-0.8231511254019293,-0.39202453987730057,-8.444444444444445,-72.8,0.17841601392515227,0.20329087048832273,-0.18604651162790697,-0.03894472361809054,-1.4297872340425533,-0.0227790432801821,0.085427135678392,-0.0049261083743842304,inf,-0.02346041055718462,1.775,0.08333333333333348,7.3433441558441555
1994-06-30,-0.014055339696339098,0.2001862197392923,-0.020182992465016092,-0.856159669649002,0.07175819104753112,0.058437433834427344,-3.7850746268656716,-3.7850746268656716,-3.3333333333333335,-0.8231511254019293,-0.39202453987730057,-8.444444444444445,-72.8,0.17841601392515227,0.19908836935744745,0.05714285714285716,-0.03894472361809054,-1.4297872340425533,0.06993006993006978,0.085427135678392,-0.0049261083743842304,inf,0.08708708708708701,1.775,0.08333333333333348,7.3433441558441555
1994-09-30,-0.03223391423699207,0.2001862197392923,-0.019533767915295708,-0.856159669649002,-0.19483315392895584,-0.010935520437420854,-3.909967845659164,-3.909967845659164,-4.142857142857142,-0.8231511254019293,3.7921291624621594,-0.6374905135340247,1.1370473537604457,-2.1004431314623337,-0.18270999386879216,0.3513513513513513,-0.03894472361809054,-1.4297872340425533,-0.1938997821350762,0.2592592592592593,-0.0049261083743842304,inf,-0.16712707182320452,1.775,0.08333333333333348,7.3433441558441555
1994-12-31,-0.011759712910434983,0.2001862197392923,0.0018465162013217018,-0.856159669649002,-0.22388591800356505,-0.12360951931504083,-0.062246777163904254,-0.062246777163904254,-0.045454545454545525,-0.8231511254019293,-0.6793009054537797,-1.2554082344731332,-0.6406412930135558,0.0738255033557047,-0.24006001500375096,-0.040000000000000036,-0.03894472361809054,-1.4297872340425533,-0.22432432432432436,0.19117647058823528,-0.0049261083743842304,inf,-0.21558872305140964,1.775,0.08333333333333348,7.3433441558441555
1995-03-31,-0.9484982740344106,0.2001862197392923,-0.9901966938093092,-0.856159669649002,-0.10932475884244375,-0.7420670025770222,-1.1366849960722702,-1.1366849960722702,-1.1428571428571428,-0.8231511254019293,-0.9927774130006566,12.868852459016393,-1.0,2.165625,-1.0,0.10416666666666674,-0.03894472361809054,-1.4297872340425533,-0.10801393728222997,0.4259259259259258,-0.0049261083743842304,inf,16.308668076109935,1.775,0.08333333333333348,7.3433441558441555
1995-06-30,29.65305045387376,0.2001862197392923,127.21245634458674,-0.856159669649002,1.2956420835482207,4.611392782582762,1.8103448275862069,1.8103448275862069,15.0,-0.8231511254019293,98.81818181818181,0.5384160756501182,inf,-3.0341559723593288,inf,0.15094339622641506,-0.0954248366013073,-1.4297872340425533,-0.6640625,0.2900432900432901,-0.0049261083743842304,inf,-0.9251251984854036,1.775,-0.07692307692307698,7.3433441558441555
1995-09-30,0.4020151029417336,0.2001862197392923,-0.6082290290508423,-0.856159669649002,11.598483572030329,0.1262024980069094,2.5470347648261757,2.5470347648261757,-0.47916666666666663,-0.8231511254019293,13.768670309653917,13.875016007171213,5.334489244151875,-0.23983305833252455,0.7601669416674754,0.15344262295081967,-1.1005780346820808,-1.4297872340425533,11.593023255813954,2.4312080536912752,-0.0049261083743842304,inf,7.986949429037519,1.775,-0.1499999999999999,7.3433441558441555
1995-12-31,0.12977612948385753,0.2001862197392923,0.7589779245610986,-0.856159669649002,-0.0394443552845094,0.7697680454942306,0.20351686364946664,0.20351686364946664,0.24,-0.8231511254019293,-1.0563640848544646,-0.5441506900024966,-0.5818881929946649,-2.1239785495403476,-0.48541494347945957,0.07788516202387719,1.2155172413793105,2.03960396039604,-0.04062788550323171,-0.9144254278728606,-0.0049261083743842304,inf,-0.14975494645126153,1.775,0.07843137254901977,7.3433441558441555
1996-03-31,0.2284855889424644,0.2001862197392923,0.722084972099795,-0.856159669649002,-0.015491859580076817,-0.26820975720323725,-0.02035928143712573,-0.02035928143712573,-0.032258064516129115,-0.8231511254019293,-17.728665207877462,0.8893127608543747,1.1318405752074918,-2.285243666931728,1.2123874839262752,0.13185654008438807,-0.015564202334630406,-0.039087947882736285,-0.1385948026948991,0.18285714285714283,-0.0049261083743842304,1.032258064516129,-0.19854824935952176,0.09189189189189184,-0.10909090909090913,7.3433441558441555
1996-06-30,0.20952723077140867,0.2001862197392923,0.19564493854175824,-0.856159669649002,0.26784047518031406,0.3027603170265101,1.3466992665036677,1.3466992665036677,1.0666666666666669,-0.8231511254019293,-0.5591890124264225,0.08877360282284275,0.034861812314578744,-1.2446526427435036,-0.13406955342439209,0.09319664492078283,0.22134387351778662,0.36610169491525446,-0.22346368715083786,0.2657004830917875,-0.0049261083743842304,0.49206349206349187,0.048215237080447615,0.44389438943894377,-0.061224489795918324,7.3433441558441555
1996-09-30,0.7766112313258688,0.2001862197392923,0.5502242927260046,-0.856159669649002,1.2152543066105963,0.5153981706805404,-0.3645551156490936,-0.3645551156490936,-0.5483870967741935,-0.8231511254019293,2.8989614243323443,3.798644901856374,4.128241495161647,-5.848265895953757,0.7506432486855352,0.06564364876385342,-0.19956850053937436,-0.18610421836228286,1.1424460431654677,0.3740458015267176,-0.03503427265803505,0.35106382978723416,0.24675984752223634,-0.11542857142857144,-0.08695652173913049,7.3433441558441555
1996-12-31,0.08105659830422485,0.2001862197392923,0.14781302115152806,-0.856159669649002,-0.005245171924147307,0.38775679716484857,0.17461878996556823,0.17461878996556823,-0.4285714285714286,-0.8231511254019293,-0.016020396514327073,-0.9709974401065283,-1.0325036924869415,-1.4375558867362146,-0.18761582209725858,0.2836000000000001,-0.12938005390835572,-0.128048780487805,-0.07387508394895914,-0.4,0.2580899763220206,0.3228346456692912,-0.07969832857725223,-0.09560723514211877,-0.023809523809523836,7.3433441558441555
1997-03-31,0.4448009506833037,0.2001862197392923,0.4364148025605985,-0.856159669649002,0.4230361032698289,0.07852682401292821,0.086823003908431,0.086823003908431,0.125,-0.8231511254019293,-0.3418284476757677,15.286562438155553,-22.278860660189487,-21.903099455040874,4.827460080232832,0.2524150825802429,-0.17492260061919507,-0.16083916083916083,0.34880348078317636,0.3472222222222221,0.31304893350062746,0.23214285714285698,-0.015060908084163938,-0.11142857142857154,-0.04878048780487798,7.3433441558441555
1997-06-30,-0.011471290402858103,0.2001862197392923,-0.004749511466302092,-0.856159669649002,-0.031385689453602095,0.3233565795396387,1.329180580529155,1.329180580529155,1.1111111111111112,-0.8231511254019293,1.6993947940537049,-0.6846383785360164,-1.2104636257416084,-1.8646521593899448,-0.716276684056719,-0.041303806917143526,0.031894934333958735,0.03749999999999987,-0.03602150537634419,-0.2886597938144331,-0.020783564261825038,0.18840579710144945,-0.020238362941308763,-0.008038585209003246,0.025641025641025772,7.3433441558441555
1997-09-30,0.38439941308588077,0.2001862197392923,0.9428747523662777,-0.856159669649002,-0.03044406469271943,0.056849844840600516,-1.062145023435346,-1.062145023435346,-1.0526315789473684,-0.8231511254019293,-0.2228945821814936,6.628687756071874,-8.34044359402792,-0.8726844436068972,-0.32141582815956615,0.28471321048533604,-0.23636363636363633,-0.33333333333333326,-0.3017289459007251,0.33333333333333326,0.3320322029763356,0.1585365853658538,-0.2997475327059904,-0.31280388978930307,-0.025000000000000022,7.3433441558441555
1997-12-31,0.15944919051409356,0.2001862197392923,0.11194755521372701,-0.856159669649002,0.2898661427860785,0.2578311340760695,-12.781721384205856,-12.781721384205856,-16.0,-0.8231511254019293,0.6322231870255735,-0.49251130543704813,-0.5629326533871564,-0.6251480165778567,-0.17755109194797913,0.13656565656565656,0.042857142857142705,-0.024096385542168752,-0.5567092651757188,0.6268115942028987,0.4719780219780221,0.19999999999999996,0.11274991805965273,0.00943396226415083,-0.02564102564102566,7.3433441558441555
1998-03-31,4.3936514940866545,0.2001862197392923,5.337508267580836,-0.856159669649002,3.669041319547426,2.098492814581143,71.90254556409097,71.90254556409097,20.1,-0.8231511254019293,-3.8487095002745746,-7.329848820120161,-7.93009424928179,-19.16386969397828,11.48827891910323,-0.045680767863490956,11.326484018264841,9.395061728395062,3.5405405405405403,1.153674832962138,-0.20467836257309946,0.1520467836257311,-0.1351988217967599,13.481308411214954,-0.2894736842105263,7.3433441558441555
1998-06-30,0.001293740758994577,0.2001862197392923,-0.009278824069820835,-0.856159669649002,0.03941299790356401,0.45022624434389136,-0.7706611570247934,-0.7706611570247934,-0.8183254344391785,-0.8231511254019293,-0.9578313253012049,-0.7961215932914046,-0.8860606060606061,1.108695652173913,0.6621160409556315,-0.07971689327621534,-0.227634747175403,-0.25059382422802845,0.04246031746031753,-0.7973112719751809,-0.8876720901126408,0.13197969543147203,0.03780653950953683,-0.27573410777670215,0.03703703703703698,7.3433441558441555
1998-09-30,-0.0015997046699071094,0.0,0.07742952522255186,0.0,-0.1881807180314643,-0.003900156006240274,-1.3468468468468469,-1.3468468468468469,-1.373913043478261,-1.3909090909090909,-29.714285714285715,-1.9768637532133675,-0.7446808510638299,-2.1701030927835054,-0.4661190965092402,-0.2068407205019227,-0.26810551558752993,-0.309825673534073,-0.12828321279025512,-0.23979591836734693,-0.2813370473537604,0.11659192825112119,-0.18706924844108963,-0.32702160837603034,0.03571428571428559,0.0
1998-12-31,-0.007764836383804763,-0.16446858029480216,-0.019709097168431056,3.9617224880382773,0.04397515527950313,-0.007830853563038365,-2.844155844155844,-2.844155844155844,-2.558139534883721,-2.5348837209302326,-0.02487562189054726,-0.9947368421052631,2.4166666666666665,-1.13215859030837,0.11538461538461542,-0.3605511610104618,-0.08322411533420715,-0.1102181400688863,0.03755458515283849,-0.2684563758389261,-0.3236434108527132,0.10441767068273089,0.05369398465886155,-0.11784177424693798,0.0,-0.8315984045140578
1999-03-31,-0.18408794484814606,-0.2692664809656453,-0.16821773485513614,-0.28736740597878496,-0.18110423607805803,-0.32833464877663776,-7.563380281690141,-7.563380281690141,-8.313432835820896,-8.424242424242426,-0.653061224489796,-139.5,1.0731707317073171,-0.8333333333333334,-0.3793103448275862,0.13487629688747016,-1.5550393137955683,-1.5393548387096774,-0.18644781144781153,0.10091743119266039,0.08022922636103136,0.027272727272727337,0.0034482758620690834,0.0,0.034482758620689724,0.02541883304448289
1999-06-30,-0.0037299231179112047,0.03811944091486663,-0.014566181127295796,-0.06495263870094725,0.028480092996222117,0.13748531139835496,-1.1523605150214593,-1.1523605150214593,-1.1551020408163266,-1.1489795918367347,0.7941176470588236,-1.1299638989169676,-0.7676470588235293,0.3999999999999999,-0.061111111111111116,0.1561181434599157,0.2285898261429491,0.1842105263157896,0.02638385928608389,0.41666666666666674,0.0,0.0265486725663715,0.03245513554791879,0.0,0.0,0.11023474178403747
1999-09-30,0.011460880195599099,0.06609547123623005,0.015209940017137935,0.0383502170767005,-0.002543091268719988,-0.012396694214875992,-0.704225352112676,-0.704225352112676,-0.7105263157894737,-0.6986301369863014,-0.5,0.9166666666666667,-1.4303797468354431,2.7142857142857144,0.15384615384615374,-0.19768856447688576,-0.13626834381551356,-0.11919191919191918,-0.05947580645161288,-0.2176470588235293,0.0,0.02586206896551735,-0.013683431952662639,0.0,-0.033333333333333326,0.026725304465494037
1999-12-31,-0.0237951352168001,0.3501722158438576,-0.049905043258071324,-0.8724738675958188,0.04532577903682711,0.13702928870292896,-0.8333333333333334,-0.8333333333333334,-1.0,-1.0,2.377049180327869,-44.47826086956522,-87.76470588235294,8.846153846153847,1.235897435897436,-0.16603487490523117,0.266383495145631,0.2981651376146788,0.04394426580921751,-0.1127819548872181,0.0,0.025210084033613356,0.07049118860142478,0.0,0.0,9.586820428336079
2000-03-31,0.005726224560860471,0.04931972789115657,0.034314269850083345,11.01639344262295,-0.012737127371273749,-0.07267709291628333,6.142857142857143,6.142857142857143,-inf,inf,-0.5728155339805825,-1.1219999999999999,-1.1016949152542372,-0.97265625,0.016055045871559592,0.05454545454545445,-1.3205558217537134,-1.3268551236749118,-0.016940451745379947,0.008474576271186418,0.0,0.02786885245901649,-0.018213660245183783,-0.774859287054409,0.06896551724137945,-0.9126700071581961
2000-06-30,-0.022851427252442824,-0.0429497568881686,-0.04133562379214084,0.005002273760800424,0.022234422179522317,0.1418650793650793,1.38,1.38,1.4,1.3199999999999998,1.625,-1.314207650273224,-2.6733333333333333,-23.857142857142858,-0.3611738148984198,0.20732758620689662,-0.10612855007473843,-0.09189189189189195,0.005744125326370808,0.2268907563025211,5.190981432360743,0.027113237639553533,0.046022119158044994,-0.1349999999999999,0.032258064516129004,-0.04775481111903068
2000-09-30,-0.009763779527559024,-0.03979678238780693,-0.01489528502631876,0.15113122171945692,0.0013426423200859627,-0.03214596003475234,-0.134453781512605,-0.134453781512605,-0.1499999999999999,-0.13793103448275856,0.1341991341991342,-2.217391304347826,-0.6872509960159363,-0.74375,-0.14487632508833925,0.13245269546590488,0.2625418060200668,0.29761904761904767,0.0025960539979230646,0.13013698630136994,0.29434447300771205,0.02795031055900621,0.011255115961800621,0.23314065510597293,0.0625,-0.1657934131736527
2000-12-31,0.006679389312977069,-0.07583774250440922,-0.00397908140063663,-0.2904874213836478,0.03271654599088225,-0.037701974865350096,0.27184466019417486,0.27184466019417486,0.3333333333333335,0.28,0.041984732824427384,0.9071428571428573,-0.6114649681528662,0.29268292682926833,-0.21900826446280997,-0.005989911727616537,0.42781456953642394,0.4495412844036699,0.008803728638011377,-0.012121212121212088,-0.21516054286660047,0.025679758308157163,0.025969645868465507,0.44999999999999996,0.0,0.30237774786899974
2001-03-31,-0.0016587677725118377,0.04770992366412208,-0.0018262755393220198,0.037673130193905724,-0.0012983640612828085,-0.05410447761194026,-0.5267175572519084,-0.5267175572519084,-0.5441176470588236,-0.53125,-0.2783882783882784,-0.6329588014981273,0.0,-1.6603773584905661,0.18518518518518512,0.13066920393276238,0.016697588126159513,0.03797468354430378,-0.006673511293634471,0.12269938650306766,-0.23660902572754106,0.02945508100147287,0.00032873109796183186,0.028017241379310498,0.0,0.009645194626248799
2001-06-30,0.005854893583353116,0.0009107468123861207,-0.0006861063464836947,-0.02082221035771492,0.020800832033281313,0.09467455621301779,0.7258064516129032,0.7258064516129032,0.741935483870968,0.7333333333333334,0.08121827411167515,1.1530612244897958,-0.9344262295081968,-1.0857142857142856,-0.013392857142857095,0.012342215988780048,-0.04197080291970812,-0.027439024390244038,0.017571059431524594,0.021857923497267784,-0.01270718232044199,0.028612303290414864,0.01478803812027607,-0.01991614255765195,0.0,0.022176731490958446
2001-09-30,-0.0024384488319043607,-0.086442220200182,0.001716443529007794,0.03925845147219187,-0.010188487009679115,-0.13063063063063063,-0.719626168224299,-0.719626168224299,-0.7222222222222223,-0.7307692307692307,0.20657276995305174,-0.2796208530805687,29.75,4.666666666666667,-0.07692307692307687,-0.24023275145469658,-0.18952380952380954,-0.1849529780564263,-0.002031488065007747,-0.25668449197860976,-0.2171236709569111,0.027816411682892728,-0.007772020725388629,-0.1518716577540108,-0.02941176470588236,-0.12082777036048054
2001-12-31,-0.017426273458445052,-0.10657370517928288,-0.010281014393420107,-0.16736621196222456,-0.03345342254246009,-0.09015544041450774,-2.8,-2.8,-2.7333333333333334,-2.8571428571428568,-0.6342412451361867,0.05263157894736836,-1.1544715447154472,1.7647058823529411,-0.23039215686274506,-0.06272793581327507,-0.5581668625146885,-0.5576923076923077,-0.03715012722646294,-0.05755395683453224,0.14796283059328075,0.02706359945872805,-0.01631853785900783,-0.5384615384615384,-0.06060606060606066,0.07289293849658307
2002-03-31,-0.02110585025278866,0.02006688963210701,-0.03093259464450604,0.44486452425960943,0.0023961661341853624,0.018223234624145768,-1.5925925925925926,-1.5925925925925926,-1.6153846153846154,-1.6153846153846154,-0.18085106382978722,-0.6,-0.736842105263158,-1.3617021276595744,0.10828025477707004,0.3381322957198445,-0.2021276595744681,-0.19999999999999996,-0.0021141649048627142,0.38931297709923673,2.059153175591532,0.0,0.024220305242202977,-0.18306010928961747,0.0,-0.29405520169851385
2002-06-30,0.008525987866863316,0.07540983606557372,-0.016317293949499767,0.1426079372001745,0.06427622841965475,0.37807606263982096,4.625,4.625,4.5625,4.4375,2.792207792207792,-0.15625,-45.2,0.2941176470588236,0.12643678160919536,0.05321314335562666,0.6266666666666669,0.6413043478260871,0.06408898305084754,0.05494505494505497,0.3165072257276613,0.0,0.05506964690638161,0.5852842809364549,0.032258064516129004,-0.0586466165413535
2002-09-30,-0.005690131685904709,0.0,-0.013076643661460219,-0.2862595419847328,0.009483404042924803,-0.06087662337662336,-0.7111111111111111,-0.7111111111111111,-0.7078651685393258,-0.7011494252873562,-0.17465753424657537,1.0185185185185186,-0.5339366515837104,0.5,0.16836734693877542,-0.24075096631695192,0.10450819672131151,0.13245033112582782,0.009457441513190723,-0.28645833333333326,-0.5327767470624614,0.0,0.015351550506601086,0.06540084388185674,0.0625,0.40095846645367406
2002-12-31,0.002207325049051745,-0.03455284552845528,0.008833271991166791,0.17593582887700543,-0.011866501854140954,0.18928262748487468,0.75,0.75,0.7307692307692308,0.6923076923076923,-0.6016597510373445,-0.45871559633027525,0.04854368932038833,-3.1515151515151514,-0.5283842794759825,-0.18145454545454542,0.6660482374768089,0.695906432748538,-0.019723865877712132,-0.1897810218978102,-0.2769688947716743,0.026350461133069825,-0.014212276988206818,0.5089108910891089,0.11764705882352944,-0.17901938426453823
2003-03-31,-0.012235908312260402,0.09578947368421042,-0.008391098139365227,-0.06048203728967716,-0.019764823617713256,-0.90625,-2.2747252747252746,-2.2747252747252746,-2.2888888888888888,-2.3181818181818183,0.5104166666666667,0.11864406779661008,-0.7037037037037037,-1.704225352112676,0.462962962962963,0.07996446023989323,-0.42204899777282856,-0.4172413793103449,-0.017605633802816767,0.09909909909909898,-0.3569794050343249,0.0,-0.007361963190184118,-0.30183727034120744,-0.1578947368421053,0.1664351851851853
2003-06-30,-0.010157733916921319,0.23535062439961574,-0.05935737061564872,-0.25847047434656345,0.09188361408882084,8.457364341085272,-3.5,-3.5,-3.4655172413793105,-3.4310344827586206,-0.4137931034482759,-10.015151515151516,15.3125,2.26,1.0316455696202533,0.11271081859317156,0.5048169556840076,0.5443786982248524,0.08858166922683064,0.139344262295082,0.9444839857651244,0.0,0.1029048207663783,0.5357142857142856,0.0,0.6658067076800953
2003-09-30,-0.005506424161521806,0.23872472783825827,-0.01864406779661021,0.020234986945169675,0.017999064983637236,-0.06557377049180324,-0.8344827586206897,-0.8344827586206897,-0.8321678321678322,-0.8368794326241135,2.4823529411764707,-0.4873949579831933,-0.7394636015325671,1.8588957055214723,1.4517133956386292,0.198890942698706,-0.030729833546734975,-0.00766283524904221,0.012699905926622845,0.1007194244604317,-0.22401171303074674,0.0,0.023816195012608565,-0.008567931456548217,0.0,0.21420061949011204
2003-12-31,-0.0021812080536912637,-0.21845574387947264,0.0017271157167531026,0.051823416506717956,-0.006659012629161909,0.8780701754385964,0.8125,0.8125,0.7916666666666667,0.826086956521739,-0.17229729729729726,-2.0622950819672132,1.125,-1.7725321888412018,-0.457433290978399,0.08788159111933402,-0.03302509907529727,-0.0038610038610038533,-0.0157919182535996,0.07189542483660127,0.10943396226415092,0.10783055198973046,-0.004652435686918421,-0.17654320987654326,0.21875,-0.25696624803767676
2004-03-31,0.002606356145955946,0.031325301204819356,-0.017639257294429722,-0.057785888077858893,0.037910309754970006,-0.42690331620737976,-0.6091954022988506,-0.6091954022988506,-0.627906976744186,-0.6190476190476191,-0.7428571428571429,-0.4444444444444444,-0.7474048442906575,-0.4722222222222222,-0.44496487119437944,0.07341269841269837,0.43715846994535523,0.49224806201550386,0.023596035865974585,0.09146341463414642,0.08801020408163263,0.0,0.03519384107781143,0.2008995502248878,0.23076923076923062,0.09454641489502169
2004-06-30,-0.0055345911949685744,0.027258566978193066,-0.03307681922505734,-0.022595222724338337,0.04008908685968815,0.11083944580277105,3.5294117647058822,3.5294117647058822,3.625,3.5,0.8888888888888888,-0.6444444444444444,0.7534246575342465,-0.631578947368421,-0.2953586497890295,0.09823078954317421,-0.311787072243346,-0.2961038961038961,0.03411710465652362,0.07262569832402233,-0.2680734661977334,0.0,0.04594953519256295,-0.31335830212234705,0.02083333333333326,0.05103148751357223
2004-09-30,0.01256429715827645,0.02729340409401071,0.017872102764590947,0.015191545574636756,0.0044967880085653444,-0.019809244314013208,-0.30519480519480524,-0.30519480519480524,-0.29729729729729726,-0.3055555555555556,0.6386554621848739,0.25,-0.609375,-1.9142857142857141,0.38323353293413165,0.042558307285404995,0.16160220994475116,0.18081180811808117,0.008916629514043706,0.005208333333333259,0.5130806193272823,0.0,-0.007872016251904479,0.1454545454545455,0.04081632653061229,0.011937557392103004
2004-12-31,0.024150566289140585,0.2420664206642067,0.026474622770919165,0.38451528952504876,0.02067789383926666,0.0793413173652695,-0.06542056074766356,-0.06542056074766356,-0.05769230769230771,-0.09999999999999998,0.03076923076923066,0.13749999999999996,-0.56,0.484375,0.4112554112554112,0.21886531365313666,0.00832342449464929,0.028124999999999956,-0.00397702165267344,0.21243523316062163,0.0359915314043755,0.09733487833140209,-0.0035833120040952293,0.16825396825396832,-0.11764705882352944,-0.10288112522686021
2005-03-31,-0.0006505122784192796,0.053475935828877,-0.04262996124548979,-0.09680451127819545,0.0649540517961571,-0.02496532593619971,-0.20999999999999996,-0.20999999999999996,-0.24489795918367352,-0.20000000000000007,-0.7064676616915423,-0.2417582417582418,-1.0909090909090908,-1.1368421052631579,-0.039877300613496924,0.10179754020813614,0.07783018867924518,0.10334346504559266,0.04658385093167716,0.10256410256410264,0.0837874659400546,0.0,0.06575905471358845,0.07744565217391308,0.022222222222222143,0.16639271715766846
2005-06-30,0.008624898291293759,0.12859560067681897,-0.0071189279731993516,-0.004682622268470382,0.031378701706216816,0.10881934566145102,0.8354430379746836,0.8354430379746836,0.810810810810811,0.8055555555555556,1.8983050847457625,0.18840579710144922,-7.5,-6.230769230769231,0.21725239616613412,-0.03365962562253122,-0.049234135667395984,-0.030303030303030165,0.02416278083933876,-0.0736434108527132,-0.12884978001257075,0.0,0.022415039768618916,-0.05422446406052961,0.021739130434782483,0.13387533875338753
2005-09-30,0.027670216198773856,0.134432783608196,0.024040489245044316,0.1960271824359645,0.03251568739304056,-0.04041051956382291,-0.7310344827586207,-0.7310344827586207,-0.7313432835820896,-0.7384615384615385,2.43859649122807,0.25609756097560976,-4.461538461538462,6.764705882352941,1.3858267716535435,0.05384752088146416,-0.18757192174913706,-0.17045454545454553,0.025248344370860876,0.025104602510460206,0.09163059163059173,0.0,0.004950495049504955,-0.17999999999999994,0.0,-0.05152963671128108
2005-12-31,-0.02237224271920868,0.005726872246696102,-0.00906095551894559,0.25830419580419584,-0.040331491712707224,0.013368983957219305,3.0769230769230766,3.0769230769230766,3.0,3.117647058823529,-1.0918367346938775,-4.29126213592233,-7.377777777777778,-1.0227272727272727,-0.01320132013201325,0.013153456998313606,0.1388101983002834,0.15753424657534243,-0.02543399273314484,-0.008163265306122436,0.2181097157964309,0.08870116156282992,-0.018531550551254994,0.14796747967479673,0.02127659574468077,-0.20068541477673618
2006-03-31,-0.02986992131042232,-0.05781865965834432,-0.00387919091160982,-0.2476554359152483,-0.0656303972366149,-0.04947229551451182,-0.9685534591194969,-0.9685534591194969,-0.9722222222222222,-0.9714285714285714,-3.685185185185185,-0.3982300884955752,0.6968641114982579,10.416666666666666,-0.15273132664437017,0.06108521970705727,-0.16666666666666663,-0.17159763313609455,-0.07166528583264298,0.08641975308641969,-0.08003255561584377,0.040737148399611955,-0.03680688336520077,-0.17988668555240783,0.0,0.2523329129886507
2006-06-30,-0.22430061248137723,-0.13203161320316137,-0.11084840055632827,0.057710064635272396,-0.3933045799958924,0.044413601665510116,135.0,135.0,157.0,149.5,-1.103448275862069,4.5931372549019605,2.264887063655031,2.3138686131386863,-0.5973684210526315,-0.04878431372549019,1.855223880597015,1.7035714285714287,-0.3949129852744311,0.02651515151515138,0.16130934827484533,1.2180801491146318,-0.2178660049627792,1.559585492227979,0.0625,-0.1794381230490384
2006-09-30,-0.000640204865556937,0.053026245313336995,0.030971374941342056,-0.041903099083369755,-0.06905890318212593,-0.029235880398671088,-0.7720588235294118,-0.7720588235294118,-0.7689873417721519,-0.7641196013289037,-11.133333333333333,-0.9780893952673094,-0.8937106918238994,-1.0198237885462555,0.02941176470588225,-0.08031002638522422,0.323575535807632,0.21928665785997348,-0.043510324483775786,0.5166051660516606,-0.6368715083798883,0.0,-0.0685279187817257,0.13832658569500667,0.07843137254901977,0.09915327033991916
2006-12-31,-0.009182148195601147,-0.0793489318413021,-0.052192383553330335,0.12118451025056953,0.0938181818181818,0.07597535934291577,0.3096774193548386,0.3096774193548386,0.3561643835616439,0.3098591549295775,0.4342105263157894,0.28,1.301775147928994,-15.666666666666666,-0.419047619047619,0.1136811906042674,0.21327014218009488,0.12676056338028174,0.07941403238242084,0.16545012165450124,-0.021678321678321733,0.01764705882352935,0.10388283378746577,0.03378778897451107,0.09090909090909083,-0.1788545271854416
2007-03-31,0.005172413793103514,0.006077348066298338,-0.007843765007203407,-0.012190166598943564,0.032579787234042534,-0.08969465648854957,-0.3990147783251231,-0.3990147783251231,-0.41414141414141414,-0.3978494623655914,-0.27522935779816515,-1.125,-0.6015424164524421,-1.0,0.0,0.04073418129125739,0.27799479166666674,0.19423076923076943,0.03142857142857136,-0.035490605427974886,-0.010721944245889903,0.017341040462427904,0.0274606602900338,0.11410550458715596,0.06666666666666665,0.018490822569680487
2007-06-30,0.014258147512864472,0.05491488193300387,0.05066150371087441,-0.3233237350884409,-0.05827430779137155,0.0985324947589099,0.18852459016393452,0.18852459016393452,0.18965517241379315,0.1964285714285714,-0.006329113924050667,11.75,-0.8774193548387097,inf,0.49726775956284164,0.08060024752475248,-0.4597554763117677,-0.462157809983897,-0.03462603878116344,0.04761904761904767,-0.03106936416184969,0.0,-0.07147147147147148,-0.46731857951621203,0.0,0.5589373915365103
2007-09-30,-0.0009512736497199192,-0.06194690265486724,0.04791154791154795,0.05896656534954414,-0.11042735042735041,-0.020356234096692072,-0.1103448275862069,-0.1103448275862069,-0.08695652173913038,-0.08955223880597019,0.9426751592356688,0.4509803921568627,16.31578947368421,-2.021978021978022,-0.33941605839416056,-0.08317823908375077,-0.02970297029702973,-0.04341317365269459,-0.06241032998565277,-0.051652892561983466,0.6636838180462341,0.0,-0.10963777490297544,-0.05314009661835739,0.015625,-0.1142318890220928
2007-12-31,0.017985611510791477,0.01220865704772467,0.10199296600234464,0.20608495981630304,-0.20215219062259804,0.045454545454545414,0.13178294573643412,0.13178294573643412,0.23809523809523814,0.21311475409836067,-0.09836065573770492,0.16216216216216206,-0.36474164133738607,-0.7956989247311828,-0.10497237569060769,-0.1755153029356653,-0.016520894071914594,-0.10328638497652587,-0.1560826319816374,-0.11982570806100212,-0.1456745853877185,0.01948051948051943,-0.2161278605158009,-0.10102040816326541,0.0,-0.16067285382830632
2008-03-31,0.03647890251506958,0.12171052631578938,0.0644946808510638,-0.0295097572584484,-0.06406551059730248,-0.08944099378881987,-0.7808219178082192,-0.7808219178082192,-0.782051282051282,-0.7702702702702703,-0.8290909090909091,0.2441860465116279,-1.4976076555023923,-3.736842105263158,0.32098765432098775,-0.11874999999999991,-0.06422924901185767,-0.1797556719022687,-0.05621033544877596,0.044554455445544594,-0.05403987408184663,0.0,-0.0973123262279888,-0.17139614074914877,-0.015384615384615441,0.15572448744528922
2008-06-30,-0.0038102877769978782,-0.025415444770283457,-0.010993129294191162,0.256988719960765,0.02521873391662388,0.07298772169167811,2.28125,2.28125,2.352941176470588,2.294117647058824,3.2340425531914896,-0.028037383177570097,-2.75,-2.6538461538461537,-0.4018691588785047,0.009671179883945724,0.010031678986272441,-0.10000000000000009,0.024975984630163373,0.06872037914691953,0.18968386023294492,0.0,0.029260780287474475,-0.08767123287671219,0.0,-0.22463623679489741
2008-09-30,-0.00422747861097128,0.03761283851554653,0.009220664393078115,0.02106905969566908,-0.05722891566265065,-0.024157660521296864,0.07619047619047614,0.07619047619047614,0.10526315789473695,0.10714285714285698,0.11055276381909551,-0.019230769230769273,-0.42307692307692313,-0.9883720930232558,-0.0078125,-0.2630906768837803,0.04966021955044431,-0.049645390070921946,-0.03842549203373946,-0.28159645232815955,-0.22424242424242424,0.0,-0.053366583541147206,-0.03903903903903916,-0.015625,0.016195372750642534
2008-12-31,-0.019205498837561952,0.04688255195746738,0.008635794743429237,0.027130301872372975,-0.13684771033013843,-0.13159609120521176,-0.3008849557522124,-0.3008849557522124,-0.3015873015873016,-0.30645161290322587,-0.19004524886877827,-2.3823529411764706,-0.4285714285714286,-274.0,2.062992125984252,-0.42923165800115537,-0.11852589641434275,-0.17164179104477606,-0.13450292397660812,-0.404320987654321,-0.43209134615384626,0.035828025477707026,-0.11959957850368808,-0.12968750000000007,-0.04761904761904767,0.01922590437642291
2009-03-31,-0.04132742450788418,-0.1394275161588181,-0.042685196674525416,-0.2890625,-0.03392967304133254,-0.16129032258064513,-0.9240506329113924,-0.9240506329113924,-0.9318181818181819,-0.9302325581395349,-1.1787709497206704,-1.4468085106382977,2.6,-2.1465201465201464,-0.8046272493573265,-0.17054655870445345,-0.029943502824858803,-0.0630630630630632,-0.05518018018018023,-0.041450777202072464,-0.025396825396825196,0.0,0.007779772591262724,-0.021543985637342944,-0.050000000000000044,0.21047406304293892
2009-06-30,0.00021500752526337763,-0.045064377682403456,-0.03149708360337011,0.1742543171114599,0.15581098339719035,0.09033989266547415,21.333333333333332,21.333333333333332,24.0,23.666666666666668,-9.0,-0.4920634920634921,0.04629629629629628,-1.0095846645367412,0.03947368421052633,0.18364856619890157,0.1252184041933606,0.11538461538461542,0.15494636471990453,0.24864864864864855,0.28447339847991304,0.0,0.15498812351543956,0.17064220183486234,-0.05263157894736825,-0.18679516095960635
2009-09-30,-0.0032244196044711737,0.010112359550561889,-0.01873661670235549,-0.12254901960784315,0.061325966850828806,-0.0008203445447088065,-0.7014925373134329,-0.7014925373134329,-0.7066666666666667,-0.7027027027027026,-0.51953125,-2.84375,-0.3407079646017699,10.333333333333334,0.4303797468354431,0.37268041237113403,-0.2246376811594204,-0.2068965517241379,0.059855521155830704,0.19047619047619047,0.23668639053254448,0.0,0.0647814910025708,-0.16927899686520376,-0.03703703703703709,0.15128593040847194
2009-12-31,-0.055315937028250994,-0.1707452725250278,-0.05673758865248224,0.029456576942610502,-0.050494534096824584,-0.05008210180623973,-3.675,-3.675,-3.6363636363636362,-3.6363636363636362,0.8211382113821137,1.5762711864406778,1.697986577181208,-1.7647058823529411,-0.23008849557522126,0.22418325197146083,-0.7263017356475301,-0.7101449275362319,-0.049659201557935684,0.1527272727272726,0.569377990430622,0.00768639508070712,0.005311443746982114,-0.7075471698113207,-0.019230769230769273,-0.19448094612352163
2010-03-31,0.05227713731309214,0.06706908115358812,0.06463273568536732,0.031080414405525447,0.00877192982456143,0.025929127052722656,-1.2616822429906542,-1.2616822429906542,-1.2758620689655173,-1.2758620689655173,-0.9419642857142857,-1.1776315789473684,-1.0472636815920398,-1.1538461538461537,0.04597701149425282,0.23742331288343554,0.25365853658536586,0.2999999999999998,-0.0051229508196720674,0.3028391167192428,3.2852787456445993,0.0,-0.04130643611911622,0.28387096774193554,0.019607843137254832,0.034801522566612286
2010-06-30,-0.011497993274758644,0.017598994343180463,-0.027298655439358943,-0.034449760765550286,0.05163043478260865,0.08593091828138166,3.071428571428571,3.071428571428571,2.9375,2.8125,5.153846153846154,-1.037037037037037,-5.105263157894737,-1.25,-0.01098901098901095,0.21393158155676728,-0.22373540856031138,-0.21153846153846145,0.04840370751802259,0.22033898305084754,-0.07825998577091176,0.0,0.06362725450901796,-0.22110552763819102,0.019230769230769162,0.053993694167104644
2010-09-30,0.03171293756172511,0.18777022853613334,0.02303825746998056,0.0812685827552031,0.0640826873385012,-0.026377036462373882,-1.0526315789473684,-1.0526315789473684,-1.0476190476190477,-1.0491803278688525,1.625,16.0,-1.435897435897436,-268.0,2.966666666666667,-0.04186236471308957,-0.6215538847117794,-0.6097560975609756,0.0609037328094304,-0.08531746031746024,0.26188113353181164,0.0,0.031559114460668836,-0.6193548387096774,0.018867924528301883,0.09846690764053334
2010-12-31,0.039778770474367064,0.19916796671866877,-0.00504981574996588,-0.009624197983501337,0.20009713453132583,0.06772908366533859,-57.833333333333336,-57.833333333333336,-62.00000000000001,-57.0,1.1952380952380954,-4.647058823529411,-1.0294117647058822,0.4831460674157304,1.1092436974789917,0.22421142369991465,14.211920529801324,14.90625,0.19074074074074066,0.1540130151843817,2.1370150297098918,0.011441647597254079,0.1543378995433793,14.949152542372882,0.0,0.21082491773516399
2011-03-31,0.008490180032733274,0.022983521248915784,-0.006995884773662531,-0.015733456732993978,0.0546337515176043,-0.03358208955223885,-0.9178885630498533,-0.9178885630498533,-0.9180327868852459,-0.9166666666666666,-1.0238611713665944,0.11290322580645151,10.0,-1.196969696969697,-0.10358565737051795,0.04857242339832868,-0.08445798868088816,-0.017681728880157177,0.038880248833592645,-0.12030075187969935,-0.9306685236768802,0.0,0.04549050632911378,-0.02125398512221044,0.0,0.039359010402024275
2011-06-30,0.014200223146363822,0.165748198389148,-0.005940046967813251,0.28913963328631875,0.07521105141980056,0.10115830115830127,3.678571428571429,3.678571428571429,3.5999999999999996,3.8571428571428568,-13.090909090909092,-4.0144927536231885,1.1818181818181817,-5.153846153846154,0.48,-0.06558193591233596,-0.054683785068949,0.01200000000000001,0.07260479041916179,-0.1004273504273504,-0.05785456006428291,0.0,0.06015891032917153,0.008686210640608039,0.0,-0.09575331349743044
2011-09-30,-0.006200620062006168,0.01381818181818173,-0.019038354641467525,-0.056528081692195475,0.02676659528907921,-0.037868162692847096,0.2442748091603053,0.2442748091603053,0.26086956521739135,0.23529411764705865,0.5413533834586466,-1.7548076923076923,0.5833333333333333,-1.037037037037037,-0.012012012012011963,-0.13521677327647474,0.24044265593561365,0.324110671936759,0.027913468248429885,-0.19239904988123513,-0.15991471215351816,0.0,0.03319057815845805,0.31324004305705055,0.0185185185185186,0.07458370724897811
2011-12-31,-0.03793901579953707,-0.0911047345767575,-0.06431505879019694,-0.22999613451874756,0.02676399026763998,0.11588921282798825,0.024539877300613577,0.024539877300613577,-0.011494252873563204,0.011904761904761862,0.5317073170731708,0.006369426751592355,16.94736842105263,43.416666666666664,-0.5400202634245188,-0.07602219026094104,-0.294403892944039,-0.25820895522388065,0.022403258655804503,-0.10294117647058831,-0.31675126903553297,0.018853695324283493,0.06735751295336789,-0.28770491803278686,0.036363636363636154,0.18038415143360842
2012-03-31,-0.003765690376569042,-0.0284135753749013,-0.03769871309613926,0.17971887550200805,0.07075152335815837,0.12018288700195945,-0.23353293413173648,-0.23353293413173648,-0.22093023255813948,-0.23529411764705876,-0.18789808917197448,-0.5949367088607596,-1.0146627565982405,-1.3808630393996248,0.447136563876652,0.19323993773626857,0.14770114942528734,0.21529175050301808,0.062416998671978696,0.1672131147540985,0.588410104011887,0.0,0.07475728155339811,0.12197928653624857,0.08771929824561409,-0.1764012263186856
2012-06-30,-0.056173876522469524,-0.19577579203899265,-0.09471365638766516,-0.22425531914893615,0.021182421751501757,-0.05655976676384844,-0.046875,-0.046875,-0.059701492537313494,-0.04615384615384621,0.14117647058823524,0.0,-62.4,-2.9064039408866993,-0.589041095890411,0.00838613492359297,-0.04957436154231343,0.009933774834437026,0.02750000000000008,-0.050561797752809,-0.16183348924228236,0.0,0.0819030412526347,-0.04615384615384621,0.06451612903225823,0.03665171327670125
2012-09-30,0.024474357548114334,0.13636363636363646,0.01338199513381988,0.032364234777838785,0.044272445820433326,-0.10074165636588384,0.39344262295081966,0.39344262295081966,0.39682539682539675,0.403225806451613,0.21993127147766334,-3.09375,-0.8273615635179153,-1.9896640826873386,1.411111111111111,0.011458140824246899,-0.027397260273972712,0.032786885245901676,0.04683698296836969,-0.014792899408283988,0.03180803571428559,0.0,0.01948232674645145,-0.0010752688172043223,0.030303030303030276,0.10072737317005798
2012-12-31,-0.037789119339776356,-0.14711111111111108,-0.019207683073229287,0.07810839532412328,-0.06996738808182623,0.053608247422680444,-0.16470588235294115,-0.16470588235294115,-0.15909090909090906,-0.1724137931034483,-0.20281690140845066,-0.10447761194029848,6.037735849056604,-1.8955613577023498,-0.5314900153609832,-0.0069431755892562785,-0.05633802816901401,-0.025396825396825307,-0.059267867518884354,-0.05105105105105101,-0.01676581936181709,0.04626202812731317,-0.03357903357903369,-0.04305705059203435,0.014705882352941124,-0.2088665830196571
2013-03-31,-0.0034984764699244053,0.014590932777488241,-0.040916244098618604,-0.08181370133070476,0.0653490596110935,0.00391389432485334,0.5,0.5,0.5000000000000002,0.5138888888888891,-0.2508833922261484,-1.275,-0.8726541554959786,-1.239067055393586,0.26885245901639343,0.11977920883164672,0.13547646383467282,0.17426710097719855,0.06114885731933284,0.1898734177215189,0.17051705170517062,0.0,0.06920903954802271,0.18447694038245221,-0.014492753623188248,0.10499048424614088
2013-06-30,0.01540203850509636,0.12480739599383672,0.0,0.03274288781535151,0.04009575104727703,0.014944769330734298,-0.35680751173708924,-0.35680751173708924,-0.3513513513513514,-0.3486238532110093,0.509433962264151,-0.6363636363636364,-0.7263157894736842,2.3536585365853657,0.7105943152454781,0.06293131777850802,0.0045500505561171245,0.023578363384188616,0.03783469150174623,0.0026595744680850686,-0.07894736842105265,0.0,0.024306472919418676,0.03228869895536568,0.0,0.08917806908429826
2013-09-30,-0.00033459736783403304,-0.024657534246575352,-0.007839562443026415,-0.012474012474012475,0.011507479861910141,-0.03457106274007682,0.14598540145985406,0.14598540145985406,0.13888888888888884,0.14084507042253525,0.009374999999999911,6.25,6.884615384615385,-0.8836363636363637,0.048338368580060465,0.019477508115628428,-0.03019627579265216,-0.012195121951219523,0.029725182277061224,-0.018567639257294433,-0.007653061224489943,0.0,0.011864843951508774,-0.027598896044158217,0.014705882352941124,-0.012386892734779886
2013-12-31,-0.02242552716724311,-0.06554307116104874,-0.007901506798970948,0.012631578947368327,-0.04436860068259385,-0.0013262599469495706,-0.1847133757961783,-0.1847133757961783,-0.1707317073170731,-0.1728395061728395,-0.08359133126934981,-0.7011494252873562,0.7170731707317073,-3.4375,-0.11239193083573484,0.09310083396512514,-0.03736377789309819,-0.019204389574760117,-0.04629629629629617,0.06216216216216219,0.11311053984575836,0.04775380261761586,-0.022431812388478134,-0.01797540208136239,0.0,-0.07721046077210458
2014-03-31,-0.001141291942478917,0.03356713426853708,0.006112243007964535,-0.016112266112266127,-0.012797619047619002,-0.031872509960159334,0.0703125,0.0703125,0.0588235294117645,0.07462686567164178,-0.4966216216216216,-5.346153846153846,-0.375,-1.5256410256410255,0.06655844155844148,0.07379664308503253,-0.1180592991913747,-0.11748251748251737,-0.013135351227869796,0.12468193384223913,0.0900692840646653,0.03376097231600261,-0.011734028683181186,-0.10789980732177262,-0.014492753623188248,0.05051089261615571
2014-06-30,-0.0006855575868373043,-0.06834706737760543,0.031111929307805486,0.025884838880084526,-0.05275851673198673,0.05555555555555558,0.11678832116788329,0.11678832116788329,0.12500000000000022,0.11111111111111116,0.8590604026845639,-1.504424778761062,0.27727272727272734,-2.4878048780487805,-0.091324200913242,-0.0002583645523833722,0.05440097799511001,0.034865293185419866,-0.04571759259259278,0.013574660633484337,0.12669491525423715,0.032658393207054104,-0.05224274406332452,0.03347732181425478,0.0,-0.09185171591117647
2014-09-30,-0.036588154584953125,-0.08844953173777315,0.12051419389394757,-0.005664263645726031,-0.31635900700190966,-0.029889538661468484,-0.2875816993464052,-0.2875816993464052,-0.2592592592592593,-0.26250000000000007,-0.09386281588447654,0.29824561403508776,0.11032028469750887,1.2131147540983607,-0.23953098827470687,0.05271998966274705,0.021449275362318998,-0.06891271056661563,-0.27046694966646445,0.1026785714285714,0.021436630312147376,0.031625553447185206,-0.29036748329621376,-0.08150470219435724,0.014705882352941124,-0.08325755279377589
2014-12-31,0.0276525041538096,0.32477168949771684,0.13623326959847026,0.26877265665458316,-0.29003724394785846,0.0,1.146788990825688,1.146788990825688,1.2166666666666668,1.2542372881355934,0.26294820717131473,-6.9324324324324325,-0.1217948717948718,-4.562962962962963,1.0594713656387666,-0.07131459432920095,0.41827468785471056,0.20394736842105265,-0.26184538653366574,0.2732793522267205,0.0022091310751104487,0.03065603923973015,-0.30914083954491955,0.2036405005688282,0.0,0.04408685109666055
2015-03-31,-0.06120799168495206,-0.1654459284791039,-0.048240078530360386,-0.05020408163265311,-0.12196721311475411,-0.05224380442062959,-0.5769230769230769,-0.5769230769230769,-0.5563909774436091,-0.5639097744360904,-0.8264984227129337,-1.0569476082004556,0.3905109489051095,-1.7525987525987525,-0.38716577540106956,0.04031192175522058,0.16806722689075615,-0.04234972677595639,-0.11711711711711725,0.40858505564387904,-0.1594415870683321,0.01100535395597868,-0.06473594548551953,-0.05293005671077511,0.01449275362318847,-0.12129209331785074
2015-06-30,-0.009349243449378819,0.08156943727413535,-0.01149255930455284,0.034808766652342005,0.0014936519790889058,0.04664310954063611,0.3737373737373737,0.3737373737373737,0.33898305084745783,0.36206896551724155,4.545454545454546,-18.76,0.5485564304461943,-1.4475138121546962,0.2827225130890052,0.0675898869266931,0.24665981500513867,-0.008559201141226658,0.003826530612244916,0.20993227990970675,0.11276223776223793,0.011179758752574154,0.010928961748633892,-0.01896207584830334,0.014285714285714235,0.045170591061989285
2015-09-30,0.016391406929094687,0.1303102625298329,0.03308987926665674,0.029485049833887,-0.06711409395973156,-0.031735313977042545,-0.3529411764705882,-0.3529411764705882,-0.3291139240506329,-0.3291139240506329,0.08524590163934431,-0.6621621621621622,-0.7559322033898305,1.04320987654321,0.4503401360544217,-0.10186838034035461,0.12228634240175862,-0.02877697841726623,-0.05972045743329091,-0.10541044776119413,-0.09897879025923018,0.011056153622345244,-0.0822822822822824,-0.02644964394710081,0.0,0.09793103448275864
2015-12-31,0.010140500916310247,-0.03082770270270274,0.005482614341364878,-0.09802339653085923,0.03597122302158273,-0.0006973500697350365,0.8863636363636365,0.8863636363636365,0.8679245283018866,0.8490566037735847,-0.3987915407854985,-1.6800000000000002,-0.2222222222222222,-1.054380664652568,-0.016885553470919357,-0.017887902477805695,-0.08374142997061707,-0.11259259259259258,0.03783783783783767,0.044838373305526646,0.00043591979075841003,0.010935251798561252,0.025523560209424145,-0.11285266457680243,0.0,0.07453936348408696
2016-03-31,0.021286889211417526,0.08061002178649246,0.01836705409671402,-0.0026833631484793896,0.03703703703703698,-0.02023726448011165,-0.45783132530120485,-0.45783132530120485,-0.4545454545454545,-0.4591836734693877,-0.7587939698492463,-1.1764705882352942,-1.5446428571428572,-8.333333333333332,0.12595419847328237,-0.04722072315164594,-0.019241047568145375,-0.026711185308848195,0.03255208333333326,-0.08183632734530943,0.06840958605664493,0.010816965556504243,0.01595405232929159,-0.017667844522968212,-0.014084507042253502,0.08349571317225268
2016-06-30,-0.18024632875414492,-0.05120967741935489,-0.04959842186839514,-0.1130044843049327,-0.8705357142857143,-0.1125356125356125,-3.922222222222222,-3.922222222222222,-3.888888888888889,-3.943396226415094,2.375,12.722222222222221,-1.1475409836065573,2.0303030303030303,0.3347457627118644,0.07774001699235344,-0.7828337874659401,-0.8250428816466552,-0.8701134930643127,0.04347826086956519,0.09665579119086454,0.010419600112644423,-0.8423366834170855,-0.8237410071942446,-0.014285714285714346,0.06968797769984714
