Quarter end,Assets,Current Assets,Liabilities,Current Liabilities,Shareholders equity,Revenue,Earnings,Earnings available for common stockholders,EPS basic,EPS diluted,Cash from operating activities,Cash from investing activities,Cash from financing activities,Cash change during period,Cash at end of period,Price,ROE,ROA,Book value of equity per share,P/B ratio,P/E ratio,Cumulative dividends per share,Equity to assets ratio,Net margin,Asset turnover,Current ratio
1993-12-31,0.017126949718940576,0.04876287407367408,0.028381968564134885,0.05254071721273701,0.005629648300980561,-0.23521818325809773,-0.5223140184095367,-0.5223140184095367,-0.5245901639344263,-0.3653846153846154,-0.5901946497345685,-0.18674072323327817,-0.6830963797399443,-2.018663655685441,0.9434175073626168,-0.04021655065738594,0.032710280373831946,0.010218978102189746,0.007425742574257432,-0.11726384364820841,0.012668918918918859,inf,-0.01131999191429145,0.045009784735812186,-0.008130081300813052,-0.003570447679208999
1994-04-03,0.017126949718940576,0.04876287407367408,0.028381968564134885,0.05254071721273701,0.005629648300980561,-0.23521818325809773,-0.5223140184095367,-0.5223140184095367,-0.5245901639344263,-0.3653846153846154,-0.5901946497345685,-0.18674072323327817,-0.6830963797399443,-2.018663655685441,0.9434175073626168,-0.04021655065738594,0.032710280373831946,0.010218978102189746,0.007425742574257432,-0.11726384364820841,0.012668918918918859,inf,-0.01131999191429145,0.045009784735812186,-0.008130081300813052,-0.003570447679208999
1994-07-03,0.0015688759258813967,-0.007929459664116068,0.009028809829513484,0.009955580460071944,-0.0062240590863166245,-0.23521818325809773,-0.5223140184095367,-0.5223140184095367,-0.5245901639344263,-0.3653846153846154,-0.5901946497345685,-0.18674072323327817,-0.6830963797399443,-2.018663655685441,-0.4945026600032243,-0.1095890410958904,0.032710280373831946,0.010218978102189746,-0.002457002457002644,-0.11726384364820841,0.012668918918918859,1.1428571428571428,-0.007769372316499656,0.045009784735812186,-0.008130081300813052,-0.017732451304667496
1994-10-02,0.050192432920091345,0.1537494337550125,0.062010258561436826,0.09108772870760906,0.03765759446811967,0.42978595615570203,2.200908193484699,2.200908193484699,2.2068965517241383,-0.3653846153846154,13.007874015748031,-0.13170972710628037,-1.4159233564585398,-2.2373345504335918,1.2104222477356807,0.008144796380090469,0.032710280373831946,0.010218978102189746,0.039408866995073843,0.011070110701107083,0.012668918918918859,0.5333333333333334,-0.011951370286420793,0.045009784735812186,-0.008130081300813052,0.05743148442615298
1994-12-31,-0.053544027843208775,-0.111040102552185,-0.08808271579935167,-0.15648836361787244,-0.016050039362095037,0.1173044072959335,-0.6938800685886286,-0.6938800685886286,-0.6881720430107527,-0.3653846153846154,3.8706776188144847,0.2855373698831878,36.82716441620334,-1.4171892290667651,-0.22845188284518825,0.05655296229802498,0.032710280373831946,0.010218978102189746,-0.016587677725118377,0.018248175182481674,0.012668918918918859,0.34782608695652173,0.03962460896767461,0.045009784735812186,-0.008130081300813052,0.053958425475453264
1995-04-02,-0.0028204958801182345,-0.009599795923960541,-0.024883421467003175,-0.04872390956782102,0.019376864894872003,-0.1967252129157958,1.4434011686479953,1.4434011686479953,1.4137931034482758,-0.3653846153846154,-0.6896762256480513,-0.0028900229118933307,-0.8035502809484214,-0.7828723001136795,-0.0642905228513726,0.06627017841971128,0.032710280373831946,0.010218978102189746,0.02168674698795181,0.08243727598566308,0.012668918918918859,0.25806451612903225,0.022266800401203657,0.045009784735812186,-0.008130081300813052,0.041124632815778384
1995-07-02,-0.013040324653543212,-0.022859660755737532,-0.022998960958492853,-0.038479006530010906,-0.0034560361164963638,-0.16736142653260255,-0.4504147906255669,-0.4504147906255669,-0.4571428571428571,-0.3653846153846154,-0.6726489676931751,-0.10321957333472598,-1.2982534898138054,-5.011052937754508,0.2755905511811023,0.055776892430278835,0.03242835595776761,0.010218978102189746,-0.002358490566037652,0.0364238410596025,0.012668918918918859,0.20512820512820507,0.00961538461538436,0.029962546816479252,0.024590163934426146,0.016203143893591232
1995-10-01,0.05049953712067268,0.14833767390894703,0.42350503552122043,0.7952328840104301,-0.30144465612484606,0.35835955855782253,1.464574017945563,1.464574017945563,1.6842105263157894,-0.3653846153846154,1.631619452486532,0.21942697414395518,-3.477709288990826,-1.6729514140681654,-0.1453907376073197,0.11773584905660384,0.08765522279035798,0.010218978102189746,-0.2198581560283689,0.1182108626198084,0.07422852376980815,0.19148936170212782,-0.33508260447035954,0.0,0.008000000000000007,-0.3603046168491194
1995-12-31,-0.05296031974123072,-0.125152357040484,-0.1111775652263246,-0.3388920587960845,0.05897532679866391,0.14142274852436199,0.28868703349690117,0.28868703349690117,0.32352941176470584,-0.3653846153846154,3.351487975044911,-0.2864135625596944,7.027973039428389,-2.093103448275862,0.18596465498276737,0.0708980418636056,0.5030221625251847,0.4118497109826589,0.06060606060606055,0.3742857142857141,0.030279503105590022,0.1607142857142856,0.11838643671441096,0.38909090909090893,0.015873015873015817,0.32328869047619047
1996-03-31,-0.011228623522100967,-0.029685912635811995,-0.034200509937837076,-0.07294919332912986,0.025843083625511243,-0.16818040971522108,-0.43861257039192714,-0.43861257039192714,-0.4296296296296297,-0.3653846153846154,-0.6093683994930811,-0.42134850259327417,-0.721892915440024,4.439668769716088,0.8529648179063871,0.14375788146279955,0.07193923145665782,0.0020470829068577334,0.028571428571428692,0.07692307692307687,-0.207611152976639,0.1384615384615384,0.03737584945112382,-0.020942408376963262,0.0234375,0.046668540905257405
1996-06-30,-0.0018661309207138599,-0.009029625350441273,0.003233617296831026,0.0013091210419056143,-0.009614328689243168,-0.14510893019321236,-0.3125136749978962,-0.3125136749978962,-0.3116883116883117,-0.3653846153846154,-0.9389085963805576,0.14098190019082857,-1.0073335060896604,-1.424356650960493,-0.19534169781099842,0.01708930540242548,0.11338057523968326,0.03166496424923393,-0.005555555555555536,-0.009652509652509633,-0.0028530670470756636,0.12162162162162149,-0.007810531620055405,0.006684491978609541,0.022900763358778553,-0.010385889515623692
1996-09-29,0.061962703535489494,0.18865843840417118,0.07299845100041269,0.16031033838100583,0.044978255238510734,0.34657553340708724,1.3078806277082773,1.3078806277082773,0.15094339622641506,-0.3653846153846154,7.07670645031514,0.8495768080685215,-22.197879858657245,-2.0023915271609156,0.24334411545160495,0.17560975609756113,0.012354923249719096,0.04455445544554437,0.04469273743016755,0.18128654970760238,0.1273247496423462,0.12048192771084354,-0.015744032503808958,0.01726427622841964,0.02985074626865658,0.02442775716999912
1996-12-31,0.07350888996452642,-0.0644550815044167,0.11382290118180727,-0.12213109911651765,0.009800365817701717,0.10890150102206775,-0.16565185106608682,-0.16565185106608682,-0.16393442622950816,-0.3653846153846154,3.549296008501029,8.989450320600646,-8.669444907484582,-0.8757668711656441,0.024314588753251876,0.09774089442139222,-0.10613905325443784,-0.11848341232227488,0.016042780748662944,0.051155115511551275,0.04103214890016926,0.10752688172043001,-0.05933952528379782,-0.10574412532637067,-0.014492753623188248,0.06570696811799004
1997-03-30,0.01679668022692815,0.03548668716900427,0.01244110634828477,0.02943810766034405,0.024388878409606685,-0.1569621104771195,-0.12408777684542427,-0.12408777684542427,-0.11764705882352944,-0.3653846153846154,-0.5071041442362088,-0.8595602858279272,-1.738888043643635,9.87928669410151,0.2582462309921527,-0.002099958000839841,0.016963177492759662,-0.0021505376344086446,0.023684210526315974,-0.01883830455259028,0.09101991060544501,0.09708737864077666,0.007405375754251375,0.016058394160583855,-0.022058823529411797,0.005883815364216449
1997-06-29,0.017577795688465292,0.036350390265827315,0.020431410578964027,0.02481419366647919,0.012661676211199957,-0.09650173721082644,-0.26606090515864955,-0.26606090515864955,-0.2666666666666666,-0.3653846153846154,-1.0568674056467557,-0.5425993202859487,-0.7095645011839802,-4.205459588954735,-0.6578981419181202,0.1262626262626263,0.011391375101708734,-0.006465517241379226,0.01285347043701801,0.1008,0.08640595903165726,0.08849557522123908,-0.004900626191124524,0.007183908045977017,-0.015037593984962405,0.011286867688251823
1997-09-28,0.061198490415791174,0.1741004148914962,0.3017013453120696,0.256678767353661,-0.35631137931378054,0.2714730344286205,0.9910015030456452,0.9910015030456452,1.0606060606060606,-0.3653846153846154,-2.485546875,0.982235886924588,-5.027295285359801,-1.875523650309765,1.6837248004841334,0.044469357249626196,0.11021721641190685,-0.01952277657266821,-0.31218274111675126,0.03052325581395343,0.008570449091532373,0.08943089430894324,-0.39343365253077967,0.0028530670470756636,-0.01526717557251911,-0.0657433808553971
1997-12-31,-0.05880623665593898,-0.167224096416569,-0.10405134004845651,-0.265621063181978,0.10003147347456842,0.07886176743862938,0.1534373665232982,0.1534373665232982,0.19117647058823528,-0.3653846153846154,28.632570777456394,-0.3422016372253339,-5.07736994982836,-1.3755503639140982,-0.23561412162638296,0.024329159212880036,0.21159420289855047,0.11725663716814183,0.09963099630996308,0.4894217207334275,-0.011896668932698917,0.08208955223880587,0.16869643662607126,0.11237553342816509,0.0,0.13402511335891165
1998-04-05,-0.010564420175277589,-0.03446319821726418,-0.03568894739648054,-0.11981802529800245,0.06127419366186437,-0.11618540470755645,-0.35038753014123325,-0.35038753014123325,-0.345679012345679,-0.3653846153846154,-0.6435290080987228,0.3208776813492713,-0.7693154588433392,-1.3218088288072736,0.09919427696959637,0.16206776108976606,0.0971889952153111,0.017821782178217838,0.06040268456375841,0.05681818181818188,0.008255933952528327,0.07586206896551739,0.07255885758394442,-0.0038363171355499937,0.023255813953488413,0.09696270665128814
1998-07-05,0.00937457968239186,0.026508505721357434,0.010219422005141698,0.02968128457081498,0.007179626566607089,-0.198234912701853,-0.3641377116116289,-0.3641377116116289,-0.37735849056603776,-0.3653846153846154,-1.091034311081608,0.2079438673046885,-1.4505895564289726,-5.830111524163569,-0.4358823825418924,0.07874962428614363,0.07658762605614622,-0.006809338521400865,0.006329113924050667,0.017921146953404854,0.04674172637325147,0.07051282051282048,-0.0021590500179919925,-0.0012836970474968679,-0.007575757575757569,-0.003084256273657826
1998-10-04,0.05724227059739073,0.18216874001230465,0.055852507014504615,0.17480538353379682,0.06086386070457306,0.38259698159584454,1.2419055561346815,1.2419055561346815,1.2727272727272725,1.2424242424242422,-6.3063531127518,0.07366584564860434,-0.9814567571576918,-1.2513661202185793,0.19422556569831406,-0.07495123989969343,-0.03367088607594948,0.021547502448579836,0.06289308176100628,-0.08098591549295775,-0.0749674054758801,0.07185628742514982,0.0036062026685899085,0.005141388174807249,0.01526717557251911,0.006257910279848122
1998-12-31,-0.020445454281240893,-0.0647517971489745,-0.05833558270394146,-0.03824367788958072,0.077826149900728,0.018620860194029643,0.022541917364901964,0.022541917364901964,0.01333333333333342,-0.027027027027027084,2.8124398790710456,0.02355235236766129,-272.2688,-1.1743723208818126,-0.028359435301147817,0.028313253012048012,-0.06628242074927948,-0.025886864813039367,0.10355029585798814,-0.03256704980842906,0.0024665257223397408,0.06703910614525133,0.10025152712899765,-0.016624040920716232,-0.007518796992481258,-0.027531269652714796
1999-04-04,-0.0883159062988198,-0.0955072727048254,-0.11926511889040425,-0.2953263526847516,-0.018186685036280292,-0.23772101527296896,1.0432532717334957,1.0432532717334957,1.0789473684210527,1.1805555555555558,-0.372750005632026,-8.72990792103248,2.1655450239762186,-15.38630377524144,0.4198954489544895,-0.12858816637375514,0.3947811447811447,0.45374015748031504,-0.018766756032171594,-0.20990099009900987,-0.09455184534270644,0.0628272251308899,0.07674722403657719,0.4876462938881665,-0.022727272727272707,0.28353811884745284
1999-07-04,0.05008922293876972,0.1519503463122427,0.06935859857882987,0.2430105279657253,0.010921048131373068,-0.09724679205037923,-0.7772065696354653,-0.7772065696354653,-0.7721518987341772,-0.7770700636942676,-2.0818589950795534,-1.0830556676420202,-1.300587297091836,-2.443976565360674,-0.4270167839740119,-0.08974789915966397,-0.02615167974250654,0.00677048070413,0.013661202185792254,-0.07268170426065168,-0.37422360248447206,0.05911330049261099,-0.03730664240218373,0.011363636363636243,0.0,-0.07327996417175164
1999-10-03,0.05180225793148141,0.146379983648099,0.07729891012865986,0.2036308457962388,-0.0030197550363888492,0.25017140566711094,0.7496354010588353,0.7496354010588353,0.75,0.7714285714285716,-1.4521980466234206,0.1500843660906499,-1.1080186457067764,-1.4711128016567347,0.35109767236763356,0.014771048744461002,-0.055567031605040285,-0.03698722259583054,0.005390835579514919,0.0013513513513512265,0.008684863523573227,0.0604651162790697,-0.051984877126654117,-0.006050129645635227,-0.03875968992248069,-0.04754137972695416
1999-12-31,-0.023653839814151145,-0.0549914947905592,-0.061889953570746004,-0.17021534177751552,0.06518343567026075,0.036695587773449834,0.11908241795884811,0.11908241795884811,0.09523809523809512,0.06451612903225823,2.9786949754794,-0.5629980016694913,9.244175370136578,5.744594958284741,1.752657590451324,-0.09097525473071322,-0.03827646544181984,-0.020949720670391025,0.06434316353887404,-0.09581646423751689,-0.05719557195571967,0.05701754385964919,0.09106015287470903,0.00782608695652165,-0.024193548387096753,0.13883427411682625
2000-04-02,-0.03412335671590594,-0.08727167611993936,-0.042404777526940274,-0.11837060501186114,-0.01717780465981633,-0.10193446056293964,-0.27372534614874444,-0.27372534614874444,-0.26086956521739124,-0.2272727272727273,-0.6557258472246312,1.173419773095624,-0.2871131277483685,-1.9512915325476843,-0.6057013160792019,-0.11489191353082473,-0.3422788264725949,-0.34022824536376606,-0.007556675062972307,-0.16865671641791047,-0.09849967384213953,0.053941908713692976,0.017362168748096263,-0.34167385677308015,0.0,0.03530853196703054
2000-07-02,0.014998825969008589,0.05193473448865582,0.03142475163724767,0.1204278456076926,-0.017749396853915966,-0.15799882188870373,-0.43810059005338575,-0.43810059005338575,-0.43137254901960786,-0.43137254901960786,-1.2132941718744976,-0.0909236177692554,-1.335326612237842,-0.8411912751677852,-0.24395377808325103,0.13975576662143818,-0.0387275242047026,-0.034594594594594574,-0.015228426395939132,0.14901256732495516,0.7040520984081042,0.051181102362204633,-0.03203592814371259,-0.02752293577981657,-0.008264462809917328,-0.06116191500806878
2000-10-01,0.08136702453202371,0.22245042101049028,0.10266417936663919,0.3325503384299011,0.03678141411855673,0.43117588531028317,1.6853935393539352,1.6853935393539352,1.6896551724137936,1.6896551724137936,2.30862398230978,0.041512861076932195,1.5893049632094485,-1.8020778306039795,0.25880681818181817,-0.0452380952380953,0.04999999999999982,0.05711086226203799,0.04123711340206193,-0.03125,-0.017834394904458706,0.05243445692883908,-0.04144757191463022,0.032345013477088846,0.025000000000000133,-0.08262189881395754
2000-12-31,-0.02822292423453221,-0.13777284321399852,-0.07171028339710561,-0.18266449535007157,0.068603128410331,-0.001548353673057612,0.07967040640566081,0.07967040640566081,0.10256410256410242,0.07692307692307687,-7.146472241209083,3.629405642597958,-3.2843722849695918,-2.3546652030735453,-0.27851500789889416,0.19368246051537819,0.0383693045563549,0.04978813559322037,0.06683168316831667,0.14677419354838706,0.10851707738867278,0.04982206405693956,0.09970958373668926,0.03524804177545682,0.016260162601626105,0.05496221347823371
2001-04-01,-0.04245099142516717,-0.13513434227713328,-0.08894509153757069,-0.2524771776278816,0.04747684326267443,-0.09592502146619553,-0.3195529570031562,-0.3195529570031562,-0.32558139534883723,-0.3214285714285715,-0.3800095390371504,-0.8658524729614777,-0.070899395437654,-0.5369094886962158,-0.17876693046388692,0.09052924791086348,-0.010887495875948394,0.017154389505549927,0.044083526682134666,0.02250351617440205,0.009360374414976613,0.047457627118643986,0.0938967136150235,0.0012610340479193294,0.016000000000000014,0.15694748682730442
2001-07-01,0.03819467056884607,0.11158866091464614,0.09128456760907566,0.3168177282844564,-0.05111701682532743,-0.1679396379275392,-0.33542442906749803,-0.33542442906749803,-0.34482758620689646,-0.33333333333333326,-1.2496801272316358,1.978349488178277,-1.525388243119931,-0.0930883639545057,-0.19741753637540949,0.022669220945082946,0.012675116744496284,0.025793650793650924,-0.04444444444444451,-0.02063273727647863,-0.0019319938176197704,0.04530744336569592,-0.08610515021459231,0.02267002518891692,0.0,-0.15586940947702388
2001-09-30,0.05363677713691528,0.17899085773479007,0.04874198527875828,0.13996025963703795,0.06310690834116062,0.45093279368621775,1.3029043269322451,1.3029043269322451,1.3421052631578947,1.3157894736842106,-2.635712005108557,-1.299349108826571,-1.7632960807706979,-6.4209917036465365,1.3334440700488823,-0.023103340618170543,0.006916996047430901,0.03288201160541582,0.06511627906976747,0.022471910112359605,-0.0572977158343011,0.049535603715170407,0.009098914000587044,0.012315270935960632,0.023622047244094446,0.034250727449078644
2001-12-31,-0.10076844073624769,-0.20478880817863865,-0.11372735025819403,-0.2952881625367786,-0.07603514791279065,-0.02320761487642853,-1.3722280187476192,-1.3722280187476192,-1.3707865168539326,-1.375,3.05718273294229,-3.8366693761430604,1.9228372745831916,2.0244865999928816,1.7283395704523268,0.031000319590923642,-0.4337585868498528,-0.42883895131086147,-0.08515283842794752,-0.03296703296703296,-0.007802874743326527,0.04424778761061954,0.027632344386271157,-0.44647201946472015,0.030769230769230882,0.12842154621651725
2002-03-31,0.023746162349919775,0.06692270335688422,-0.016473465236598317,-0.0518366081616769,0.09737762420633111,-0.2240420686748038,-2.936441903405931,-2.936441903405931,-2.9393939393939394,-2.909090909090909,-0.7093501851081181,-0.9982448913802676,-0.8732315460534692,0.010590851857517736,0.6401857663607833,0.07253564786112854,0.032928942807625594,0.03770491803278686,0.10023866348448696,0.17329545454545459,0.9093543046357617,0.04237288135593209,0.07189357486555337,0.05934065934065935,-0.022388059701492602,0.12528568460419698
2002-06-30,-0.010796969449043292,0.008722974513436954,-0.03365417199999221,-0.08483012410262114,0.026707103571644186,-0.16696307356758588,-0.2745361594577518,-0.2745361594577518,-0.28125,-0.26984126984126977,-0.7525160564126332,240.69387755102042,0.18954285878267862,-1.4102982102725927,-0.16014471017061616,-0.029768786127167712,0.023489932885906173,0.06003159557661952,0.026030368763557465,-0.11864406779661008,-0.06698460871450251,0.04065040650406493,0.037760760496435175,0.06846473029045641,-0.007633587786259555,0.10219719350073864
2002-09-29,0.04785795017954175,0.1610984750211295,0.039990762036780536,0.16676168215419107,0.06000752008838428,0.3993614763037032,0.9488344840691709,0.9488344840691709,0.9565217391304348,0.9347826086956521,-0.26175506655073244,-0.2939289031495398,0.6954791083663032,0.8427176751050063,-0.35137182747984197,0.012213285671730523,-0.015300546448087426,0.02235469448584193,0.06342494714587743,-0.013736263736263798,-0.03717472118959109,0.04166666666666674,0.011704834605598124,0.04660194174757293,-0.023076923076923106,-0.004858028310578799
2002-12-31,0.01001556280446203,-0.13389660781003576,0.015853563956902406,-0.10934957694406211,0.001169987592146482,0.0032169855448265228,0.05895258603177189,0.05895258603177189,0.05555555555555558,0.03370786516853941,19.500203850509628,4.504903133221717,1.5980706022964957,-3.739611889727399,1.4840897713999666,-0.04944084755738665,0.6925638179800222,0.7376093294460644,0.027833001988071482,-0.1058495821727019,-0.05526061776061775,0.04249999999999998,-0.008802816901408494,0.8163265306122447,-0.03937007874015752,-0.02756501977947967
2003-03-30,-0.048267932290031124,-0.13330294440250134,-0.005980990569258715,-0.031592075282620646,-0.11327962394191748,-0.17548536886649801,-0.25139656230816454,-0.25139656230816454,-0.231578947368421,-0.2065217391304348,-0.6958845808786809,-0.5651503302050747,0.37603986965689096,-1.8638655745630555,-0.5161061721014433,0.0037151702786379914,0.03442622950819674,0.02684563758389258,-0.10251450676982599,-0.02336448598130847,-0.42886334610472543,0.0383693045563549,-0.06825678761735599,0.035750766087844665,-0.008196721311475419,-0.10503310685073797
2003-06-29,-0.004290347743975076,-0.014702686513741181,-0.0008209957375961974,-0.015114149215401218,-0.010269526776325533,-0.10915982802503665,-0.2672666516328748,-0.2672666516328748,-0.2465753424657533,-0.26027397260273966,-1.0876439600363306,0.17170405155617718,-0.7356979678259001,-0.18409287615428171,-0.8702212721063883,0.043183220234423114,0.0374009508716322,0.019607843137254832,-0.006465517241379226,0.16267942583732076,0.008497316636851604,0.03926096997690531,-0.005991285403050162,0.013806706114398493,0.0,0.0004352030947776253
2003-09-28,0.1089757271839773,0.15325946739420537,0.15963846505681034,0.44743138931602133,0.020828591507410454,0.40265923932565073,1.0088970958536176,1.0088970958536176,1.0,1.0185185185185186,2.0539711490631736,-0.21224524601347317,-2.279002529815685,-1.0889071447941425,0.5961600171141299,0.05795387344766412,0.0782157042468683,0.0328525641025641,0.02386117136659416,0.06447187928669407,0.030155210643015407,0.04222222222222238,-0.07945205479452044,0.03891050583657596,0.0,-0.20324810285659045
2003-12-31,-0.020569586079421387,-0.0907075414841898,-0.05196018410139003,-0.22402179801862687,0.04147286190902433,-0.009877256366187304,0.009289434834684362,0.009289434834684362,-0.00909090909090915,-0.00917431192660556,-14.68778673616201,1.5197824204373243,-4.840044268625789,6.620705122454472,2.8463059138884237,0.0575740637227502,0.05213941626523111,0.02482544608223436,0.04661016949152552,0.03350515463917514,-0.0068876452862677295,0.04264392324093791,0.06339285714285703,0.027153558052434468,-0.008264462809917328,0.17180296044649346
2004-04-04,0.01630770347295485,0.046723620035543645,0.008002001151704574,0.014513238080606339,0.0312509278315074,-0.14090760692131898,-0.2607390746388111,-0.2607390746388111,-0.2477064220183487,-0.2407407407407408,-0.5294962288062481,-0.2962270838032026,-0.843241619092587,0.4194448368413617,1.0504037702647375,0.07267441860465107,0.0,-0.002271006813020393,0.030364372469635414,0.02493765586034935,0.02297355873428697,0.04089979550102263,0.014553596417576253,0.006381039197812077,-0.008333333333333304,0.03178711948643609
2004-07-04,-0.009100339662885926,-0.007614568910202291,-0.01230192581103784,0.07581371400880355,-0.003470057119564718,-0.11785835203027573,0.37397220640801887,0.37397220640801887,-0.29268292682926833,-0.31707317073170727,-1.3864759142794516,-0.2462268613896138,0.46332733531528714,-2.790502492142081,-0.9172586373910235,0.07218526730721853,0.13708591435496897,0.13732928679817902,0.003929273084479545,0.04014598540145986,0.04491525423728815,0.037328094302554016,0.0057931034482758825,0.1494565217391306,-0.008403361344537785,-0.07757150025087811
2004-10-03,0.049584944297526246,0.14867268833890157,0.24150791303642327,0.8178391507877298,-0.28493791830351334,0.40374269319941636,0.12914269411820656,0.12914269411820656,0.1724137931034484,0.1785714285714286,-3.3762297406365205,-0.17485929465117223,0.45950786585936343,-1.3145666683650075,3.4872400513478823,0.09099264705882337,0.10350544765513958,0.03202134756504327,-0.2524461839530333,0.08654970760233893,-0.06326034063260333,0.04166666666666652,-0.31870543060888634,0.026792750197005333,0.008474576271186418,-0.36809181897302
2004-12-31,0.002854182891117274,-0.12423065471561445,-0.048480191580815735,0.10592375265643961,0.1582047593377629,0.010725320205211997,0.024406090393372937,0.024406090393372937,0.0588235294117645,0.0,0.9921924844056236,4.080476973280663,1.37664383310744,-1.479312071148806,-0.3724953941571594,0.08171861836562777,0.08757244043786239,0.029734970911441394,0.15968586387434547,0.4477933261571583,0.024675324675324628,0.040000000000000036,0.15458937198067635,0.02379125095932455,0.0,-0.2081432383575793
2005-04-03,-0.012839131530460235,-0.0527518920605764,0.025781793194002534,0.04338243417132026,-0.10885870034205392,-0.1116349609570626,-0.3057503259222719,-0.3057503259222719,-0.3194444444444444,-0.28787878787878796,-0.5996180013962071,-0.84430975780552,-0.31289303329223184,0.1297923322683705,-0.6706603205864654,0.14758566978193133,0.10104598381685403,0.011927181418706967,-0.10383747178329561,-0.011152416356877248,0.08745247148288948,0.03846153846153855,-0.09728033472803344,-0.006746626686656598,0.025210084033613578,-0.09207522556799652
2005-07-03,0.07548041039550535,0.1908094619508689,0.08124973902576338,0.15703074611619172,0.05896950929308287,-0.12248338532724201,-0.1764491926138334,-0.1764491926138334,-0.16326530612244905,-0.17021276595744672,-1.794054517519378,1.1213784974253986,-2.194669074350318,-1.180873915762569,0.3683277962347731,0.0755005089921954,-0.017386628428033624,-0.10856079404466512,0.057934508816120944,0.20075187969924801,0.04778554778554778,0.03703703703703698,-0.015063731170336103,-0.10113207547169822,-0.008196721311475419,0.02909482758620685
2005-10-02,0.11873554126724173,0.20424521511729044,0.1833503785911561,0.12826390401521892,-0.0700724246448079,0.3842320326734767,0.22713406805599767,0.22713406805599767,0.2195121951219512,0.23076923076923062,-0.8349155735922893,0.3920952199915191,-0.38426801733081106,0.9822609741431148,0.533586921333765,-0.05616027764631648,-0.08810653046333461,-0.12595685455810723,-0.05714285714285716,-0.10770194113963683,0.01742677048572494,0.0405844155844155,-0.1690196078431373,-0.10663308144416461,-0.024793388429752095,0.06736474694589867
2005-12-31,-0.04771305168915785,-0.12281324340696664,-0.07887163068889946,-0.1328300145249629,0.06814598931096638,-0.011231216745600237,0.32401757689893285,0.32401757689893285,0.3400000000000001,0.29166666666666674,-20.699429323968392,-0.5500714255703543,-3.8713349088968516,1.2209161231609285,0.7727320702939469,-0.05799766003677087,-0.007201440288057581,-0.052547770700636875,0.07828282828282829,-0.00140350877192974,0.02696793002915454,0.03744149765990645,0.12175554506842845,-0.041353383458646586,-0.008474576271186418,0.011554392849356887
2006-04-02,-0.0159953958292397,-0.03534643064999221,0.006288330442006496,0.143420959898513,-0.08744990578566136,-0.1627240694433254,-0.23528482112942273,-0.23528482112942273,-0.22388059701492535,-0.19354838709677413,-0.6301083223956163,-0.10685187346795844,-0.5991455873489577,-1.7936827727505549,-0.34596549722400016,-0.05908445706174592,0.015514809590973178,-0.02268907563025202,-0.0796252927400467,-0.1271960646521434,-0.03974449964513849,0.03609022556390973,-0.07236011779554052,0.0039215686274511885,-0.02564102564102566,-0.15635775862068957
2006-07-02,0.020283296092399095,0.06320913460654132,0.05059262480996285,0.09353283009825075,-0.08688932938248495,-0.07120950484140942,-0.1862310693737187,-0.1862310693737187,-0.17307692307692313,-0.18000000000000005,-0.9918007108861979,0.28284280411939977,-1.1805795661533367,-0.119950092500968,-0.4655211652253073,-0.002074297567414618,0.04940476190476195,-0.014617368873602765,-0.07633587786259544,0.08454106280193252,-0.01736881005173685,0.036284470246734424,-0.10521541950113378,-0.0107421875,-0.00877192982456143,-0.027717460722953224
2006-10-01,0.05732539318130159,0.17674002750079754,0.0773389333164618,-0.12723234745340395,-0.0240967253981742,0.34341348982526787,0.8657557903291344,0.8657557903291344,0.8837209302325584,0.878048780487805,42.35194709772226,-0.13201165467919074,-0.7158053038917214,-2.180640430212662,1.0283159463487332,0.018329554043839735,0.16808470410285503,0.12652705061082026,-0.01377410468319551,0.10244988864142535,0.008273787138021849,0.037815126050420256,-0.07704004054738967,0.11944718657453102,0.008849557522123908,0.34826589595375723
2006-12-31,-0.08814570666451438,-0.16621217832722812,-0.06838059039302058,-0.12268772241563297,-0.17691513743513032,-0.04760779447006103,-0.15069283750306262,-0.15069283750306262,-0.14814814814814825,-0.18181818181818188,7.420731500627097,1.0088028169014085,-47.690629839958696,1.0499378881987576,1.039277841922956,-0.04843199109296714,0.09808999676270624,0.0038729666924863793,-0.17318435754189943,-0.03569023569023566,-0.16822081312942927,0.036437246963562764,-0.09719934102141692,-0.002645502645502562,0.00877192982456143,-0.04959563480463802
2007-04-01,-0.036808083577767325,-0.09702767362668674,-0.025994907519612087,-0.06085977800373987,-0.09177624984819066,-0.14335393150748033,-0.4007680077954714,-0.4007680077954714,-0.3913043478260869,-0.365079365079365,-0.3890991063521455,-0.5120771253286591,-0.17507511907098372,-1.7404759019108795,-0.37736897911283596,0.034126365054602203,0.049970518867924696,-0.03703703703703698,-0.08108108108108103,0.25139664804469275,0.02959641255605372,0.03515625,-0.05717761557177614,-0.05305039787798416,0.01739130434782621,-0.03844576583965564
2007-07-01,0.06560140720528462,0.11356810610469092,0.08739352308270631,0.18378683677685337,-0.07958743420745251,-0.08775666480792366,-0.9619783252917955,-0.9619783252917955,-0.9523809523809523,-0.975,-1.0329961781760675,1.8356325142501317,-1.357722569230357,-0.4091057886409515,-0.358133690458476,0.004714312653215202,-0.0936403200898499,-0.1762820512820512,-0.07720588235294135,0.09319196428571419,0.05008710801393712,0.03396226415094339,-0.1361290322580646,-0.17833800186741366,0.0,-0.05938799445569887
2007-09-30,0.044136532406457096,0.16352304929715777,0.059894981923095614,0.13903756221537789,-0.055928486034507174,0.33039995589001414,16.665728756330896,16.665728756330896,13.000000000000002,26.0,-3.1746380429355967,-0.45432816155541855,-0.573042443772072,-1.127002446793777,0.0708618824377929,-0.10548048048048053,-0.18974597273853777,-0.27237354085603105,-0.05179282868525892,-0.030627871362940318,0.0920779759435919,0.03649635036496335,-0.09559372666168775,-0.275,0.0,0.021537066424847096
2007-12-31,-0.04678720623613952,-0.13997823682076727,-0.07086024824971848,-0.12053863931962716,0.09932900589414273,-0.040906229434164,-0.13444508154943935,-0.13444508154943935,-0.14285714285714302,-0.11111111111111116,20.284356490196977,0.231956289566146,-7.5015467649575465,30.852053798618684,2.107738195463402,-0.10176248426353329,-0.2953546167080865,-0.3248663101604278,0.09663865546218497,-0.05265929436545547,0.24116976832510462,0.03521126760563398,0.152766308835673,-0.32131661442006265,0.0,-0.022081668885929884
2008-03-30,-0.04240433442670355,-0.11494040968081576,-0.05290384433351092,-0.25808484219499994,-0.0029194396564810043,-0.13550664495143128,0.16381134644756457,0.16381134644756457,0.20833333333333326,0.16666666666666674,-0.44336773436421373,-0.6921337303531718,-0.2918564862621231,-0.7297917261055635,0.1832613507949039,-0.1473954683485168,-0.13022246337493215,-0.14455445544554457,-0.003831417624520994,-0.22290161200667025,0.2138922888616892,0.03287981859410416,0.04154727793696278,-0.14318706697459582,-0.008547008547008517,0.1928968569159195
2008-06-29,0.0028706543395318196,0.013000127514349424,-0.0009228148562993033,0.0034263399362193248,0.027794739771072274,-0.047317945915945514,-0.3443434263578149,-0.3443434263578149,-0.34482758620689646,-0.3571428571428572,-0.7595454756848095,0.7632631407117205,-0.3982044060672776,-5.538074925032732,-0.7028487326246934,0.0030136986301370072,0.18746101060511533,0.21990740740740722,0.030769230769230882,0.007153075822603716,0.15351651121754473,0.03293084522502743,0.024759284731774356,0.19407008086253374,0.02586206896551735,0.009512032721392671
2008-09-28,0.08647061361828734,0.2905653325952666,0.1022322006670704,0.297390683799337,0.010304086580001037,0.347529529045979,2.0033038319627656,2.0033038319627656,1.9473684210526319,2.0000000000000004,-2.152101734253111,0.48742101974217134,-2.789230708318486,-1.8395223736132826,1.985713342285425,0.046435400163889806,0.23877068557919623,0.2789373814041747,0.00746268656716409,0.014914772727272707,-0.13701923076923073,0.03188097768331577,-0.07046979865771796,0.255079006772009,0.01680672268907557,-0.005276547630264639
2008-12-31,-0.17977699492641008,-0.18520526700006967,-0.13083945227227622,-0.18758010914030898,-0.4816626593949346,-0.07534124726690028,-0.3403218294817646,-0.3403218294817646,-0.3392857142857143,-0.6111111111111112,-4.790797554594928,0.030482207042494602,-2.3421950582643296,-2.0922786985200377,-0.7264436121269318,-0.05168363351605332,0.23960983884648002,0.1394658753709197,-0.4814814814814815,-0.058082575227431654,-0.2580400101291467,0.030895983522142068,-0.36823104693140807,0.09172661870503607,0.04958677685950419,0.002936440276593677
2009-04-05,-0.03526407405909504,-0.10273654313001646,-0.050185781370109095,-0.13136862193082732,0.09712789795065357,-0.10262164399076512,-0.07620960379769948,-0.07620960379769948,-0.08108108108108103,0.5714285714285716,0.022902904380558642,-0.20618790203243442,-0.37095620117847616,-1.3433811365181825,0.91186696493545,-0.05725295898706295,0.17396510434485113,0.078125,0.10000000000000009,0.8172362555720654,-0.03378839590443694,0.029970029970030065,0.13828571428571435,0.02471169686985175,0.047244094488189115,0.03296184359652421
2009-07-05,-0.0037421461130959788,-0.02307481955965096,-0.026822431044838835,-0.09190861252952387,0.1966485727789633,-0.052464703555169745,-0.06055814688908212,-0.06055814688908212,-0.05882352941176472,-0.06060606060606066,-0.3902610615637717,-0.3645926461357022,-0.06815989767890462,-2.2463571069665713,-0.5944513364159243,0.04437956204379567,0.21404633542182716,0.13526570048309172,0.19480519480519476,-0.050286181520850404,0.0028258565877783415,0.02909796314257984,0.20080321285140568,0.07877813504823172,0.05263157894736836,0.07579775075432038
2009-10-04,0.08006046793087118,0.2406541897526897,0.03272071198540827,0.10618410901262454,0.42923141738239545,0.26719564747780655,1.2724760862857303,1.2724760862857303,1.28125,1.290322580645161,0.12048164255495397,-0.06541132798467253,-0.6193768317310667,-3.145821476000759,3.145335094549499,0.09085826111266426,0.11701872299567917,0.15638297872340434,0.423913043478261,-0.08695652173913038,-0.011271574498062709,0.027332704995287616,0.3227424749163881,0.10730253353204167,0.04285714285714293,0.12162162162162171
2009-12-31,-0.025993431938187816,-0.052783431569145334,-0.07044862370399196,-0.17837753952120716,0.2066575108446247,-0.051735778421931444,-0.21752467242305107,-0.21752467242305107,-0.21917808219178092,-0.23943661971830976,1.2717844186157037,0.06127678657227964,2.882727635487637,0.48479858540089515,1.1266131669643533,-0.017683239364428616,-0.10099924787794134,0.11039558417663287,0.20610687022900764,-0.3102310231023102,-0.12468827930174564,0.02752293577981635,0.23893805309734506,0.10767160161507383,0.006849315068493178,0.15283776615897549
2010-04-04,0.006436952504618398,0.019920111676196672,-0.0017394633806934179,-0.009150827780388893,0.044080232185315094,0.0003602551203123472,0.16260579433502387,0.16260579433502387,0.1578947368421053,0.18518518518518512,-0.5788340798835894,0.06775926596643722,-0.6360037607006779,-0.626496070025009,0.1978707044419472,0.03495956170101766,-0.024620533046492143,0.14913007456503724,0.04746835443037978,-0.1421736158578264,-0.14570614570614582,0.028571428571428692,0.037755102040816224,0.12758201701093563,0.013605442176870763,0.029315104509004764
2010-07-04,-0.021277821021351673,0.0013842573982754125,-0.007608204777115324,-0.029132379099961803,-0.07291645894735166,-0.12402022100475696,-0.6830060925139423,-0.6830060925139423,-0.6818181818181819,-0.6875,-0.5382535074453876,0.09455295813664244,0.042121554356464586,-2.0903728502819794,-0.18011363262296487,0.19611797327955638,-0.14459012375934321,-0.05695746214852193,-0.0725075528700907,0.1426294820717131,0.027632205812291755,0.0277777777777779,-0.053097345132743334,-0.059267241379310276,0.006711409395973256,0.031481481481481666
2010-10-03,0.07374501621138418,0.17655556089521607,0.04728024561166544,0.4498595334066202,0.18552758371476763,0.2545104691536617,2.856109410782698,2.856109410782698,2.8571428571428577,2.9,0.4743969783175157,0.22697691234956863,-0.1976097776350646,-0.9246472695372469,-0.01655357931505197,0.021917808219177992,-0.04197106431743314,0.029816513761467878,0.1824104234527688,0.10111576011157597,0.07556791840519228,0.027027027027026973,0.10436137071651097,0.025200458190148822,0.0,-0.18850987432675048
2010-12-31,0.09925254885394508,0.20447053481113775,0.10288504718575298,0.022640127864954396,0.09140259014525576,-0.041565106666278884,-0.24785617947593652,-0.24785617947593652,-0.24691358024691368,-0.2435897435897436,3.160679686423296,0.6349056008082339,-3.5530182709503144,-156.15280135823429,2.611564950785272,0.004330789853578043,-0.04081937799043056,-0.022271714922048824,0.09366391184573009,-0.15009499683343885,-0.028017241379310276,0.026315789473684292,-0.007052186177715081,0.004469273743016755,-0.020000000000000018,0.17775404333231615
2011-04-03,-0.008794607291072731,-0.025282051767963276,-0.002686551142968563,-0.006092335883034594,-0.029811063973153584,0.05490525077740971,0.1815471578372554,0.1815471578372554,0.180327868852459,0.18644067796610164,-0.6894572350474646,0.12236726916937024,-2.002086731619862,-1.2069361179937315,-0.14963793263263558,0.03983572895277199,-0.013250194855806585,-0.009111617312072995,-0.02267002518891692,-0.049180327868852514,0.015964523281596366,0.028044871794871806,-0.021306818181818232,-0.0022246941045604984,-0.006802721088435382,-0.01930301852571581
2011-07-03,0.018322351838362394,0.01921442645026583,-0.01777178623708764,-0.053541937143087304,0.1563175035440254,-0.15282475708386845,-0.1879649002279612,-0.1879649002279612,-0.18055555555555558,-0.19999999999999984,-0.2011820953958514,0.1279866025854257,-1.0442678163785055,-1.2872952801111985,0.05055525572071584,0.10545023696682465,0.05845181674565558,0.11111111111111094,0.1469072164948455,0.1308777429467085,0.07638585770405926,0.026500389711613392,0.13546202225447512,0.14046822742474907,-0.0273972602739726,0.07688243064729194
2011-10-02,-0.042257694794948786,-0.08938464195141149,-0.0279241972673282,-0.03305415804218814,-0.08356351135083873,0.22569011848282217,2.7442912189756883,2.7442912189756883,2.728813559322034,2.7857142857142856,-1.231419953814977,-0.333265540629862,-45.493043286219084,-14.093476374536563,-0.6300897004543862,0.02518756698821023,0.46537313432835803,0.4848275862068967,-0.07415730337078652,-0.10602910602910598,-0.11516626115166262,0.026575550493545874,-0.04303365999147846,0.48778103616813295,-0.007042253521126751,-0.058267909715407296
2011-12-31,0.0681981820145039,0.12819243501294086,0.11452820665092478,-0.006476913089001668,-0.08478212126699958,-0.03515717109876626,-1.3040102376809928,-1.3040102376809928,-1.3,-1.3113207547169812,-11.98455690187693,0.24941280541744204,-1.3961690521158814,-1.8059856453757144,1.3728821676204679,0.024394493814253293,-0.30067223467101245,-0.3163028332559219,-0.0873786407766991,0.10620155038759682,-0.32126489459211727,0.025147928994082802,-0.1433659839715049,-0.32063074901445465,0.007092198581560183,0.13559984368894096
2012-04-01,0.042440968777700094,-0.01666847458024645,0.04924720677848682,0.1278217716342569,0.013318853928402374,0.10523531645125361,-2.3422274173823148,-2.3422274173823148,-2.378787878787879,-2.3181818181818183,-0.14780711782917955,2.229812375639351,-1.8617911644573635,-1.3148073861272165,-0.1821386044982889,0.032828712366048673,0.06554034372269157,0.03940217391304346,0.02393617021276606,0.13174491941135247,0.5070898041863605,0.027417027417027562,-0.02754677754677759,0.03288201160541582,0.007042253521126751,-0.1281257169075476
2012-07-01,0.014896323631246045,0.040313151415318105,-0.035505608175205094,0.09303683537428742,0.2371148280311044,-0.18337659578398946,-0.31696794881475554,-0.31696794881475554,-0.31868131868131866,-0.32183908045977017,-0.8609292173370752,-0.7278585547824312,-1.407738830815754,-1.177629860621938,0.039558359287833245,0.08563899868247704,-0.005604155276107137,-0.0117647058823529,0.22077922077922074,0.06006191950464412,0.02195340501792109,0.026685393258427004,0.21859967931587398,-0.005617977528089901,-0.006993006993006978,-0.04821733982370735
2012-09-30,0.01495510255845578,0.02024386061532124,0.04433806690729569,0.07324398813522315,-0.07804462350386676,0.23490855770889474,0.302398938718355,0.302398938718355,0.2903225806451615,0.30508474576271194,6.606345812910627,-0.08539803344258656,-7.229894278939581,-6.5049235841910615,-0.2094790956658562,0.08662014563106779,-0.46845360824742277,-0.47883597883597884,-0.06382978723404253,-0.10981308411214952,0.07540552389302957,0.0259917920656636,-0.09166666666666667,-0.4708097928436912,-0.014084507042253502,-0.04941599281221931
2012-12-31,0.003600207860978033,-0.010519884548129577,-0.009183547992151486,-0.052702140565657474,0.05654656962156901,0.0024766575313919237,-0.15186513954593817,-0.15186513954593817,-0.15000000000000002,-0.1428571428571428,0.6758240816592345,0.0770176903803812,-0.5536986215126445,-3.1209499218920733,0.5620277327956931,0.0016752757224627324,0.7339022498060512,0.7880710659898478,0.05227272727272725,0.07020997375328064,0.8630248675091725,0.028000000000000025,0.05263157894736836,0.7704626334519573,0.014285714285714235,0.0445688526973973
2013-03-31,0.019094442524762778,0.03148165234198497,0.0071766475127519325,0.014245705623644689,0.061427597229416264,0.043626198219909984,0.614008633631129,0.614008633631129,0.47058823529411753,0.5,-0.40035179579481306,0.31531010757539435,0.27000564261714843,-0.9930391509595973,0.002504558736296403,0.1222299651567944,0.004325130499627239,0.051809794180269764,0.06263498920086397,0.06621704475781742,-0.39037199124726485,0.024643320363164856,0.04174311926605512,0.05025125628140703,0.0,0.0169833646551123
2013-06-30,-0.030700239184584865,-0.08308819043486282,-0.042304368580678764,-0.2733530062658044,0.010348644262172968,-0.17451431685879482,-0.3406364455614991,-0.3406364455614991,-0.27,-0.29292929292929293,-0.8080837710621461,-0.2904889003226463,-0.23352939691515406,-89.67105263157895,-0.22152703206153712,0.09600099354197722,0.022275022275022316,0.03238866396761142,0.012195121951219523,0.03162737205290411,0.05240488155061018,0.026582278481012578,0.04227212681638037,0.019138755980861344,0.014084507042253502,0.26178906303469973
2013-09-29,0.08112874366492728,0.188508404927342,0.042572586647631416,0.16284912645751826,0.2042925935986155,0.2289484883799553,0.4606843715518105,0.4606843715518105,0.46575342465753433,0.47142857142857153,3.8744890342302636,0.05284706380021453,-0.5282884639453004,-1.8221298906860564,0.23395031318178616,0.05869688385269134,-0.006682161533991926,0.05816993464052289,0.20281124497991954,0.04570791527313278,0.021487039563437893,0.0295930949445129,0.11406844106463887,0.06103286384976525,-0.00694444444444442,0.022076372315035897
2013-12-31,0.05505582109521634,0.046992584061751996,0.003780708193287241,0.11679706337724305,0.1985684401090697,0.055217526859796084,-0.20134343412666056,-0.20134343412666056,-0.10280373831775713,-0.13592233009708743,1.0589022416031035,0.7565038958802681,-0.6494672606163858,2.137446603694122,0.5948429265621791,0.027186128652467056,-0.06917227259432579,0.014823965410747375,0.19699499165275447,-0.1460554371002133,-0.05208681135225368,0.031137724550898138,0.13576033371255214,0.015929203539823078,0.0,-0.062516584408003
2014-03-30,0.013319301881777434,0.023173405742855646,0.004903732149901696,0.025868203763861564,0.00039567955315011893,-0.04316415105817095,0.3569528415961305,0.3569528415961305,0.15625000000000022,0.1910112359550562,-0.6391708031472079,-0.4360218611376614,8.845151780734604,-1.2694568291864423,-0.10050173981768573,0.06085234969261233,-0.07745483110761964,-0.01582471089470472,0.00557880055788007,-0.11360799001248445,-0.006692497358224747,0.028455284552845628,-0.012687813021702743,0.006968641114982521,-0.020979020979021046,-0.0026040192470987433
2014-06-29,-0.04492243839666843,-0.11126439798599119,-0.048772495646690284,-0.12660918207339156,-0.0374980768859442,-0.15678008433534762,-0.3339749301966376,-0.3339749301966376,-0.29729729729729737,-0.2924528301886793,-1.1561909529488557,1.4156382177414684,-0.009019434879194654,2.9452638508344307,-0.4408078354351871,-0.017188881249386112,-0.06147820163487738,-0.012987012987013102,-0.03328710124826628,-0.022535211267605493,-0.035815602836879346,0.02710333145115751,0.007778153533987142,0.0008650519031141446,-0.014285714285714346,0.01759464214768136
2014-09-28,0.14109708274051402,0.11971081554631713,0.2047539864707868,0.7376980179380372,-0.0008496913478382995,0.24280292710742235,0.3304612054612055,0.3304612054612055,0.3717948717948718,0.3733333333333333,-7.771437549096622,1.737758296055551,-1.6351509162773985,-0.8071838464920686,-0.15199581941731355,-0.07515490705576655,-0.04318635456360009,-0.048872180451127845,0.0028694404591105283,-0.043227665706051965,-0.08753218094887838,0.029686641011544834,-0.12416107382550323,-0.025929127052722545,-0.021739130434782483,-0.35562496514027553
2014-12-31,-0.048514227794460685,-0.11274111851509061,-0.046117697408471714,-0.11703757699390438,-0.05757425415524042,0.02469899234187989,-0.0948999065884214,-0.0948999065884214,-0.1121495327102805,-0.09708737864077666,1.0918139590999578,-0.6272031364646874,-3.4610320730821402,0.19553752061090135,-0.21428751089945675,0.06840285282040193,0.04475630570832534,0.007246376811594235,-0.05722460658082984,0.06475903614457845,0.06852075775896838,0.028830752802989856,-0.009578544061302652,0.012422360248447228,-0.007407407407407418,0.004847225828789048
2015-04-05,0.022727708740857944,-0.06183582274870081,0.07371314646813887,0.12372245559236772,-0.12988931055858788,-0.03593334815900484,0.2085300333813973,0.2085300333813973,0.19999999999999996,0.18279569892473124,-0.4312137856375946,0.4633150417729104,-0.8001624801471203,-0.32347359978089485,-0.184509168903093,0.05846060483463145,0.048647667453258325,-0.023544800523217946,-0.12291350531107736,0.12305516265912297,0.04715201810637493,0.02750389206019732,-0.14932301740812381,-0.01752848378615235,-0.007462686567164201,-0.16513050219657166
2015-07-05,-0.05351872057514229,-0.04774538577173082,-0.04574812381570048,-0.07211431040903304,-0.09146923736143087,-0.18524873567963673,-1.4083608118102289,-1.4083608118102289,-1.412280701754386,-1.4272727272727272,-0.12424240060529945,-0.6445747094132054,0.8176625142155005,-0.9561766236770575,-0.009915273643233302,-0.09412326803631155,-0.26986325082222606,-0.3275284661754855,-0.09342560553633217,0.032745591939546514,-0.10374639769452454,0.027272727272727337,-0.04001819008640295,-0.3193577163247101,-0.007518796992481258,0.026207181180355033
2015-10-04,0.03326831004912534,0.10056703863165506,0.11456302471918,0.1075023584531718,-0.2274670313381595,0.24192294902854972,-2.5486236879759057,-2.5486236879759057,-2.5531914893617023,-2.4893617021276597,-0.5238570270679505,-1.069755094663594,-0.4833840334261037,-14.610689541405478,0.1363052147796695,-0.05358649789029535,0.0002370791844474862,-0.10956175298804793,-0.21755725190839703,0.043902439024390505,0.392282958199357,0.02851524090462143,-0.2524869729985789,-0.1205766710353866,0.007575757575757569,-0.006233661773577426
2015-12-31,-0.05083791838198992,-0.16327664948196963,-0.08449675231288245,-0.007752631595429715,0.1230952056744612,-0.026294141257122816,0.378707897474333,0.378707897474333,0.36986301369863006,0.3857142857142857,4.860600845523589,-24.617975708502023,5.511560894803513,-0.6853638435060843,0.007606574918656683,0.006687472135532779,0.13012562218535195,0.034675615212528044,0.12439024390243913,0.2867990654205608,0.1535796766743649,0.027724665391969383,0.1831432192648923,0.03427719821162434,0.0,-0.15671792796438677
2016-04-03,-0.007209641695907765,-0.04093913333239574,0.03015609592849189,0.053681119900158336,-0.16689228524735045,-0.042116631800806825,0.07708169309788926,0.07708169309788926,0.09000000000000008,0.09278350515463929,-0.589661214953271,-0.6628040125890524,-0.42015430627379635,-5.666486902927581,-0.1747934516303109,-0.02446855624446409,0.08011744966442946,-0.00864864864864856,-0.15401301518438182,-0.13254652746255113,-0.04129129129129128,0.026976744186046453,-0.16068559185859665,-0.014409221902017322,0.007518796992481258,-0.08986202759448103
2016-07-03,0.04929360855208609,0.01956153640495506,0.08273739423610649,0.14312281020055018,-0.12446974462347804,-0.10451648392508361,-0.3649448292665948,-0.3649448292665948,-0.35779816513761475,-0.3584905660377359,-0.6500281974991735,6.227199707180186,-1.850310616255277,-0.4094038401215103,-0.12509879073150598,0.16740438088752696,0.6766990291262136,0.48527808069792777,-0.12564102564102564,0.3799058084772371,0.18794048551292075,0.02672101449275388,-0.16528398213146145,0.48245614035087714,0.0,-0.10809385710519381
2016-10-02,0.04993889410178998,0.17864471046952346,0.02308040752615992,-0.2449650863240358,0.23009135242805145,0.22335560683433964,0.5580243361012909,0.5580243361012909,0.5571428571428574,0.5588235294117647,-0.161608303790716,-0.7710459973214185,-0.6081974036785556,-3.324322813294943,0.3323460639127045,0.01409683064359335,0.09554140127388533,0.08663729809104259,0.2375366568914954,0.16003033750474027,-0.32784003515710836,0.026907807675341733,0.17125382262996935,0.09171597633136086,0.0,0.5611882944132427
2016-12-31,-0.05492853969428679,-0.14725956188098943,-0.04215391097620991,-0.05334166239058813,-0.12238495943357774,-0.016576372604512057,-0.48614134378174434,-0.48614134378174434,-0.4770642201834864,-0.49056603773584906,6.435426359671797,0.345556880046207,-6.358443168110842,-1.4373646990907778,-0.10909810909810913,-0.04582494487585087,-0.0604651162790697,-0.12499999999999989,-0.12322274881516582,-0.22883295194508013,-0.13697286694998367,0.026632302405498187,-0.07114882506527409,-0.12556458897922318,0.0,-0.09921423837924837
2017-04-02,-0.03293574083966333,0.0314199093119798,-0.04252268533757919,-0.1039706343682425,0.05627239596058309,-0.045966895470814784,0.0700966171172328,-0.21468854030277362,0.05263157894736836,0.07407407407407396,-0.5820164867293238,-0.6284294742994923,-0.4694932931299759,0.7031292965957212,-0.20856189408250747,0.06249372048628543,-0.19149414941494147,-0.14671814671814676,0.054054054054053946,0.21153030945315798,0.19924242424242422,0.025941422594142338,0.09205903021784967,-0.19731404958677679,0.0,0.15102469784550698
2017-07-02,0.007083540403771016,0.020101811180231577,0.0029606851960404246,0.018287269341528578,0.030391119870662786,-0.11527878711140949,0.627435142829724,1.2176078286075454,0.6333333333333333,0.6379310344827587,-0.5680664670607604,0.6112722446170484,-0.7731728396022953,-0.6614408421596487,-0.0892180180486829,0.05200945626477549,0.057333704425271304,0.10226244343891411,0.03333333333333344,-0.0017494751574527179,0.2286797220467467,0.02528548123980423,0.02316602316602312,0.09523809523809512,0.014925373134328401,0.0018261504747991708
2017-10-01,0.05115935607189881,0.15847261537753288,0.06790206121794684,0.3417881362985413,-0.03745447530413126,0.2225688533491763,0.34300568547574706,-0.014845135896138117,0.34693877551020424,0.34736842105263177,1.8652045975195515,0.23419218037313327,1.5843373493975905,-3.9087700891792645,0.2849361399968233,-0.03613483146067409,-0.021058173203474584,0.07799671592775037,-0.02977667493796532,-0.06729758149316512,-0.119280205655527,0.026252983293556076,-0.08427672955974841,-0.04582843713278495,0.014705882352941124,-0.136620488516223
2017-12-31,-0.01799158585562277,-0.09598031839902743,-0.04034879261937241,-0.11170396163701468,0.11183208424939561,-0.04598103113390695,-0.33724474301416374,-0.09650339185953716,0.015151515151515138,-0.359375,1.149177192287147,0.7492367591619802,1.5106356131997156,0.723497393186215,0.3821876272468152,0.018091951879138257,0.06305458456574331,0.08758568164508773,0.11253196930946285,0.04922961292747097,-0.048744892002334894,0.0255813953488373,0.13186813186813184,0.10960591133004938,-0.007246376811594013,0.01773461416657862
2018-04-01,0.320338453859625,0.13416487254671794,0.3723327681575783,0.7844595560987662,0.06204265528143704,0.016664466941219924,0.9334025274245996,0.4139996577100804,0.2761194029850744,1.0121951219512195,-0.43545867970032837,5.937147581294781,-2.9201346915346953,-0.08435832310721725,0.2531833688867613,-0.03893010900430516,0.19337296066776277,0.18067226890756305,0.06896551724137945,-0.13610315186246424,-0.11322491561828796,0.024565381708238743,-0.1953883495145632,0.22752497225305213,-0.07299270072992703,-0.36448501192822313
2018-07-01,0.009935498018628142,0.041668868828661276,-0.00020604927241907323,-0.3214809741285066,0.08004707199051975,-0.11173863148270324,-0.3522185703720414,-0.11426976206651518,-0.3508771929824561,-0.34545454545454535,-0.2875443465120705,-0.9159457667309391,-1.2379732885157149,-1.0943535400758402,-0.019062451462322216,-0.09378574151734653,-0.02543450614667231,-0.05693950177935947,0.07956989247311808,-0.1521558872305142,-0.29999999999999993,0.024345260051641393,0.0693815987933637,0.015370705244122984,-0.06299212598425208,0.5353354006854905
2018-09-30,0.05813612925153255,0.1813623496631227,0.038645117912226024,0.09727287226405257,0.17615987138361655,0.18724320127425265,0.16247382689383083,0.16247382689383083,0.16216216216216206,0.15740740740740744,0.15610086713844318,-2.1153645738660463,-0.8602398897803711,-40.246311385157455,0.7626692514421678,0.03744215397559958,-0.032731622444541086,-0.0861635220125786,0.1733067729083666,-0.039119804400978064,0.009391992090953982,0.025927259632697153,0.11142454160789828,0.06678539626001778,-0.07563025210084018,0.07664505155735091
2018-12-31,-0.0169941026179945,-0.1985883553814075,-0.04420322891574313,-0.12333507078735662,0.13265749022999396,-0.04409083892857879,0.2771118602420055,0.2771118602420055,0.6589147286821706,0.264,1.4385627924780762,-6.765419758585848,16.1025970260531,-1.6615203333006017,-0.28622568697976536,0.06163828061638288,0.046543001686340624,0.07088781830695101,0.1392190152801358,-0.09516539440203553,0.06856023506366293,0.025272025272025322,0.1522842639593911,0.16110183639399,-0.06363636363636371,-0.0859004739336493
2019-03-31,0.020038374559588235,-0.00993756199253204,0.021961150324488532,-0.00842689428363752,0.011450460813843488,0.014379984526400102,-0.09630007927765294,-0.09630007927765294,-0.30373831775700944,-0.08227848101265833,-0.5333827347652207,-0.7896505262364436,-0.17379900607399223,-0.48244829063272676,-0.20753982156401896,0.03008021390374327,-0.04619185734235676,-0.05526992287917731,0.010432190760059745,-0.09561304836895401,-0.11090742438130163,0.024649092776446446,-0.008259911894273109,0.038102084831056704,-0.009708737864077666,-0.0015122056599696787
2019-06-30,-0.00812179536781743,-0.05564950433685523,-0.0504408133271661,-0.0044858924561699265,0.18405046308960604,-0.12361640634608284,0.027868496967387024,0.027868496967387024,0.033557046979865834,0.020689655172413834,0.05881925081828099,-0.15104413964863872,0.04819065206876849,-0.18053313448001773,-0.21461268550212997,0.1698340595160841,-0.041558734091676985,0.0625850340136056,0.1784660766961652,0.15733830845771157,0.21340206185567023,0.024056130972268663,0.19322598556357584,0.07409972299168976,-0.009803921568627416,-0.05138468195586321
