Quarter end,Assets,Current Assets,Liabilities,Current Liabilities,Shareholders equity,Revenue,Earnings,Earnings available for common stockholders,EPS basic,EPS diluted,Cash from operating activities,Cash from investing activities,Cash from financing activities,Cash change during period,Cash at end of period,Price,ROE,ROA,Book value of equity per share,P/B ratio,P/E ratio,Cumulative dividends per share,Equity to assets ratio,Net margin,Asset turnover,Current ratio
1996-12-31,-0.008001013121434752,0.004947746964979682,-0.05239404204228171,-0.11230872905999811,0.0049208240956410965,-0.04960096726536478,-0.3442970822281167,-0.3442970822281167,-0.2857142857142857,-1.1176470588235294,1.4680815508021392,-0.6742944317315027,-3.1053824362606233,-1.044489900281258,-0.02450359104351496,0.03157894736842115,1.9,-0.3802816901408451,0.004796163069544335,0.14285714285714302,-0.5513950073421439,inf,0.012965668371073713,1.7596153846153846,-0.24528301886792447,0.13201537616694115
1997-03-31,-0.008001013121434752,0.004947746964979682,-0.05239404204228171,-0.11230872905999811,0.0049208240956410965,-0.04960096726536478,-0.3442970822281167,-0.3442970822281167,-0.2857142857142857,-1.1176470588235294,1.4680815508021392,-0.6742944317315027,-3.1053824362606233,-1.044489900281258,-0.02450359104351496,0.03157894736842115,1.9,-0.3802816901408451,0.004796163069544335,0.14285714285714302,-0.5513950073421439,inf,0.012965668371073713,1.7596153846153846,-0.24528301886792447,0.13201537616694115
1997-06-30,-0.007415328919163522,-0.0018452695454472812,-0.039565492067948904,-0.15131798809292962,0.005536514632217271,-0.04960096726536478,-0.3442970822281167,-0.3442970822281167,-0.2857142857142857,-1.1176470588235294,-1.437301103663078,19.852459016393443,-1.6713536060279872,9.313218390804598,-0.2590587555940522,0.14816326530612245,1.9,-0.3802816901408451,-0.1646778042959427,0.14285714285714302,-0.5513950073421439,inf,0.012979989183342422,1.7596153846153846,-0.24528301886792447,0.17619093819734166
1997-09-30,0.26566359509591675,0.6338328648137084,0.5173051412951724,0.7075026373231048,0.23113883532126622,0.22798050322750618,0.4223300970873787,0.4223300970873787,0.19999999999999996,-1.1176470588235294,-1.0760238445459471,0.03543351302785269,3.6489127167050803,-7.996006315593944,2.446046436109758,0.27088517596871675,1.9,-0.3802816901408451,0.22809523809523813,0.5178571428571426,-0.5513950073421439,inf,-0.027229044313934803,1.7596153846153846,-0.24528301886792447,-0.04314113668233932
1997-12-31,0.012698948358267348,0.032541038328620875,0.02505623714493521,0.024217404301963175,0.004034579733590116,0.19616803982148978,-0.060580204778156954,-0.060580204778156954,-0.5,-1.1176470588235294,29.621181262729124,1.450892130809697,-0.730155308623347,-0.8683721424209436,0.09343108338594619,0.23356643356643358,1.9,-0.3802816901408451,-0.16362931368747569,0.00588235294117645,-0.5513950073421439,inf,-0.0085986095865348,1.7596153846153846,-0.24528301886792447,0.00810344827586218
1998-03-31,1.8880663292890958,1.1641025762927817,2.624294100578112,1.3195132053338372,0.30746037251425706,0.3404269494205101,9.272782319103845,9.272782319103845,8.333333333333334,-1.1176470588235294,0.9944795477219821,29.211851655160206,52.98070855134401,3.655068078668684,0.39776448688338095,0.18594104308390014,1.9,-0.3802816901408451,0.30690774223458517,0.41520467836257313,-0.5513950073421439,inf,-0.5473334563572616,1.7596153846153846,-0.24528301886792447,-0.06695741405849154
1998-06-30,0.06072429978027949,-0.03154880442531238,-0.15662410034397944,0.05842353527702948,0.3033458785282701,0.3446343127940341,-1.0895935869853526,-1.0895935869853526,-1.0714285714285714,-1.1176470588235294,0.35620435522059557,-0.9718523086658649,-1.0501378083114135,-1.5385332033365833,-0.16223464927153786,-0.04665391969407262,-0.2827586206896553,-0.3802816901408451,0.1280595956012771,-0.26859504132231404,-0.5513950073421439,inf,0.22869955156950672,-0.3240418118466899,-0.07500000000000007,-0.0850517826047108
1998-09-30,0.01040451957624633,0.23399839170126935,-0.14643956351426968,0.21557133701852638,-0.0039056972579840643,-0.08939383815306667,0.5950657894736842,0.5950657894736842,0.5,0.5,-0.9333636598350075,-7.632822461034061,0.5304595496000708,-7.290352429996782,1.1506866453730553,0.01524267950260727,-0.3173076923076923,-0.3802816901408451,-0.004716981132075526,-0.10169491525423724,0.23281505728314222,inf,-0.013934970139349634,-0.3298969072164949,-0.08108108108108103,0.015125713713312727
1998-12-31,0.007275349321400837,0.16502939370654834,-0.04446710838843604,-0.19633909950156536,0.046663415777828066,0.1976600043090393,-11.482986182718086,-11.482986182718086,-11.666666666666668,-5.666666666666667,13.764760147601477,-1.1754764501424053,-2.1340410965508596,-0.020645590426790705,0.5239861616324073,0.01580403002765718,1.3098591549295775,1.1590909090909087,0.019905213270142275,0.018867924528301883,0.42217059409226687,inf,0.03903095558546443,1.2461538461538462,-0.05882352941176472,0.44967436352871526
1999-03-31,0.00834419945858711,0.08173088301889164,-0.020098958578766313,-0.01140848351663637,0.016299649413452855,-0.04975896798145785,-0.8516092225369846,-0.8516092225369846,-0.84375,-0.7142857142857143,-0.24494845360824746,-1.638810641627543,-1.2074263655533637,-0.5854955102040816,0.1425174467167838,0.47413457798521974,-0.3902439024390244,-0.35789473684210515,0.0024783147459725985,0.4506172839506173,-0.14953325554259045,inf,0.007772020725388407,-0.3904109589041096,0.0625,0.09420733782587964
1999-06-30,0.03779465103967872,-0.1259788423459397,0.09480689105955031,0.2838044120543628,0.019445777360428407,0.0665096365030653,-2.2880816651199787,-2.2880816651199787,-2.2,-2.5,1.1382089601641758,-14.71323580877721,-1.405287968846075,-4.971924185848655,-0.4954571986156395,0.018997361477572472,-0.1499999999999999,-0.14754098360655743,-0.014215080346106301,0.017021276595744705,1.0380050764903612,inf,-0.017673521850899543,-0.1573033707865169,0.02941176470588225,-0.31919129082426123
1999-09-30,0.051009699296448385,0.0899707193168231,-0.15336243528709992,-0.09148376762438093,0.045394829693379046,0.020347838838016052,-0.2095512556607657,-0.2095512556607657,-0.33333333333333326,-0.33333333333333326,-0.5370480738716843,-1.0175402330531182,5.259027005158289,-1.5129154072557933,0.5036790339857824,0.10538581046090112,-0.09411764705882353,-0.09615384615384603,0.03918495297805635,0.12133891213389125,0.5966406355190521,inf,-0.00523388943408587,-0.10666666666666658,0.0,0.19974415204678375
1999-12-31,0.010343043662742968,0.06295484228561454,0.03315624270409079,0.03711696896347916,-0.005509727928234565,0.18013156036951883,1.31484375,1.31484375,0.25,0.25,0.9567143716979871,-13.660264804306708,-0.8614643763230613,-0.7045248903771644,0.09897366021469733,0.06863434059498719,-1.6623376623376624,-1.6595744680851063,-0.010859728506787292,0.026119402985074647,0.20222208167309685,inf,-0.015784281486353025,0.0,0.028571428571428692,0.024904798172124654
2000-03-31,0.03796835932231524,0.14992563676892656,0.06713663095065314,0.1507192128348549,-0.01297311036567117,0.0712139355671233,0.06153673079086519,0.06153673079086519,0.19999999999999996,0.19999999999999996,0.34887854060751056,0.033362447422253805,-2.362066954391695,0.4711963776271364,0.13249606943256031,0.05633494081543189,0.9313725490196076,0.903225806451613,-0.07746264104910028,0.06909090909090909,0.0,inf,-0.049114600735048364,0.0,0.05555555555555558,-0.0006687969086719425
2000-06-30,0.08932582392027721,0.012539614936553534,-0.011454789299075285,-0.01031536532076427,0.2942409403478019,0.0950076934353008,0.5130881729546417,0.5130881729546417,0.3333333333333335,0.3333333333333335,-0.3804239038171614,1.2695708264288177,-8.186263595101481,-1.414801636719445,-0.04852960459903133,-0.15169122224527898,0.25380710659898487,0.2881355932203391,0.2710743801652893,-0.08163265306122436,0.0,inf,0.18833450456781442,0.0,0.05263157894736836,0.02312611540749554
2000-09-30,0.01421145248889677,0.061885106217150154,0.032092037541628926,0.022135962982474222,-0.010247889317481884,0.015429701195817769,-0.29122745578707754,-0.29122745578707754,-0.25,-0.25,-0.990420202433289,-0.6008340152788463,-1.1719379364587554,3.2054383256133123,-0.21449775010773675,0.12377690802348318,0.10121457489878538,0.13157894736842102,-0.01040312093628104,-0.11481481481481481,0.0,inf,-0.02424600827912471,0.0,0.04999999999999982,0.038883639799404124
2000-12-31,-0.012932032543678584,0.03445473752640993,0.022479341587473778,-0.023125324203323694,-0.01772221227533477,0.24266111818622083,2.9684272938386282,2.9684272938386282,2.5,2.5,0.0,0.0,0.0,0.16051359454994185,-0.31986276000545844,-0.16042664344797553,0.6470588235294119,0.6744186046511627,-0.018922470433639926,-0.15062761506276168,0.0,inf,-0.004848484848484769,0.0,0.0714285714285714,0.0589058346159228
2001-03-31,0.010167683960178975,-0.10302758983801985,0.016881068826115397,0.004443224657723288,0.004336790536621837,-0.4077174233107581,-0.6691858510651543,-0.6691858510651543,-0.6666666666666666,-0.6666666666666666,134.73959445037354,0.034520433592359456,-2.731840864984752,-1.5701756698566696,0.2656670338174538,0.10526315789473695,-0.0022321428571429047,0.0277777777777779,-0.00616126439860698,0.12315270935960587,0.0,inf,-0.0057856272838002765,0.0,-0.06666666666666676,-0.10696353065539121
2001-06-30,0.02182268759159056,0.2787167856862591,0.04362003916984758,0.0848565076455714,0.025460889217836513,0.050192405643249005,-2.488558524651863,-2.488558524651863,-2.571428571428571,-2.2857142857142856,0.0,0.0,0.0,3.981520298387842,1.0456349784053964,0.13441238564391256,-0.4384787472035794,-0.44594594594594594,0.016711590296495826,0.14473684210526327,0.0,inf,0.003675344563552674,0.0,-0.0714285714285714,0.1786639047125842
2001-09-30,0.0810867783459408,0.42807324693789783,0.1693067762410967,0.2996339345775385,0.12733607301218752,-0.027863220293948054,9.810725392531163,9.810725392531163,9.363636363636363,5.555555555555555,0.5041985092933297,-1.753628175766278,-0.15287949733861605,-0.17254363248775573,0.42295782488502587,-0.07175351530190233,-4.9760956175298805,-5.036585365853658,0.1232767762460234,-0.08812260536398464,0.0,inf,0.04272200183094288,5.880597014925373,-0.07692307692307698,0.09879487823248811
2001-12-31,-0.3305580716889688,-0.39671013434976043,-0.29439669697277027,-0.37014017201013527,-0.6696175214472375,0.3159616585047962,-1.8749295445243526,-1.8749295445243526,0.0,0.0,-0.005388989943339806,-2.74942134185706,-1.015401332262484,-0.7060382960107388,0.08737673088015785,0.008910670527957132,-0.7835671342685371,-0.8036253776435045,-0.6912910077885296,-0.10084033613445365,-0.9007277509864094,inf,-0.5065847234416154,-0.8015184381778742,-0.02777777777777779,-0.0421569747515137
2002-03-31,0.021213579359373735,0.5463056039935721,0.07477540691558149,0.30498953208266166,2.997139078669653,-0.11873687151040668,-0.23900421814604733,-0.23374623761688118,-1.6403508771929824,0.0,-0.9286018340909689,-7.820267497119816,65.67791411042944,8.300554580375996,0.7473509700248473,0.29454625745197616,-3.5370370370370368,-4.076923076923077,2.9029051987767582,3.1869158878504678,0.0,inf,2.9151838671411627,0.0,0.11428571428571432,0.1849355916030535
2002-06-30,0.8033116914160792,0.6009166062278515,1.0841506847345186,0.1775220544302165,0.4804941749956628,0.1504102819022095,-8.987157825963251,-8.920963949569865,-8.54794520547945,8.338983050847459,17.264537023406447,0.6141926390844583,-1.0207940378157059,1.0652141506118102,0.8833026823150645,-0.09466143612485078,-9.083941605839415,-10.745,0.36493633692458394,-0.7678571428571429,0.0,inf,-0.17906377821542185,26.62841530054645,-0.02564102564102566,0.35955508581206885
2002-09-30,0.02033727838493249,-0.10812307726306314,0.3606280255456791,0.04937767231537249,-0.004132937883372878,0.06682889080734844,-1.0146734158955775,-1.0161320299342547,-1.014519056261343,-1.014519056261343,-0.2242909301931958,-3.2328100205286434,1.4004424778761062,-2.68484092748264,-0.7902205654431529,-0.23963828183873392,-0.3595936794582393,-0.27757824525397634,-0.005740528128587941,-0.4423076923076924,-0.9198021550962727,inf,-0.023989665990035047,-0.2903481012658229,0.026315789473684292,-0.15011290859956317
2002-12-31,0.06536221782014429,0.19302421500866984,0.12528292025426735,-0.08657869365469617,0.019964206245787652,0.12309307536461334,-0.919526449872621,-0.8375877037320156,1.625,0.0,0.4928202570576561,-1.3899851488628774,678.0976958525346,-1.7502893813076774,1.9583588115715864,0.11769078295341928,-0.049347902714134695,0.05184659090909083,-0.0765011547344111,0.12068965517241392,0.31718061674008813,inf,-0.04254112308564961,0.17084726867335553,-0.10256410256410264,0.30612422684902874
2003-03-31,0.03555678874308055,0.0006217788760469745,0.03258436907450912,0.17578250692851438,0.10138886104619038,0.03941061044558136,38.775046554934825,17.50058833417381,0.09523809523809534,1.875,0.6252579633683317,-1.730776741871579,-1.138636113791545,-1.2536170007679808,0.29786388564416244,0.0955442252272225,-0.025954764553207332,-0.05604321404456447,0.058924663957486745,0.18461538461538463,-0.08026755852842815,inf,0.06358609794628745,0.0,-0.05714285714285705,-0.14896951910891765
2003-06-30,0.14140412574738548,0.265055687492757,0.033114743700527915,0.09798572844990971,0.262191428775846,0.09657947252500954,-1.9007266189744936,-1.8443576231146648,-1.7391304347826089,-1.6956521739130435,0.010093937427866129,0.7559494978434957,-8.465433186490454,-0.7328424183587052,-0.46606421211747284,0.3037231889923109,-1.0255043776170536,-1.0207439198855508,-0.10317343173431737,0.23376623376623362,0.17454545454545456,inf,0.10582992944671377,0.0,0.0,0.15216113484070704
2003-09-30,0.1746820071532187,-0.08113650238488979,-0.024603682976796715,0.03690990186974119,0.3359464525358218,0.054869568578280736,-0.7715034201717363,-0.7986010976003444,-0.8235294117647058,-0.875,-0.5627068198343533,-1.3166548501497368,-1.8939907735964354,-0.6481648999914953,0.7466101419497417,0.17833307465466386,-0.9402985074626866,-1.1724137931034484,0.3627386438446347,0.3157894736842106,0.0,inf,0.13717259905977164,0.0,0.0,-0.11383579348343642
2003-12-31,-0.0074046260048398205,-0.21600424383132255,0.019233653718586652,-0.08979000794297343,-0.021357637890136782,0.11737224192216211,6.098180163785259,7.161733276341099,7.0,10.0,-0.22608746236965727,-1.1335083252076104,-0.19863528086459592,8.670746714718938,-0.6282463659349952,-0.10708640674394088,-32.5,16.2,-0.0007246376811594901,-0.3440000000000001,0.0,inf,-0.014026280820906623,-0.9419185908117115,-0.030303030303030276,-0.1386682018806371
2004-03-31,0.030423890982678614,0.17035921438224078,0.06944133625600624,0.22829855056568027,0.011714266191763967,-0.4335322472267935,-0.7338319937443116,-0.7495139275310136,-0.7916666666666666,-0.7727272727272727,2.7210748849008737,-0.2942194530979577,-1.0853473711955368,-2.3454622713752364,0.6585830565633961,-0.48886266410975077,0.7539682539682542,0.7441860465116279,0.005317863185883676,-0.4878048780487805,14.775541795665633,inf,-0.01811919736448042,1.081967213114754,-0.12499999999999989,-0.04718830763746551
2004-06-30,-0.003561111516725779,-0.04522144172473097,-0.010601188746560797,0.05233928357015949,-0.008775646230955614,-0.04185418586009626,0.7626122763503262,0.8277186838460131,1.0,0.7999999999999998,-0.3580668999799681,9.264639529180972,-6.003324182894398,-1.4719248379093643,-0.18738989343260226,0.010678210678210842,-0.13122171945701366,-0.1133333333333334,-0.0012022120702093186,0.0,-0.618192522814248,inf,-0.00533780692389807,0.017716535433071057,-0.1071428571428572,-0.09269045503437312
2004-09-30,-0.0058525658017178905,-0.06834160057087568,-0.021562614200253516,-0.11570977117549364,0.001264071126655164,-0.019739496400667633,0.26702278813049896,0.27946349415162874,0.30000000000000004,0.33333333333333326,-0.85548367471633,-1.0203658932803303,-0.3138258428170342,-0.6854167412232044,-0.07254367483426716,-0.18503712164477448,0.26041666666666674,0.2406015037593987,0.006138661531054357,-0.1785714285714286,-0.03495245438190697,inf,0.007206378411530157,0.42553191489361697,-0.12,0.05355394051853013
2004-12-31,0.016540358152576706,0.11318891604078418,0.06342207266639921,0.23239823700555529,0.009020197186284218,0.29029147815767997,-1.459376111967738,-1.5126064507476698,-1.4615384615384615,-1.5,3.4043912175648705,-36.46592375366569,-1.5441120432780906,-1.3825423188933381,0.02992165219983356,-0.06464611072179394,-0.5702479338842975,-0.5515151515151515,0.0,-0.0724637681159419,-0.25938748335552597,inf,-0.007307048256964599,-0.508819538670285,-0.13636363636363635,-0.09672211350293536
2005-03-31,0.036899503613241125,0.24357817960870887,0.09966702354661483,0.3718280313639224,-0.0008246319282364523,0.3334798698496664,-2.69499800483534,-2.5032376218196086,-2.666666666666667,-2.5,1.193852327315574,-1.5598699507519505,0.8575807673761797,24.32985398637999,0.6859862354012487,0.01648248735718294,0.21153846153846168,0.17567567567567544,0.051321928460342114,0.015625,1.4394102840704783,inf,-0.0364974697132342,0.046961325966850875,0.10526315789473673,-0.0934842658289553
2005-06-30,-0.06207861815948523,0.08055663519283907,-0.12814353365484166,0.3419852948064537,-0.023862796935023467,0.19010355795681733,7.604982551376503,7.964887090458165,8.6,8.88888888888889,-0.28078421798856346,6.782360064983016,-8.017089104382599,-0.3653499137674975,0.277009323764454,-0.03408881518334261,3.007936507936508,2.8275862068965525,-0.03117888029130622,-0.07692307692307698,-0.1951650943396227,inf,0.04074486710170322,2.3245382585751977,0.23809523809523814,-0.19483778454920242
2005-09-30,-0.3247046753992102,-0.2710049089583386,-0.29796534037867217,-0.44369873672929294,-0.33497247881084646,-0.243299207842401,-0.8881704198537778,-0.8898644276192325,-0.78125,-0.7865168539325843,-4.571041761317646,-0.9210890880921602,-0.2703834385277595,-3.7427160758749034,-0.6350787447547972,0.03605494086226635,0.06138613861386144,0.054054054054053946,-0.3032652102419544,0.06666666666666665,-0.7608058608058608,inf,-0.015139929652852158,-0.11031746031746026,0.1923076923076923,0.3104778866132385
2005-12-31,-0.05387908985139367,-0.1654180591941926,-0.10519412627645497,-0.1758854076899996,-0.02559869900065792,-0.5529816348310554,0.6271064485026407,0.6608546205032537,0.4285714285714286,0.5263157894736841,0.0,0.0,0.0,-1.0523943422581732,0.08542134466977047,-0.0044190756766709915,0.36194029850746245,0.35612535612535634,-0.028320971004720197,0.421875,0.019908116385911168,0.0,0.029813664596273215,0.3461195361284568,0.0,0.012684031710079369
2006-03-31,-0.01248699054769209,-0.0164443569695768,-0.04805056069489977,-0.03953789458740875,0.0045189878957769825,1.3385148576073695,-0.5826950630605133,-0.5826950630605133,-0.5,-0.5172413793103448,-1.0799409794400505,-0.2824518537045232,-0.8928300675055771,0.2785329934862646,0.10061899744701552,0.08100610319955615,0.09863013698630141,0.11554621848739499,0.017869535045107687,0.10989010989010994,-0.10060060060060061,0.0,0.017340168878166473,-0.008614976805831676,0.12903225806451601,0.024043838067546286
2006-06-30,-0.02284972308591382,-0.06931769664730669,0.007674894838480162,0.026632051247978072,-0.03755334836984292,0.03981998970706413,0.14041074115677254,0.14041074115677254,0.13333333333333353,0.2142857142857142,1.3890443785899826,0.965545903045903,4.0437275420435475,-1.2590944330893383,-0.023686509284342128,-0.06484174508126617,-0.6184538653366584,-0.6177024482109228,0.01994204874723038,-0.07920792079207917,-0.04924874791318867,0.0,-0.015117830146731848,-0.6450534759358288,0.08571428571428585,-0.09342579447417265
2006-09-30,-0.01931000672527805,-0.05248185859069965,-0.01872566766599537,-0.0271474552723715,-0.02118210146266497,-0.005799709983489665,0.39282262860541173,0.39282262860541173,0.47058823529411753,0.2941176470588234,-0.45672456632682357,0.4784331646363922,-0.2062724586671193,-1.3183072319589633,0.00772250642520822,-0.03219904866447121,0.045751633986928164,0.049261083743842304,-0.005848930481283432,-0.05376344086021512,1.9394205443371373,0.0,-0.0019563581640330563,0.0018832391713747842,0.05263157894736836,-0.026079624164307758
2006-12-31,0.0018091056775260128,0.10064338062813705,-0.0013709013091756095,0.051882936603342644,0.0038581427911217325,-0.056896849662283366,-0.7771832677296684,-0.7771832677296684,-0.76,-0.5454545454545454,1.1716242785564788,-0.8010647770104125,-0.9986015953630365,42.863142473446466,0.3361375749983393,0.2648393194706995,-0.32499999999999996,-0.323943661971831,0.03177004538577921,0.27272727272727293,0.21863799283154117,0.0,0.0021109770808203088,-0.4229323308270676,0.17499999999999982,0.04638218923933213
2007-03-31,-0.006049677200738568,-0.033271979890550085,-0.07402349115985296,-0.17527202556021715,0.02805464663958568,-0.7548193603908538,2.71824660159291,2.71824660159291,2.666666666666667,1.1999999999999997,-0.870791147455867,-0.779388233111477,522.0060362173039,-1.5760723440853033,-0.1449248673099276,0.15139739949185493,0.08333333333333326,0.09027777777777768,0.021668295861844156,0.125,0.4985294117647061,0.0,0.034306349684020576,0.3257328990228012,-0.17021276595744672,0.17216312056737593
2007-06-30,-0.014676008824058062,-0.15763209969466774,-0.0750995446407865,-0.12840236176913122,0.012411419895099307,-0.04449408616075279,0.5456668438259973,0.5456668438259973,0.5,0.4545454545454546,8.162870130848633,-41.59119100178703,-0.31251394584779213,-0.055586960618051684,-0.16006655928304647,-0.06788681204569058,0.19658119658119655,0.21656050955414008,0.009886780417796226,-0.08730158730158732,-0.1728819103696434,0.0,0.027494908350305547,0.597051597051597,-0.2564102564102565,-0.033529975293702385
2007-09-30,-0.004708666086112312,0.006298193517173756,0.007511166053604912,0.021750834433357014,-0.010459419213088128,0.04268079194949226,-0.2522402367357146,-0.2522402367357146,-0.24242424242424243,-0.21875,-0.48731491785395165,-2.108368898649209,0.5861410960207274,-2.8053799087318643,0.3440522024492565,-0.16418326138420836,-0.021428571428571463,-0.010471204188481575,0.005526606663508682,-0.17391304347826086,-0.3098675103816493,0.0,-0.005804898768228761,0.4553846153846155,-0.31034482758620685,-0.015129382303839756
2007-12-31,-0.021030791246753333,0.09671379926468271,0.04665748596888619,0.047943943135831946,-0.049578964839569695,-0.3541973570190641,-6.210077476171897,-6.210077476171897,-11.64,-11.64,0.45200404176490405,-0.9521227131475034,-0.7206548007549965,-0.4142462042426338,0.14994200608881658,-0.004831722759080392,-1.5875912408759123,-1.5925925925925926,-0.03015075376884424,-0.010526315789473717,-0.03839541547277925,0.0,-0.029193961834235393,0.0,-0.5,0.046509164106367296
2008-03-31,-0.0017694663135835453,-0.17976456386408768,0.01006904430007105,-0.0011019280569566359,-0.008114718403404053,0.2569837555874237,-1.1412585317842394,-1.1412585317842394,-1.0714285714285714,-1.0676691729323309,-0.449768587555644,-18.265921624127667,1.015723866176638,-2.699258377719403,-0.22156787791852905,-0.6663318265528211,0.08074534161490687,0.0714285714285714,-0.011010362694300557,-0.6595744680851063,0.0,0.0,-0.006307760011735275,0.0,0.0,-0.1788317473172707
2008-06-30,-0.042982297919970436,0.005874062073336184,-0.05353940448055772,-0.07853563021193521,-0.038114716359204714,0.06273184596087633,-8.982372765828536,-8.982372765828536,-8.947368421052632,-9.833333333333334,0.054142492923534125,-1.1160047032753337,-0.9874438450405068,-1.5635298873743069,0.16039949758923866,-0.061716006021073744,3.4942528735632195,3.466666666666667,-0.04174852652259331,-0.03125,0.0,0.0,0.005166814289931931,0.0,0.0,0.09159834802440958
2008-09-30,-0.5774015926940292,-0.3746590260677246,-0.7637833263803988,-0.7464625411818655,-0.4928131745299682,0.05269749790471878,-0.964807624342678,-0.964807624342678,-0.9271523178807947,-0.9308176100628931,-0.2712054846695867,5.992836606403197,229.50698602794412,-1.4540696470160301,-0.06276505927760723,-0.12780748663101604,0.3158567774936061,0.3376865671641791,-0.49461814454126096,-0.09677419354838701,0.0,0.4408888888888889,0.20002937288882383,0.0,0.09999999999999987,1.466429499124739
2008-12-31,0.03294381032196636,0.2370574272570729,-0.108282050339231,-0.2933199906106766,0.06594992399375377,0.4652657882103166,-16.327694277818964,-16.327694277818964,-15.727272727272728,-17.727272727272727,-1.415575705314136,0.59598606271777,-0.9998073326175054,-5.482493129652088,0.3001850814239051,-0.039239730226854674,-0.7599611273080661,-0.7503486750348676,0.061866125760649204,0.8928571428571428,0.0,0.0,0.031942234732590835,0.0,0.5454545454545456,0.750538028297999
2009-03-31,0.0234453294653294,0.06280221292801391,0.04831742453682475,0.09472944434343566,0.01799285200617229,-0.3243493497058363,-1.1248191647941888,-1.1248191647941888,-1.117283950617284,-1.1032608695652173,-2.009662342017564,-1.264987512225793,-1357.6516853932585,-0.8813523562730526,0.02739321739788214,-0.05041480536056153,0.8056680161943319,0.9106145251396649,-0.04106972301814704,-0.1132075471698114,0.0,0.0,-0.005218216318785496,0.0,0.23529411764705865,-0.029165576772168578
2009-06-30,-0.020508588123639204,-0.07417083706054894,-0.0071493362607707445,-0.04754117733481955,-0.02313254348597804,0.02420107828077467,-2.4231311209751283,-2.4377862326498976,-2.473684210526316,-2.473684210526316,0.12702399734285486,-0.5955082099574054,-2.613307713968627,-4.857095039852723,-0.10284109449211987,0.07526881720430101,-2.154708520179372,-2.2514619883040936,0.10391766268260283,0.1276595744680853,0.0,0.0,-0.0027420123986646727,0.5866807610993658,0.38095238095238093,-0.027953657550855437
2009-09-30,-0.015101948458941639,-0.03165950889025104,-0.00867627656036718,-0.10583410459672982,-0.016502847985333413,-0.010198650178652846,-0.4727826323736911,-0.46874770293778945,-0.4285714285714286,-0.4285714285714286,-0.20953749240205555,1.460322633208408,-0.3584299311067076,0.09914141441534285,-0.12599429751644775,0.15187499999999998,0.14951456310679623,0.15654205607476657,-0.013233082706766819,0.037735849056603765,-0.6981525625744934,0.0,-0.0014345487148834657,0.16122584943371088,-0.0344827586206895,0.08294643475850605
2009-12-31,-0.22533065175104028,-0.04010671832045831,0.04135593302443641,0.08860270540894288,-0.27768437854769534,0.09085291032958276,-48.52234951638651,-47.71759985241214,-51.875,-51.875,3.255901200046604,0.1204384396317637,0.656240498023589,-0.2115893255432959,-0.11365514984670322,0.07650569723277267,-5.04054054054054,-4.987878787878787,-0.18195672051203904,0.09090909090909083,-0.06317867719644621,0.0,-0.06752065126301932,0.0,0.0,-0.11823649859227026
2010-03-31,-0.061101041388345156,-0.0995230616849887,0.029849409745279276,0.06260227300130561,-0.08473425312021832,0.051122683545958614,-0.9815191906976468,-0.9815337866054055,-0.9803439803439803,-0.9803439803439803,-0.686561688987199,-0.1956479976355845,0.15409663408813112,0.8383894650535446,-0.23573491749980136,0.12096774193548376,0.10075250836120397,0.07700101317122598,-0.03800298062593144,0.3833333333333333,0.0,0.0,-0.025163692386699243,0.0,0.10714285714285698,-0.15256672617233424
2010-06-30,-0.01474653057912001,-0.04215718174034622,0.025406809327536584,0.059617635330313945,-0.04061000589634178,0.04387369599353241,-1.686180165731088,-1.686180165731088,-1.75,-1.75,0.290058867713592,-1.1753153103498957,-0.4598359866545547,-0.8736811643544131,-0.03896260732227763,-0.0026978417266186883,0.15913406760349424,0.123706491063029,0.017041053446940513,0.03614457831325302,0.0,0.0,-0.026340050046095076,0.0,0.16129032258064502,-0.09604548802000368
2010-09-30,-0.027649107165930165,-0.05419770641590238,0.05776780768438705,-0.026927713423775645,-0.05644677983232682,0.04665167379076496,0.36416049863654076,0.36416049863654076,0.41666666666666674,0.3333333333333335,0.00291122786112763,2.115378569557244,0.16281502836417738,-0.6508368595531359,-0.014155855366604464,0.09467989179440939,0.15825688073394484,0.10841356215989939,-0.016755521706016796,0.06976744186046524,0.0,0.0,-0.02962261598809679,0.0,0.16666666666666674,-0.02802144711165
2010-12-31,-0.07837859386445589,-0.05368606343061744,0.33160264652448457,0.12211157821259788,-0.20892640982967015,0.011210666616072062,4.009994859786396,4.009994859786396,4.411764705882352,4.8125,0.7678588305183145,-2.525825386413711,0.32790829417841305,11.359320725588576,-0.17746898186017956,0.1540362438220757,-1.1097595473833097,-1.1038519637462236,-0.10263361735089072,0.1847826086956521,0.0,0.0,-0.1416225257875663,-0.6517498565691338,0.0714285714285714,-0.1566800514599822
2011-03-31,0.031009177012621292,0.015123203917136507,0.04395974702328598,0.13378989164212474,-0.006394909827381334,0.07935193806449181,-0.7940036479708162,-0.7940036479708162,-0.782608695652174,-0.7956989247311828,-0.5884221780968382,-1.4756781781505937,-1.0432580829728075,-1.6651219436030353,0.14350645938075646,0.07387580299785879,0.48969072164948435,0.40727272727272723,-0.022011221406991854,0.19266055045871555,2.0200210748155953,0.0,-0.03621305618707371,0.311367380560132,0.0888888888888888,-0.10465976331360938
2011-06-30,-0.0007135134316208491,-0.2668504180663356,0.0028878789966717555,0.0021575852839337273,-0.0013107781309187327,0.054737697544397834,1.3477587161040399,1.3477587161040399,1.3499999999999996,1.3157894736842106,0.9162027759222149,-6.397043147796264,-11.898248056619098,-3.1196007361778846,-0.26600321708235375,0.137919574609505,0.31660899653979246,0.24031007751937983,0.056487202118270075,0.1615384615384614,-0.14654570830425673,0.0,-0.0006739679865207515,0.16080402010050232,0.061224489795918435,-0.26843246592317227
2011-09-30,-0.014877858059595406,-0.021712814737910202,0.014744319285008078,0.21649255718978422,-0.053411807964260705,0.06485319445245619,0.5315151800867433,0.5315151800867433,0.6382978723404256,0.5681818181818181,0.08848820544602387,-1.7536624531996017,1.3743665630456077,-1.2500564836596095,0.09062141776882982,0.1378504672897196,0.392904073587385,0.3083333333333331,-0.019632414369256557,0.07947019867549665,-0.07399836467702381,0.0,-0.039116506491316816,0.22186147186147198,0.0769230769230771,-0.19581480697296916
2011-12-31,0.009184236095717058,0.031127767780020577,0.06688739479966688,0.08292889607888454,-0.010689471981421228,0.15488775044303948,-0.2903205947085713,-0.2903205947085713,-0.22077922077922085,-0.1159420289855072,-0.08528014518797933,-1.0624789923147477,-0.713530527420201,-0.5598901585614315,0.03656940635437955,0.026950718685831543,-0.18018867924528292,-0.19904458598726116,-0.0012782275244992425,0.042944785276073594,-0.21501103752759376,0.0,-0.01965257062642567,-0.2621789193976971,0.0714285714285714,-0.04783009346614597
2012-03-31,-0.01682969853645233,-0.07029736880927384,-0.0023914880408353323,-0.017593155929125692,-0.025816133863223456,0.07313428585308812,-0.24448058989373234,-0.2522663196703535,-0.30000000000000004,-0.3770491803278688,-0.4256953900019451,0.1155284033919941,0.9991078555665116,-4.22264712986072,-0.11369262077985898,0.15021244688827817,0.12082853855005737,0.1033797216699801,-0.031143344709897658,0.15294117647058814,0.3408323959505062,0.0037014188772361845,-0.009128333631644892,0.007202881152460927,0.10000000000000009,-0.05364302502419471
2012-06-30,0.05782886569278012,0.1870479163438188,0.07443346899377556,0.16150552509875427,0.04690419792786993,0.06246019356852961,0.24752418405718069,0.25680143859852667,0.19047619047619047,0.23684210526315774,1.4805588484335308,0.6432891940493706,-1.4696418085731062,-3.2871204266959793,0.2933843511254679,0.026292916123424437,0.01642710472279263,-0.003603603603603567,-0.02289740202553936,0.061224489795918435,-0.06543624161073824,0.003687768899815591,-0.010296242774566311,-0.0750893921334923,0.07575757575757569,0.02201120038957871
2012-09-30,0.010215297539891699,-0.22747750388713128,0.01803903448595423,0.025471541794426233,0.0028194734100701613,0.0497464047063525,-0.06670501610676483,-0.06034801070802176,-0.07999999999999996,-0.08510638297872342,-0.1938666138711197,16.67051333068046,-2.18589647411853,-2.66803386127799,-0.3783678313569443,0.05293245818335812,-0.13030303030303036,-0.1410488245931284,-0.007210455159981977,0.0769230769230771,0.038150807899461237,0.007348438456828088,-0.007300602299689762,-0.19458762886597936,0.07042253521126773,-0.24667651403249635
2012-12-31,0.062316350669560316,0.17053065742992257,0.32634254544581043,-0.00028796820830978564,-0.15020883866404844,0.07107506263384056,0.033948867138384076,0.0005403148562026505,0.021739130434782483,0.0,-0.7381436314363143,-1.0999245597441787,-3.5750253036437245,-1.812652864771771,0.4946360848102451,-0.02272270259400755,0.0,-0.052631578947368474,-0.10803449841125745,-0.013392857142857206,0.11154345006485089,0.007294832826747699,-0.20003677146534304,-0.08960000000000001,0.026315789473684292,0.17084123972169518
2013-03-31,-0.006721796150535475,-0.08737237951156251,-0.002114676771869939,-0.05352950684041491,-0.011601543248649482,-0.03005811165225525,0.2343220945204827,0.3166008002160092,0.36170212765957466,0.4186046511627908,1.9871280724450195,-2.4689278269198267,-1.6217865780092477,-1.3070935301654325,-0.10162978331335493,-0.10555555555555562,0.15447154471544722,0.07333333333333347,-0.0050890585241729624,0.0,-0.011279657720731251,0.007242003621001913,-0.005056308894506922,0.08084358523725843,0.012820512820512775,-0.035762519582950736
2013-06-30,0.008529868162019172,0.014259028760554848,0.017289980303339947,0.03249193915179749,-0.00318603083740554,0.07701189223562444,0.1102482372259248,0.08674981822249572,0.09375,0.09836065573770503,0.47139516251272173,-0.10866063209573484,-0.2586108501540866,-1.0651797428496457,0.007373578307906303,0.09914883827927312,0.1327967806841046,0.0600414078674949,0.005626598465473087,0.10407239819004532,-0.031077891424075688,0.0071899340922707555,-0.011550011550011563,0.04065040650406515,0.025316455696202445,-0.01764804750966431
2013-09-30,-0.0020220375602197915,0.05527604869552216,-0.053132997520607184,-0.014910194937902799,0.06360000122601228,-0.05321292801825339,0.6640277004454342,0.6630639903928632,0.6714285714285715,0.6865671641791042,-0.2931104259718471,-1.6914669305908172,-0.16127045782904237,11.6664653784219,0.09271354377693464,0.058811218082879924,0.3312611012433393,0.267578125,0.059511698880976516,0.05327868852459017,-0.04019488428745421,0.007138607971445721,0.0656695489600374,0.2734375,0.0,0.0712330329645261
2013-12-31,0.1129899163736583,0.305742613864155,0.24221558459846504,-0.024360361798085317,-0.027849245211681972,-0.04283022756820176,-0.17547968839859884,-0.2065504435733443,-0.2222222222222221,-0.22123893805309724,-0.0982231151175742,-1.421090298089489,-5.053498813961369,4.701717863556184,0.48377406114997323,0.19173749752915592,0.14009339559706468,0.11864406779661008,-0.014882381180988946,0.12451361867704303,-0.10194585448392557,0.007088009450679333,-0.12653508771929833,0.1595092024539877,-0.04938271604938271,0.3383910983335996
2014-03-31,-0.0025097504323817743,-0.0029212694169525877,0.003013232437213631,0.023421486223306642,0.013492330750040304,0.021798455390603877,-0.5449126856302233,-0.5334581431933123,-0.5164835164835164,-0.5340909090909092,-0.507058674146668,8.500332520505431,-1.0446627305501854,-1.2707223126491114,-0.08826709946167188,0.20335047271520978,-0.07255705090696307,-0.08264462809917339,0.003411306042885087,0.22491349480968847,0.03862458784738587,0.007038123167155463,0.01606829023349232,-0.06137566137566142,-0.025974025974025983,-0.025736902820319152
2014-06-30,-0.013394235303698654,0.0043206469278269655,-0.00803117757175964,-0.021498627304405438,-0.02138995515632114,0.02170626831314415,-1.501490873624077,-1.501490873624077,-1.5,-1.5365853658536586,1.483772011989509,-0.2881432393752722,1.6016222118234285,-0.8354318305828091,-0.01593224832579332,-0.07470709855272228,-0.2889589905362776,-0.29729729729729737,-0.0257406508013599,-0.07909604519774016,-0.014965986394557929,0.006988934187536211,-0.00815418828762049,-0.27395715896279593,-0.040000000000000036,0.026375959496978574
2014-09-30,0.017020365794372605,-0.014994260311134489,-0.09269889767961903,0.11223350858387349,0.1805815910786357,0.03426614571970665,-19.16025783507446,-19.16025783507446,-18.772727272727273,-17.727272727272727,0.3754513656462424,0.9568191254561744,-0.6231188920199053,2.479136690647482,-0.05632789980209174,0.0199612691792046,1.1242236024844723,1.1474358974358974,0.1749750747756731,0.046012269938650485,0.43278084714548815,0.009832272990167867,0.16093672147483828,1.1801242236024843,-0.01388888888888895,-0.11440846527170012
2014-12-31,0.008604169959961494,0.06775470545510509,0.008910122767881834,0.030994671810773644,0.008569498761536565,0.06203154822552426,-0.802550089959977,-0.802550089959977,-0.7877237851662404,-0.7989130434782609,-0.11311947357598195,-0.7732338686261809,0.7680559974546612,-2.0553637573272914,0.06299478808902315,-0.08792171754052869,-0.06975772765246446,-0.03681592039801007,0.004242681374628798,-0.22287390029325516,-0.5774421593830334,0.009736540664375681,0.0,-0.06267806267806264,0.04225352112676051,0.035666157577935564
2015-03-31,-0.0741010620653969,-0.1672830802358739,-0.03345917319093883,-0.07152120174373922,-0.12010273334762411,-0.07010739641337871,-0.5908041345751522,-0.5908041345751522,-0.6144578313253012,-0.5945945945945946,-1.0294465440886642,0.6243228602383533,9.688141083318337,-6.431789140101886,-0.32189659785643243,0.03442754203362686,-0.028738212842388977,-0.007231404958677579,-0.09759188846641331,0.030188679245283012,0.06539923954372617,0.0096426545660806,-0.04978540772532192,-0.03343465045592697,0.027027027027026973,-0.10314018043025674
2015-06-30,0.029547725489849297,0.022272233011809695,0.02461286910121596,0.14239666832866704,0.035757117247879666,-0.0017863800173978372,1.2459761408824086,1.2459761408824086,1.25,1.266666666666667,0.0,0.0,0.0,-0.952360041153296,-0.02261475259716761,0.15356037151702795,0.1705963938973647,0.19979188345473453,0.024812734082397148,0.2783882783882785,0.18201284796573858,0.00955056179775271,0.0060975609756097615,0.18789308176100628,0.0,-0.10513589321984718
2015-09-30,-0.01171517067977923,-0.05784562907008217,-0.03431692741247405,-0.08589130413495283,0.01641799595237603,0.08744157939237374,0.10633167523817555,0.10633167523817555,0.09722222222222232,0.08823529411764697,-26.80787401574803,-3.1858959782921765,-0.4546460921978651,-8.245127732420332,0.16763785993184133,-0.007380568974771795,-0.5394944707740916,-0.5411968777103209,0.015532206486980282,-0.03151862464183386,-0.17270531400966183,0.009460211463550472,0.028507295173961777,-0.5552614162806089,0.03947368421052633,0.03069606571552086
2015-12-31,0.2936525002495458,0.5606950794626422,0.3721130804943984,0.1761232950293592,-0.0220383689276612,0.012124341580397768,-1.5783633841886269,-1.5783633841886269,-1.4936708860759493,-1.5270270270270272,0.6810877878122203,-4.981039827458269,-9.690011808926931,5.497687183634893,0.9328734630398932,-0.11153170204136809,-0.46140651801029164,-0.502835538752363,-0.02294197031039147,-0.12426035502958577,0.9503649635036497,0.009371554575523522,-0.24399825403753816,-0.4776785714285714,-0.05063291139240511,0.3269714765100673
2016-03-31,-0.030251154041785466,-0.03119829718099132,-0.03220473427128123,0.010924525012165898,0.14458755373987398,-0.034815629978037776,-1.2182517722086068,-1.2182517722086068,-1.2564102564102564,-1.2307692307692308,-0.8542208617164152,-0.8674880760346588,-1.1692204663985561,-1.3395571182617039,-0.1638823393614487,-0.2439135727328059,-0.19426751592356684,-0.21292775665399244,0.20073664825046045,-0.22635135135135132,0.39820359281437123,0.0,0.18013856812933038,-0.1709401709401709,-0.053333333333333344,-0.04168642326537064
2016-06-30,-0.07765129960495554,-0.048537702280228134,-0.060403768506056554,-0.10906348221617568,-0.12151805089283729,-0.0900169560010694,-24.517870079690894,-24.517870079690894,-25.5,-28.222222222222225,0.7359837324148235,-2.249391999368994,-0.3494798610163442,-1.0301503812046149,0.005909592916238715,0.031394646810223525,-2.6679841897233203,-2.6183574879227054,-0.1257668711656441,-0.13973799126637554,0.22483940042826545,0.0,-0.047455968688845385,0.0,-0.028169014084507116,0.0679503566569084
2016-09-30,0.002390117471548381,0.003715834071443158,-0.019417350921963283,0.014999869980901748,0.027234699220149317,0.02503625380480501,-1.2215992812219227,-1.2215992812219227,-1.220408163265306,-1.2,1.2865987760566076,-2.3192655723905724,-0.8133547413688771,-8.6775956284153,-0.04510491306469422,0.16487804878048795,0.13862559241706163,0.10447761194029836,0.031140350877193024,0.3299492385786802,0.0,0.0,0.024653312788905923,0.0,-0.05797101449275355,-0.011119261804563463
2016-12-31,-0.005413430496921556,0.024009046806666268,-0.025254691267251772,0.01537029472422713,0.0028735971362747748,0.061588636072147374,1.9465733747277696,1.3643714378388396,1.3888888888888888,1.8979591836734695,0.36739046344599746,-1.9512772863944874,3.9048977650974797,-3.4804804270462633,0.11716664537428634,0.08157453936348391,-0.7741935483870968,-0.9081081081081082,0.022968949383241233,0.04961832061068705,0.0,0.0,0.008270676691729317,0.0,0.01538461538461533,0.008511302854019354
2017-03-31,-0.005713888433885317,0.023653428192333736,-0.010389351884585452,-0.047650086628875155,-0.01132182266204873,-0.062045559333400724,-0.7939220003145149,-0.743177430892397,-0.7364341085271318,-0.795774647887324,-0.4815933330784816,-0.24893941680500364,-0.1756224386374653,-0.5132744632468456,0.05104699338768737,0.10066594393681272,-0.4193548387096774,-1.1176470588235294,-0.023284823284823397,0.07636363636363641,0.0,0.0,-0.005468555804126196,0.0,0.0,0.0748712786961403
2017-06-30,0.03609616725553311,0.06725203862331042,-0.0006919477396956086,0.0065057882380648024,0.06337351783682221,0.008614242547313244,1.528444427486741,1.528444427486741,1.4705882352941173,1.4137931034482758,0.32587567288548036,-0.8934830657944677,-1.2608886228057046,0.8461334394482027,0.08966255749664653,0.2721260728858872,-11.0,139.5,0.048957002979991504,0.30067567567567566,0.0,0.0,0.026243439140214875,1.6323024054982818,0.0,0.06032775076535213
2017-09-30,0.15772616639090087,-0.14220181891245742,0.006883080499091365,0.22185971351900724,0.23598077933946926,0.07955177765586341,1.7108559183919843,1.7108559183919843,1.6428571428571432,1.5571428571428574,0.5560561061612217,-2.873925801718717,-17.10129902061222,-3.1313965927416136,-0.1753813308809039,0.20805220661431267,0.4642857142857142,0.45017793594306066,0.20251623376623362,0.15064935064935048,-0.1770104895104896,0.0,0.06770579639551877,0.54177545691906,-0.015151515151515138,-0.29796195652173907
2017-12-31,0.05898892880378925,0.2306452649627686,0.11069818633404216,-0.042844866587036234,0.00045575792707963636,0.14744807673272708,-0.8173933857706674,-0.8173933857706674,-0.8198198198198199,-0.7932960893854748,-0.14867289532564643,1.3340417202617303,-1.7531584037463097,-2.406426626414416,0.29912125781774646,0.1648965390954038,-0.23794037940379398,-0.2809815950920246,-0.007762402969962889,-0.03160270880361171,-0.1956983536909187,0.0,-0.055428832116788285,-0.21930567315834038,-0.015384615384615441,0.28575575769305184
2018-03-31,0.0278066263222565,0.045984740295642146,0.008117799118869229,0.037218904427505306,0.02654249251448948,0.04680275830146696,1.166869893915376,1.166869893915376,1.15,0.9189189189189189,0.27638064369862203,0.07557206181861753,-1.280977660332983,-0.9288533444121313,0.01814314245261084,0.13919673033089675,0.06756756756756754,0.07508532423208192,0.0139455782312925,0.14918414918414902,0.5189831627599868,0.0,-0.001207437816952428,0.07158351409978292,0.0,0.008466922555881773
2018-06-30,0.033876783418399725,0.05571020616015243,0.007283514229270205,0.01951432983762369,0.03269237013670323,0.0643639926638695,2.071846599701753,2.071846599701753,2.0348837209302326,2.267605633802817,0.4985658649544762,1.6901468065673106,0.43782321106434163,-1.5697548193898558,-0.009167084739372555,0.017248516627569987,0.34710193204530304,0.34603174603174613,0.03857765850385775,0.0040567951318459805,-0.10236905020647691,0.0,-0.0012088974854932433,0.3248987854251011,0.015625,0.03548639874622195
2018-09-30,0.02198183755543459,0.05374275813756091,0.017658146791043716,0.05655212373474594,0.009472923772912312,0.042931786895183066,-0.3323929600234483,-0.3323929600234483,-0.32950191570881227,-0.35775862068965514,0.28141215308568257,-0.10638632637175172,0.31446614528877914,-2.746600091978188,0.016159365320184582,0.24884698860553445,-0.08358061325420374,-0.09905660377358494,0.005813953488372103,0.202020202020202,-0.14092009685230023,0.0,-0.012103606874848682,-0.1298701298701298,0.030769230769230882,-0.002666666666666706
2018-12-31,0.07881523087176512,0.11720882496378726,0.0951078011919071,-0.011132562212858299,0.09330693309932547,-0.000442697394150926,1.2125893506386598,0.3154060394857794,0.3085714285714285,0.3691275167785235,0.08403620442757398,-1.9277830805015244,-1.2994444833313183,16.37536204626669,0.2763098313694361,0.02302720903709332,0.28710199676200765,0.5549738219895288,0.08991650610147706,0.01680672268907557,0.08568207440811748,0.0,0.013477088948786964,0.2914837576821774,0.0,0.12978754155224737
2019-03-31,0.04150315982710229,0.024308847125986244,0.07968906053458036,0.027459431073002527,-0.022251571774016266,0.001575939925894554,-0.7250091462091288,-0.5374494138261922,-0.537117903930131,-0.553921568627451,-0.6746779678157433,-0.444585389240696,-2.5653023927918737,-0.8144651501112737,0.0401666600271362,0.05659075224292609,0.0008385744234800097,-0.02020202020202022,-0.026222746022392496,-0.03140495867768589,-0.21235721703011434,0.0,-0.06117021276595758,0.0020394289598912874,-0.014925373134328401,-0.0030702315466291097
