Quarter end,Assets,Current Assets,Liabilities,Current Liabilities,Shareholders equity,Revenue,Earnings,Earnings available for common stockholders,EPS basic,EPS diluted,Cash from operating activities,Cash from investing activities,Cash from financing activities,Cash change during period,Cash at end of period,Price,ROE,ROA,Book value of equity per share,P/B ratio,P/E ratio,Equity to assets ratio,Net margin,Asset turnover,Current ratio
2000-06-30,3.005586600800518,3.1279982634198955,0.31799346996831956,0.5535574386018205,3.6100641602082817,7.4243121598942174,-0.2647079642390241,-0.2647079642390241,-0.9073170731707317,-0.9073170731707317,6.931986528327692,1.4405229264445438,-1.0011266502210645,-1.0537428377973785,5.20472986555321,-0.22761380690345168,0.2093345656192236,0.12911522633744865,3.5227272727272725,-0.8291877613911512,-0.7213265473649647,0.15090641842234187,2.203665987780041,0.0,1.6571258330758711
2000-09-30,3.005586600800518,3.1279982634198955,0.31799346996831956,0.5535574386018205,3.6100641602082817,7.4243121598942174,-0.2647079642390241,-0.2647079642390241,-0.9073170731707317,-0.9073170731707317,6.931986528327692,1.4405229264445438,-1.0011266502210645,-1.0537428377973785,5.20472986555321,-0.22761380690345168,0.2093345656192236,0.12911522633744865,3.5227272727272725,-0.8291877613911512,-0.7213265473649647,0.15090641842234187,2.203665987780041,0.0,1.6571258330758711
2000-12-31,-0.016095468718690942,-0.025133027435554234,0.06607435564807274,0.2760935381279823,-0.021379134127979427,0.0,0.0,0.0,0.0,0.0,6.931986528327692,1.4405229264445438,-1.0011266502210645,-1.0537428377973785,-0.045081245921196667,-0.22761380690345168,0.2093345656192236,0.12911522633744865,-0.03015075376884424,-0.8291877613911512,-0.7213265473649647,-0.005427841634738195,2.203665987780041,0.0,-0.23605332004484858
2001-03-31,-0.015813801000279515,-0.026052531167752524,0.08668410686691486,0.2268664683521029,-0.022993578326387376,-0.1492584392436337,0.2692948245946154,0.2692948245946154,-0.10526315789473684,-0.10526315789473684,-0.7608968161392851,-1.0937900475056934,-4.468952644677346,-0.5434103992880269,-0.02155537105836214,-0.5330310880829016,0.2093345656192236,0.12911522633744865,-0.020725388601036343,-0.518041237113402,-0.7213265473649647,-0.007276618512573552,2.203665987780041,0.0,-0.20615113662307172
2001-06-30,-0.004134354168551124,-0.020916057339082084,0.38119626108468085,-0.003954138499408177,-0.03415606153358708,-0.16649517821789206,0.19821771802271493,0.19821771802271493,0.17647058823529416,0.17647058823529416,0.20194523625841798,217.0332956837789,-1.0443057320335571,39.82754285915218,-0.8994406118638947,-0.377253814147018,0.2093345656192236,0.12911522633744865,-0.03703703703703698,-0.36363636363636365,-0.7213265473649647,-0.030074377492723903,2.203665987780041,0.0,-0.017028071530499678
2001-09-30,-0.02003426106836359,-0.14678776311060326,0.06818414361062364,-0.06490159537009954,-0.02986326495435354,0.47147113911118677,-0.018332655401975928,-0.018332655401975928,-0.050000000000000044,-0.050000000000000044,0.7724301536447862,-0.9717001545757058,-19.99709219453789,-0.9248343602608613,-0.6723094705648676,0.062360801781736974,0.2093345656192236,0.12911522633744865,-0.03296703296703296,0.10084033613445387,-0.7213265473649647,-0.010113358524116434,2.203665987780041,0.0,-0.08757098354352066
2001-12-30,-0.03982821420082816,-0.08331679903863487,0.12462614109300985,0.49931863327501946,-0.0600029968010386,0.10089736691371742,0.4221698789986472,0.4221698789986472,0.42105263157894735,0.42105263157894735,-0.9347950624569913,-1.2914246600808348,-1.17261622497674,-1.0548660896168136,0.11263707274669632,-0.05870020964360578,0.2093345656192236,0.12911522633744865,-0.0625,-0.026717557251908497,-0.7213265473649647,-0.020994723251375413,2.203665987780041,0.0,-0.3885994539757771
2002-03-31,0.14769117707099988,-0.05831082484936634,1.6426566288120452,0.016846921797005088,-0.07172889101141477,0.6672973228644405,0.05346937475674918,0.05346937475674918,0.03703703703703698,0.03703703703703698,19.915460175478913,-16.767959379448982,-457.4801613520186,13.837069892281734,1.501080432172869,0.04899777282850781,0.2093345656192236,0.12911522633744865,-0.07272727272727264,0.11764705882352944,-0.7213265473649647,-0.1911697247706422,2.203665987780041,0.0,-0.0739131303444418
2002-06-30,-0.04936251351812848,-0.07753152338191005,0.18116414379179635,1.594804663530374,-0.1456860114394085,0.4972419227738376,0.897657782392985,0.897657782392985,0.9285714285714286,0.9285714285714286,-0.001267784194956989,-0.8075641323723165,-1.0052944313247505,-2.5534229046705055,-0.9323221656906979,-0.29299363057324834,0.4795567443637754,0.36036446469248284,-0.14379084967320255,-0.23508771929824557,-0.7213265473649647,-0.10137530129023109,2.203665987780041,1.0,-0.6444959818780001
2002-09-29,-0.038536380918167246,-0.05644650139322405,0.017271333673990696,0.08174365442219766,-0.07077660617081316,0.5710526315789475,-0.5377880464522405,-0.5377880464522405,-0.5555555555555556,-0.5555555555555556,-0.21706629055007054,-3.3713250100684657,-2.028776978417266,-1.0494233937397035,0.6808510638297873,-0.31231231231231227,0.14540289256198347,0.044541192230408644,-0.07633587786259544,-0.1972477064220184,-0.7213265473649647,-0.03344903755127804,2.203665987780041,0.25,-0.12774220954577187
2002-12-29,-0.05105670805277707,-0.07706054576103627,0.007876230661040706,0.04182758871966774,-0.08832835631234515,0.3018425460636516,0.0017100762957116267,0.0017100762957116267,0.25,0.25,0.054404611781661005,0.1645720108695652,-2.062937062937063,0.7749999999999999,0.718987341772152,-0.04366812227074235,0.08816234498308906,-0.013786470022443154,-0.09090909090909083,0.03428571428571425,-0.7213265473649647,-0.03934051583414955,2.203665987780041,0.5999999999999999,-0.11411625560928085
2003-03-30,-0.05485373976670549,-0.09130858704459,0.023344364259798356,0.09505490662376714,-0.10952832292595893,0.10036026762738026,0.17662508207485228,0.17662508207485228,-0.06666666666666654,-0.06666666666666654,-0.14966683751922094,0.10821058772057746,-2.447368421052632,2.335680751173709,1.395189003436426,-0.34246575342465757,0.12598425196850394,0.05819245773732118,-0.10909090909090913,-0.2762430939226519,-0.7213265473649647,-0.05777400169923541,2.203665987780041,0.25,-0.17018435984528701
2003-06-29,-0.07535215546047092,-0.1186489345624906,-0.013597490892798048,-0.02797649463464491,-0.12497260745703287,0.11529466791393816,-0.04107142857142854,-0.04107142857142854,-0.0357142857142857,-0.0357142857142857,0.4376130198915009,0.17318068166864053,-1.7863636363636364,-0.44159042927515835,0.3252715720434516,0.04861111111111116,-0.10728744939271262,-0.14715821812596008,-0.12244897959183676,0.17557251908396942,-0.7213265473649647,-0.053742110009017074,2.203665987780041,0.30000000000000004,-0.09329232225245476
2003-09-28,-0.002449853102677979,0.003326531662065646,0.09049076725585059,0.32257852543041143,-0.08663375192300815,0.7297127280352276,-0.3585893854748603,-0.3585893854748603,-0.37037037037037035,-0.37037037037037035,-0.9071977638015374,-0.5568143578238923,-2.3641618497109826,1.2199117832388153,0.5448499845344881,0.3443708609271521,0.04267161410018572,-0.01765129682997124,-0.09302325581395343,0.5324675324675323,-0.7213265473649647,-0.08442919763674495,2.203665987780041,0.46153846153846145,-0.2413757110797975
2003-12-28,-0.0662614324965185,-0.3092475176456514,-0.06105003893728378,-0.5931336016296518,-0.07189721694510276,0.3020972239059281,-0.2741789148974778,-0.2741789148974778,-0.23529411764705888,-0.23529411764705888,7.22289156626506,1.025563148569982,-1.2838983050847457,-0.2971898949758728,0.24787265992591845,0.684729064039409,-0.019375247133254336,-0.07077374404107073,-0.07692307692307698,0.8559322033898307,-0.7213265473649647,-0.00603663613655292,2.203665987780041,0.368421052631579,0.6977160154100166
2004-03-28,-0.010188040389382702,-0.01867979613043691,0.03199861127184356,0.1924532910001222,-0.056343378070397576,0.005772274462340521,-0.017249999999999988,-0.017249999999999988,-0.07692307692307698,-0.07692307692307698,-0.13736263736263732,-0.9336498812945145,-8.328358208955223,-2.504442649434572,-0.29883674288006423,0.22514619883040954,-0.10745967741935492,-0.1523283346487767,-0.06944444444444431,0.32876712328767144,-0.7213265473649647,-0.04649214659685863,2.203665987780041,0.3076923076923077,-0.17704027879082584
2004-06-27,0.2756788124980911,0.9985376799536092,0.03915521913839837,1.10373783922171,0.5586788317903306,0.0632231787466444,-0.10557110150089033,-0.10557110150089033,-0.16666666666666663,-0.16666666666666663,-0.7562632696390659,32.46139359698682,57.14460285132383,-13.153020134228187,5.179633867276888,-0.10739856801909309,-0.2800993901061667,-0.2639664804469274,0.3731343283582089,-0.04123711340206193,-0.7213265473649647,0.22183175927959597,2.203665987780041,0.11764705882352944,-0.05002708158944302
2004-10-03,-0.26519341425846565,0.028409951052126958,-0.5801618705035971,-0.034220902497201,-0.013945280555515693,0.17638864704858093,-0.4237770193401593,-0.4237770193401593,-0.5,-0.5,12.567944250871081,1.2601305718144982,-1.8506777820589162,-0.9931080185553347,0.005776708017033894,-0.23262032085561501,-0.266394728584876,-0.17836812144212522,-0.021739130434782594,-0.4408602150537634,-0.7213265473649647,0.3419018515189647,2.203665987780041,0.18421052631578938,0.06486808687088597
2005-01-02,0.030791119993048843,0.026631501472031305,-0.029901897785203246,-0.039919354838709675,0.05140479273669052,0.0939905269390171,-2.603158933859822,-2.603158933859822,-2.5999999999999996,-2.5999999999999996,-1.1194144838212634,-1.0357338512874148,-1.0049822943259492,0.4967948717948718,0.008596885239865903,0.3797909407665505,-0.5829769033361848,-0.5327174749807544,0.05555555555555558,0.41025641025641035,-0.7213265473649647,0.019959812458137938,2.203665987780041,0.0888888888888888,0.06931295480542232
2005-04-03,-0.011874782681993934,-0.039167891410067934,-0.05683373813203796,-0.18180386392272152,0.0022141651213638536,0.024759843052361008,-1.3802339901477834,-1.3802339901477834,-1.375,-1.375,-2.7876344086021505,-1.0508710801393728,9.611570247933884,-4.931477516059957,-0.0335103761703992,0.13888888888888884,-0.4882051282051282,-0.4266886326194399,-0.010526315789473717,0.07954545454545436,-0.7213265473649647,0.014315734173890204,2.203665987780041,0.10204081632653073,0.17431777317522812
2005-07-03,-0.026882064406056783,-0.09295760635718109,-0.018166494990167648,-0.03323708694257299,-0.02945237634972797,0.0446263533139688,14.011336032388664,14.011336032388664,14.333333333333334,14.333333333333334,0.16360902255639087,47.6986301369863,0.2647975077881619,-1.878540305010893,0.030460974826733045,0.15521064301552112,4.24248496993988,4.732758620689656,-0.07446808510638292,0.1663157894736842,-0.7213265473649647,-0.0027191505891492884,2.203665987780041,0.18518518518518512,-0.061768354135979475
2005-10-02,0.06319376719008529,0.0464092791137678,0.23614687649022414,0.3102807460011947,0.011594986413236752,0.23331648129423654,-0.9230810723339986,-0.9230810723339986,-0.9347826086956522,-0.9347826086956522,0.006461617989144575,-1.7409282700421942,0.2869458128078817,-3.7241165530068194,-0.08052633508045304,0.23224568138195778,-0.040519877675840976,-0.045112781954887216,-0.011494252873563204,0.332129963898917,-0.7213265473649647,-0.04855881589197608,2.203665987780041,0.078125,-0.20138817162097966
2006-01-01,0.036938552552924,0.04437718643135091,0.084522799166731,0.10009117617262686,0.019591021602160197,0.17918630866980934,-1.2286115007012623,-1.2286115007012623,-1.0,-1.0,-1.5341551104262967,-0.03986332574031892,-0.5382775119617225,-1.1479289940828403,0.01295543330941551,0.1510903426791277,0.1617529880478088,0.1454068241469817,0.023255813953488413,0.1639566395663956,-0.7213265473649647,-0.016648471615720473,2.203665987780041,0.11594202898550732,-0.050646663217796206
2006-04-02,0.11843753106053079,0.061209384017061774,0.20243303809625446,0.13716732664149545,0.085865622025739,0.26458957980272024,-1.3190184049079754,-1.3190184049079754,inf,inf,0.13461538461538458,1.8580466587584024,2.2145077720207254,-3.7353846153846155,-0.03498484908110666,0.4127198917456021,-0.074417009602195,-0.09853345554537118,0.06818181818181812,0.38067520372526187,-0.7213265473649647,-0.029142381348875923,2.203665987780041,0.1298701298701299,-0.06678110184731079
2006-07-02,1.052423439916108,1.3565475416425303,0.30999290024849135,0.4119528687694862,1.3712304057315619,0.4286646965844272,-66.07692307692308,-66.07692307692308,inf,inf,5.314830508474576,0.31447149972329824,30.569310122501612,-59.04611923509561,2.1043552728162465,0.28352490421455956,-1.201556131900704,-1.2089476359938993,1.1595744680851063,0.20236087689713322,-0.7213265473649647,0.15537449971412243,2.203665987780041,-0.034482758620689724,0.6689731686666083
2006-10-01,0.11052560932838573,0.10818308601470861,0.025291872727683407,-0.040578130825040915,0.13074549467503793,0.2860956778988384,1.3880023640661938,1.3880023640661938,1.1875,1.2857142857142856,-0.13064483661007853,12.223555415219451,-0.9542725267543501,-2.047264693913145,-0.7099113300492611,0.25,2.1011029411764706,2.2165450121654504,0.11822660098522175,-0.4214586255259467,-0.7213265473649647,0.018186316961524174,2.203665987780041,0.0,0.1550626268280737
2006-12-31,0.1719725355489965,-0.12302684888842619,0.17265378939717646,0.009564801530368205,0.17182599467485327,0.13021768402154388,0.060636059893577565,0.060636059893577565,0.028571428571428692,-0.03125,-0.3222445199135535,-0.8537930705126675,-0.15408664582402853,-0.946523074645646,-0.13086989992301767,0.1653731343283582,0.3094250148192059,0.3426626323751889,-0.09251101321585897,0.042424242424242475,-0.7213265473649647,-0.00012150668286758926,0.37635092180546725,-0.023809523809523836,-0.13133822014902774
2007-04-01,1.4713125116439998,1.1914250023228683,7.956782239585289,0.9756039791567976,0.07527229504087463,0.19384462645817813,-18.38863609847159,-18.38863609847159,-16.5,-19.0,0.6675777246327297,0.8732647395067776,26.705913410770854,-15.730622837370243,2.218074297921117,-0.09989754098360648,0.0,-4.79774647887324,0.20388349514563098,-0.008139534883720989,-0.4622363614940498,-0.5649532142423137,0.0,-0.2804878048780488,0.10924750679963724
2007-07-01,0.041377852745622556,0.06512993008837875,0.020680385088817532,0.1480487951085001,0.07848924650323363,0.17165627165627173,-1.0310793220520942,-1.0310793220520942,-1.0304659498207884,-1.028673835125448,0.6719934439664004,1.0201685556524267,-0.9765126250595522,-1.4981266809955016,-0.34333638254984655,0.010244735344336897,0.0,-0.26880284824210066,0.07258064516129048,-0.1606096131301289,0.0,0.03575418994413426,0.0,-0.11864406779661008,-0.07222344472037967
2007-09-30,0.047358106658186516,0.07683784991131959,0.00454453002533195,0.03151148067408993,0.1200097617096938,0.1534867214763116,0.5655224525043179,0.5655224525043179,0.588235294117647,0.5,-0.7829105910223421,-0.5375895503064131,3.232454361054767,-0.598934263887579,-0.20969710418284704,0.32281690140845076,-5.152557718424626,-0.20572124163116245,0.10526315789473673,0.23324022346368722,0.0,0.06930960086299898,0.0,-0.07692307692307698,0.04392904941806308
2007-12-30,0.21910766234391366,0.1557181613000609,0.17814259506576313,1.0971007706812115,0.28145602599779607,0.15479438006358315,-1.2792525684341172,-1.2792525684341172,-1.2592592592592593,-1.2916666666666667,1.2301034807149578,-3.1273643603782975,1.918048499952075,-7.515814226925338,1.7288907607593553,0.21081771720613274,-0.05592499727461031,-0.14201787994891457,0.26190476190476186,0.09513023782559449,0.0,0.05119798234552331,0.0,-0.08333333333333326,-0.4488964621876015
2008-03-30,-0.05262561099569518,-0.17430853568604454,-0.1586500571127012,1.8333222701626286,0.09573258711905908,0.08220844730204968,-4.315555555555555,-4.315555555555555,-4.428571428571428,-3.9999999999999996,-6.294440226103096,-1.1187885700915445,-0.47513467349888316,-1.5082104769294622,-0.32197712371599563,0.16391136123812888,-1.1040415704387991,-1.1125334921107473,0.07816711590296488,-0.07755946225439503,0.0,0.15666986564299412,-0.6323325635103926,0.09090909090909083,-0.7085897700167849
2008-06-29,0.06084197522420465,0.09037536962351123,0.033569717515056885,0.035193089171160485,0.09014407356419696,0.1503023937108674,0.14670837056896047,0.14670837056896047,0.12500000000000022,0.09523809523809534,-1.5931479563381403,3.6022405515203744,-0.11314850741598348,-1.2548333836348466,0.12101438278786647,0.1846479298881838,0.04106548279689237,0.1164021164021165,0.07499999999999996,0.09865470852017943,2.1812007011393515,0.027587637419622446,0.045226130653266194,0.0625,0.053354890864995896
2008-09-28,0.37135345049033686,0.7274561043390386,0.014764449537163715,0.01090221541905323,0.734599960955929,0.07193048788317635,-1.473308221846993,-1.473308221846993,-1.2222222222222223,-1.2608695652173914,-0.26666308465196253,3.400813182109993,24.187777856185168,14.483558589940086,1.671462306720414,0.08214285714285707,-0.662046908315565,-0.6113744075829384,0.6023255813953488,0.0071428571428568954,-0.04208278807080368,0.2648364957610012,-0.5997596153846153,-0.03921568627450989,0.7088449731389104
2008-12-28,0.011590204227948986,-0.011755820782289428,0.03968886292145446,0.03706341953853376,-0.005154790250330277,0.07099028350858516,-4.970773874862788,-4.970773874862788,-4.833333333333334,-4.166666666666667,2.154815547496062,-0.5914053002674446,-1.1384393840912657,-1.126861071491242,-0.07937356954442187,-0.2793493635077794,1.4100946372239749,1.6402439024390238,0.01741654571843254,-0.5501519756838905,0.7584124245038826,-0.016597510373444146,1.6456456456456454,0.0,-0.04710043226856797
2009-03-29,-0.003289521458136657,0.03726282954712312,-0.020944023129437106,-0.24775589824907074,0.007705669128772685,0.030013608654855917,-0.3499775389612634,-0.3499775389612634,-0.34782608695652184,-0.26315789473684204,-0.41070868701882324,-0.407664157567463,-1.1581130853604242,-1.8555417627238873,0.07376217036058508,0.01897284919856057,-0.04057591623036638,0.011547344110854452,-0.008559201141226769,0.0,-0.6360811252862284,0.011035378123985806,0.02724177071509648,-0.020408163265306145,0.3789324849770235
2009-06-28,0.07620594942334447,0.09428790849418234,0.03863866959134965,0.05735536586383927,0.09893759464879803,-0.024819464637994226,0.31242358194673336,0.31242358194673336,0.3333333333333335,0.2857142857142856,-0.22422558524473868,0.8411271284343764,4.008703442979649,-0.9605754083409336,0.002708275190376641,0.1845906902086678,0.016371077762619368,0.06392694063926951,0.08920863309352511,0.19594594594594583,0.07685393258426965,0.021187800963081926,0.1270718232044199,-0.04166666666666663,0.03490557976587194
2009-09-27,0.0436971285595138,0.050518508106368154,0.004034028744315465,0.018122512626542964,0.06638006257049822,-0.02031018973911647,-0.3082874270900843,-0.3082874270900843,-0.29999999999999993,-0.33333333333333337,-0.4144885569864615,1.16879006956759,-0.3524391178800501,-120.42060988433228,-0.32255031994024375,-0.020054200542005463,0.31812080536912757,0.3326180257510729,0.05812417437252315,-0.09981167608286245,-0.16151919866444076,0.0216912920465262,0.3568627450980393,-0.021739130434782594,0.03182925318911778
2010-01-03,-0.07250297720202681,-0.048252979572523946,0.048356548232381336,0.06929493362284989,-0.13758032970103384,0.14021217479161407,-0.3145751595713533,-0.3145751595713533,-0.2857142857142857,-0.25,1.660535334692638,-1.1031737046681007,-7.753837654394065,-0.17323389305180115,-0.3936435135497719,-0.028761061946902644,-0.1955193482688391,-0.1996779388083736,-0.10362047440699129,-0.08368200836820094,-0.30624688899950225,-0.07015384615384612,-0.21604046242774566,0.022222222222222143,-0.10994638713291183
2010-04-04,0.05264148000925917,0.060029136401145156,-0.004021644401782654,0.010434325395026756,0.08973003119474976,0.06406038856028884,0.8118752669799232,0.8118752669799232,0.7999999999999998,0.7777777777777779,-0.09724758674667366,-2.4588514996342354,-1.2004452260895477,-1.7305181319559082,0.4742486154612018,0.005979498861047761,0.008860759493670711,0.010060362173038184,0.07660167130919238,0.12328767123287676,0.19569506726457386,0.035241561879549854,-0.006451612903225712,0.021739130434782483,0.049087476400251795
2010-07-04,0.09080055885852545,0.0458936640929386,0.07367761539471873,0.0807823434415933,0.1010440678829938,0.10342943096116719,0.4049415314975482,0.4049415314975482,0.33333333333333326,0.3125,0.3539303518531898,3.000459654841001,0.25972133154550225,-0.6506589689759739,0.11237894243170365,0.16643079535805283,0.04140526976160608,0.03984063745019917,0.0789133247089262,0.08333333333333326,0.12406240624062415,0.0094294390282883,-0.0037105751391466324,0.042553191489361764,-0.03226497557631325
2010-10-03,0.05075629535564308,0.047855903009096146,0.02012646195809409,0.03853433390888572,0.06862463354420623,0.11936623538346147,0.18965632970868573,0.18965632970868573,0.16666666666666674,0.1428571428571428,-0.1893034859056284,-0.004230427743249554,-0.712884116993706,-2.102579083548952,-0.11138890411363189,0.11720456199951457,0.197590361445783,0.19348659003831403,0.062350119904076795,0.03564727954971847,0.05938876284532224,0.016941101963267702,0.1117318435754191,0.061224489795918435,0.008988266548594082
2011-01-02,0.06601589013813314,0.10352199812863971,0.039439312915248825,0.06812822726328083,0.08081608416409392,0.10108761151073065,0.08443591841340603,0.08443591841340603,0.10714285714285698,0.04166666666666674,0.3408316740443318,-0.26511066820518203,1.1392649903288201,-2.4451173353520064,0.18114790266028358,0.24131190269331015,0.17303822937625757,0.19422150882825018,0.058690744920993465,0.1684782608695654,0.028470647518266556,0.013856453370699073,0.15829145728643224,0.03846153846153855,0.03313147270493233
2011-04-03,0.15444184234465208,0.20110887016667234,0.6508579161197185,-0.3539719036064335,-0.11142338280418307,0.08119847836569738,-0.37208636836628517,-0.37208636836628517,-0.3870967741935484,-0.36,0.0871000601367189,1.1821659505830966,7.494612718505124,3.2271870089051857,0.6483066676842861,0.1898512685914262,-0.005145797598627655,-0.06182795698924726,-0.0788912579957356,0.12403100775193798,-0.031479666829985375,-0.2303439803439804,-0.06941431670281994,0.0,0.8591938155715078
2011-07-03,0.06303702660529242,0.0739953674329612,0.020131775398211094,-0.17624010680165536,0.0977968965238587,0.01746809903898905,0.2685917885404152,0.2685917885404152,0.3157894736842106,0.375,-0.19596288017340646,0.7809466495722024,-0.7715239864999712,-1.9247989392418554,-0.363738939077499,0.045735294117646985,-0.022413793103448265,-0.07163323782234965,0.08796296296296302,0.1351724137931034,0.045782218287593324,0.032721468475658266,-0.06449106449106456,0.0,0.30378561147791916
2011-10-02,-0.04870522014757739,-0.07336900108728128,0.02309299498908124,0.04485067936932019,-0.11363823114531835,-0.18073056183684122,-0.34190071848465053,-0.34190071848465053,-0.31999999999999995,-0.31818181818181823,0.2642796967144061,-1.2464556459906562,-4.645980938331036,-0.7907099834513625,-0.1196473165724441,-0.16172127689495153,-0.10493827160493818,-0.1635802469135802,-0.09255319148936181,-0.22964763061968418,-0.17136292175595602,-0.06819938176197826,-0.11710963455149492,-0.05555555555555558,-0.11314572089437169
2012-01-01,0.022719915940828894,0.026861204589240684,0.008791272427200125,-0.20064061800796062,0.03831334376267459,0.061877120497326965,-0.4183911468413478,-0.4183911468413478,-0.47058823529411775,-0.4666666666666667,0.20277203971479985,-1.6402289086600796,-1.041782462865357,-3.341122991228632,0.3181782584861168,-0.4455628250293575,-0.21379310344827596,-0.2675276752767528,0.030480656506447712,-0.38958990536277605,-0.38164039696439,0.015343147418619196,-0.2276575729068674,-0.05882352941176472,0.28460216158542617
2012-04-01,0.04810641941125038,0.059996672318545885,0.019103904106455794,0.23295731963970034,0.07901396464893073,0.09077022125716305,1.2356655290102387,1.2356655290102387,1.3333333333333335,1.5,-0.3957525392428439,2.3023743016759775,3.2833843017329256,-1.585024339550402,-0.14121157311752008,0.2723146747352496,0.0012531328320801727,0.005037783375314797,0.0693970420932879,0.23514211886304914,0.6268586263865945,0.029405758627731204,0.032886723507917104,-0.02083333333333337,-0.14029070214565864
2012-07-01,0.020536404061049618,0.016540126342843076,0.024016856157619948,0.02121696264585604,0.017765469258006483,0.028731165450746055,-0.1069002366231585,-0.1069002366231585,-0.09523809523809523,-0.10000000000000009,0.4720201711491443,-0.9319940790864876,-1.9002855782960495,-2.3139958863126404,0.21606186153408613,0.07942925089179553,-0.0838548185231539,-0.09273182957393467,0.02127659574468077,0.010460251046024993,0.01305672421296955,-0.002777226740726002,-0.07547169811320753,-0.02127659574468077,-0.004580098042723857
2012-09-30,0.03799700094263381,-0.010896602442242442,0.04165141084152002,0.013231218722943305,0.035087734156064254,0.018770023556076598,0.2712277253108841,0.2712277253108841,0.26315789473684204,0.22222222222222232,-0.46819753137684395,0.7729063018242124,-0.7335117631509385,-0.525472268668398,0.08431096165758567,-0.0286406697510464,0.07240437158469937,0.08287292817679548,0.03229166666666683,-0.049689440993788914,0.035085206931118496,-0.002784961209469028,0.06632653061224492,0.021739130434782483,-0.023814659045975684
2012-12-30,0.05254425482048064,0.08553573120743319,0.02672962850808336,0.0048564990316695145,0.07884625769300624,0.08182276107655828,1.4170700551297566,1.4170700551297566,1.4583333333333335,1.4090909090909092,0.5397048489107519,-2.0880444314527917,-0.2508369497830131,2.4071297372268248,0.264922512817374,0.15422998412338385,0.5783439490445859,0.5994897959183676,0.07265388496468228,0.11982570806100212,0.035417819590481514,0.024935168561739607,0.5753588516746415,0.02127659574468077,0.08029385230055408
2013-03-31,0.06940650835806306,-0.13221525107327836,0.14909920552643707,0.34596202527489495,-0.005122173002644503,0.07014372787091983,-1.3141315383224623,-1.3141315383224623,-1.305084745762712,-1.3396226415094339,0.11364673664993163,-4.493686529471818,1.1525984773253888,-0.8998701755930115,0.02097096416663402,0.02751031636863832,-0.34301856335754644,-0.3524720893141947,-0.007525870178739402,-0.04280155642023342,-0.3817477284874399,-0.06967691708836132,-0.3553530751708428,0.0,-0.35526809148856386
2013-06-30,0.02879321679126945,0.06165828267580098,0.002335165891891311,0.02180557690009044,0.05851762465629995,0.04573389976975939,-2.5883915526630363,-2.5883915526630363,-2.611111111111111,-2.4444444444444446,0.008720400728597477,-4.806108795619877,-1.4447178225434416,36.416657510163716,0.7685462284633544,0.25148211895199846,0.07739557739557745,0.0714285714285714,0.05213270142180093,0.26016260162601634,0.8856710611627403,0.029079497907949836,0.06360424028268552,0.0,0.039017684844960154
2013-09-29,-0.0019502678164722287,-0.06605053113142623,0.006423316513351818,0.00010742933537044586,-0.010174334865820867,0.030933792553468065,-0.12598600774869695,-0.12598600774869695,-0.13793103448275856,-0.15384615384615385,-0.06173396835428757,-1.4093107642326357,-13.975968188105117,-1.269507149170849,-0.1171180598536774,0.2067542787286063,-0.014823261117445807,-0.020689655172413723,-0.02072072072072073,0.14677419354838706,0.09042979942693408,-0.008335027444602572,-0.03875968992248069,0.02083333333333326,-0.06614934486706525
2013-12-29,0.07144489682350397,0.05195539155306217,0.029880298553405238,-0.23121561138628632,0.11549083861054199,0.08555493273542591,1.5723442931402878,1.5723442931402878,1.52,1.3636363636363638,0.5256808121632024,0.48881978379979274,-1.5803365621627383,-1.2157559248161265,0.028620944848201102,0.1606939344054703,0.0347222222222221,0.032863849765258246,0.10027598896044165,0.18565400843881852,0.16071053184780326,0.04100041000410015,0.016129032258064502,0.020408163265306145,0.36831494346819227
2014-03-30,0.01144880136044768,0.00890738067491581,-0.003746157916207249,2.5700437492043484,0.026357257556408165,0.08637426870388243,-0.25643123690507186,-0.25643123690507186,-0.25396825396825407,-0.23076923076923073,-0.7076057048699532,-0.0425900139248061,-2.9727247681146114,-10.753244785616888,-0.27137993106035807,0.5824787257255075,0.5850111856823266,0.6136363636363635,0.02508361204013365,0.4389086595492291,0.6018292130761567,0.014769594328475577,0.5600907029478457,0.040000000000000036,-0.7173861102261867
2014-06-29,-0.006063394649541309,-0.0068764656608717445,0.32072688598384946,-0.4353636655392036,-0.31340424869392924,0.06366019378251386,-0.222952131650466,-0.222952131650466,-0.23404255319148937,-0.2250000000000001,3.800334348963249,-1.7949261360094746,0.5888575950840278,-1.811437211325366,0.30222578797445765,0.05439503619441566,0.10938602681721954,0.03239436619718328,-0.3678629690048939,0.028029678483099785,-0.3824410650686867,-0.30914030661750425,-0.014534883720930258,0.03846153846153855,0.758841764125687
2014-09-28,0.08011419891896532,0.17660843538153692,0.025209004926279643,0.3191493622219108,0.17944329881640364,0.07387033925571096,1.0059864821371098,1.0059864821371098,0.8333333333333335,1.032258064516129,-0.18213222490591474,-1.3853646636521253,-1.4064942389815487,-0.01297955433034692,0.22907166690609437,0.1176278279063685,0.3078880407124682,0.23738062755798084,0.15741935483870972,0.7690457097032877,0.07909190772610764,0.09185393258426955,0.1924778761061947,0.03703703703703698,-0.10807129981974761
2014-12-28,0.018740127984635535,-0.009098803641828801,-0.06340208783602719,-0.1567525026243547,0.14791107051407315,0.06605705012171526,0.6395511771438351,0.6395511771438351,0.6363636363636365,0.6349206349206349,-0.03472408227739432,6.5237503108679435,-0.9963600324353545,-2.252576386464435,-0.23345242470433003,0.0018721113906277065,0.27529182879377423,0.22601984564498334,0.13377926421404673,-0.1346328195829556,-0.21895147607736687,0.12683303318754802,0.17377860235003073,0.05357142857142838,0.1751021691292045
2015-03-29,0.04774556539028163,0.0903247930914588,-0.0005727706434531799,-0.016488081555559808,0.10974037426903793,0.051106700313634956,-0.10844206680584556,-0.10844206680584556,-0.12037037037037046,-0.10679611650485432,-0.524870329920526,-0.5367942473022961,-63.04950495049505,-0.47033926737241993,-0.16130842531839773,0.14411678832116803,0.20556826849733034,0.1762589928057554,0.10816125860373638,0.009429020429544188,-0.10209623112848909,0.059132420091324356,0.14488935721812424,0.016949152542372836,0.10861423220973765
2015-06-28,0.058309967754500924,0.0861096132032475,0.017830572773697373,0.020840519759915965,0.10508425294734391,0.0015095670903233493,-0.25180377292218525,-0.25180377292218525,-0.25263157894736843,-0.2500000000000001,1.5673490169065127,-0.07575236624780246,-3.218764959310675,-1.560530906185135,0.10780883050285173,0.025264124942581567,-0.0012654223347042803,0.07492354740061158,0.10026619343389531,-0.07524649714582243,-0.1591871295512277,0.04419055830998064,0.07915324436263238,0.0,0.06391340319911754
2015-09-27,0.008215493670886032,-0.01218354098041241,-0.07561230727006363,-0.19473886736555812,0.07952173796707984,0.020195484428360055,0.15579919215233695,0.15579919215233695,0.14084507042253525,0.14492753623188426,0.05569716235527422,-0.726770548185583,-7.504746494066882,-1.6872044506258692,-0.06687679868439089,0.02713062524890497,-0.05131453911941719,0.017069701280227445,0.0669354838709677,-0.06621773288439958,-0.09221694720184148,0.07080924855491344,0.016631130063965882,0.0,0.22671894238869816
2016-01-03,-0.012267419623371634,-0.05139502395011286,0.02368185905568332,0.04562247262600261,-0.0454484662807948,0.07501213038666399,-0.1159278032104386,-0.1159278032104386,-0.11111111111111116,-0.11392405063291144,0.3280992740090831,-6.893030544352249,0.3993653847216925,-6.495876340821696,0.39388862598340246,-0.208840207434692,-0.14424040066777966,-0.11678321678321679,-0.04913076341647771,-0.25841346153846156,-0.24580031695721072,-0.033545401966454724,-0.12793624161073824,0.016666666666666607,-0.09279167437069114
2016-04-03,0.02873271946258793,-0.01098089824463011,-0.06489808750791526,-0.21174000072072785,0.07711761577839527,-0.033446144691555046,-0.1425194061850934,-0.1425194061850934,-0.1527777777777778,-0.1428571428571428,-0.8346853705413972,-1.1898578017245138,-0.9512169107335438,-1.06380011139702,-0.018028799250751182,-0.024074981622151492,-0.14553257900897376,-0.12034837688044331,0.07551669316375187,0.025931928687196182,0.07984870771170405,0.046878116896070354,-0.11495911495911493,-0.016393442622950838,0.25470214872183083
2016-07-03,0.0504477679609332,0.03337981809221535,0.07224162424529412,0.20838147406219099,0.03247536925401873,0.049602720008115275,0.34407894002478034,0.34407894002478034,0.360655737704918,0.3666666666666667,4.461950777593236,-1.9996326315064405,4.129565146975463,-15.195670995670996,0.26062974394298655,-0.03998493503232692,0.009132420091324311,0.025202520252025185,0.036215816703621506,-0.10742496050552919,0.07044172017902306,-0.016958841463414642,0.016304347826086918,0.016666666666666607,-0.1448229451895856
2016-10-02,0.060911296859042174,0.06290885623612641,0.03447413528978238,0.08142292354176295,0.08968703226186192,0.011689250888149871,0.07039165531674585,0.07039165531674585,0.06024096385542177,0.060975609756097615,-0.3075232553317945,-8.837724234559111,-1.5442102770542268,-1.7977809628364643,-0.16493776151616857,0.0308617758598142,-0.013574660633484226,-0.007901668129938533,0.08773181169757494,-0.004424778761062065,-0.01508816578803851,0.027137042062415295,0.0,-0.016393442622950838,-0.017122079613600016
2017-01-01,0.01248229882632379,0.01767247510356329,0.04937955368849778,0.12055243259574944,-0.019158564147799262,0.02010742185891523,-0.03977096393768231,-0.03977096393768231,-0.125,-0.10344827586206895,0.86395874916833,-0.49215633984016693,-5.742610158674905,-0.6165960564457045,-0.07572823352799873,-0.02873271597107696,0.0004587155963302614,0.005309734513274433,-0.015081967213114833,-0.10755555555555563,-0.054817275747508276,-0.031326665408567766,0.03155080213903738,-0.01666666666666672,-0.09182264921870675
2017-04-02,0.07414848385740314,0.08580724397791117,0.010971687198850777,0.023181227959385042,0.16100779663840226,-0.034466946638960105,1.9653690147218046,1.9653690147218046,2.2467532467532467,2.1794871794871793,-0.40032767809018643,-1.940608914433442,-0.4739803782448071,-5.087668865588807,0.3355733571494699,-0.012342454123946855,0.5006877579092159,0.5246478873239435,0.16311584553928093,0.0029880478087651596,-0.0380785002929116,0.08084940580557176,0.5821669258683257,-0.03389830508474578,0.0612232490272373
2017-07-02,0.05654632448890817,0.05005959475566146,0.03772635814889336,-0.05409153952843271,0.06428851430811444,0.10702341137123739,-0.6512261580381471,-0.6512261580381471,-0.652,-0.6491935483870968,0.059523809523809534,-0.7852760736196319,-1.2790697674418605,-0.03252032520325199,0.24260958205912342,0.1790531605395398,-0.058356248090436935,-0.03868360277136251,0.06468231253577583,0.013902681231380498,-0.2687779131140884,0.007390050468637277,-0.014744429882044607,-0.0350877192982455,0.1101117158407332
2017-10-01,0.03869905310827493,0.061293984108967026,0.0019389238972369327,-0.024926686217008776,0.05156537753222845,0.0785498489425982,0.2734375,0.2734375,0.28735632183908066,0.27586206896551735,0.3202247191011236,-3.7714285714285714,-1.2083333333333333,-0.4327731092436975,0.1107465135356851,0.07200538358008068,-0.0165476963011032,0.0,0.051075268817204256,0.00685602350636616,0.061354802887284565,0.012345679012345734,0.002327901563019541,0.0,0.08840377767456253
2017-12-31,0.041815299246928284,0.06238859180035661,0.10691823899371067,0.12180451127819558,-0.03712784588441331,0.0896358543417366,-0.5828220858895705,-0.5828220858895705,-0.5803571428571429,-0.5675675675675675,0.25106382978723407,2.247422680412371,20.8,-1.9555555555555557,-0.09527326440177253,0.121939736346516,-0.11844275816562189,-0.11711711711711725,-0.0434782608695653,0.06712062256809359,0.0706251634841748,-0.07582184517497337,-0.12475116124751173,0.0181818181818183,-0.052963489805595065
2018-04-01,0.05421342971276388,0.07181208053691268,-0.014860139860139898,0.581769436997319,0.09421607857402692,0.005141388174807249,2.0588235294117645,2.0588235294117645,2.021276595744681,1.9375,-0.13265306122448983,-1.0380952380952382,-1.614678899082569,-3.5968992248062017,0.273469387755102,0.0820627593602834,-0.25074850299401197,-0.2551020408163265,0.09411764705882364,0.13126709206927978,0.14781333984852174,0.03805698986421868,-0.26800606520090975,0.01785714285714257,-0.3223852200470636
2018-07-01,0.05575604474918805,0.044771446462116504,0.012866015971606082,0.031355932203389836,0.08277925531914887,0.0613810741687979,0.004807692307692291,0.004807692307692291,0.0,0.0,0.15686274509803932,-45.75,-0.5522388059701493,-1.644776119402985,-0.1384615384615384,0.11811091481018665,0.09090909090909105,0.091324200913242,0.08308895405669592,0.021756647864625167,0.42720306513409967,0.025607958732498215,0.08130502330398759,0.0,0.013004285503177337
2018-09-30,0.1551871474961546,0.2771950854060534,0.2908453788874288,0.4256368118323748,0.0755296284924778,0.027710843373494054,-0.04784688995215314,-0.04784688995215314,-0.04929577464788726,-0.05673758865248213,-0.01016949152542368,0.7504655493482308,20.7,-1.0092592592592593,0.0014880952380953438,0.24722521967010924,0.0009157509157509125,-0.02175732217573212,0.07536101083032487,0.1514195583596214,0.09455630126771064,-0.06897790551463978,0.010057471264367734,-0.0350877192982455,-0.10412107950401162
2018-12-30,0.02959017606154757,0.05349601126231818,0.03596878181201224,0.039769452449567755,0.07279474735940616,0.017584994138335253,0.055276381909547645,0.055276381909547645,0.06666666666666665,0.0601503759398494,0.027397260273972712,-0.6297872340425532,-1.2365591397849462,-102.0,-0.15007429420505203,-0.006705188023360065,0.11756633119853621,0.12574850299401197,0.07259756609315993,-0.07602739726027397,-0.053958304946177815,0.04186764422149336,0.17496443812233275,-0.036363636363636376,0.013189497252187987
2019-03-31,0.06193418594625655,0.012249443207126953,0.07533573534228633,-0.31208425720620847,0.06040447046301223,-0.025345622119815614,0.10952380952380958,0.10952380952380958,0.09722222222222232,0.1134751773049647,-0.33999999999999997,-3.839080459770115,-0.6103896103896104,-6.574257425742574,0.9842657342657342,-0.08084987245691522,-0.039295947605403225,-0.04027355623100304,0.060641627543035925,-0.1430689399555226,-0.23462480195880753,-0.001481481481481528,0.010895883777239712,-0.05660377358490576,0.47149343083289796
2019-06-30,-0.056427604871447934,-0.08558855885588557,-0.1955528480048736,-0.5068493150684932,0.0870765370138018,-0.009456264775413725,0.2703862660944205,0.2703862660944205,0.2721518987341771,0.2675159235668789,-0.2777777777777778,-0.9200404858299596,8.15,-1.2904085257548845,-0.14405286343612334,0.13270382779977652,0.02641670217298686,0.0577988915281078,0.0870527480634451,0.06833910034602075,0.10105382009785457,0.1522626112759642,0.099800399201597,-0.020000000000000018,0.8541939711664484
