Quarter end,Assets,Current Assets,Liabilities,Current Liabilities,Shareholders equity,Revenue,Earnings,Earnings available for common stockholders,EPS basic,EPS diluted,Cash from operating activities,Cash from investing activities,Cash from financing activities,Cash change during period,Cash at end of period,Price,ROE,ROA,Book value of equity per share,P/B ratio,P/E ratio,Equity to assets ratio,Net margin,Asset turnover,Current ratio
2000-06-30,0.042178058026498544,0.045837354599481905,0.08535548433514295,0.15862953739340435,0.0349462660079094,0.532865223327482,-0.10467706013363032,-0.10467706013363032,-0.4782608695652174,-0.4782608695652174,-1.378619153674833,-0.6009306593262551,-0.8395561817541388,-0.7721606171223914,-0.3586355103250667,0.5007898894154819,0.18724899598393585,0.1591187270501837,0.029239766081871288,-0.303956834532374,-0.668556116664949,-0.006888499708114448,1.9511343804537522,0.05882352941176472,-0.09735478225752159
2000-09-30,0.042178058026498544,0.045837354599481905,0.08535548433514295,0.15862953739340435,0.0349462660079094,0.532865223327482,-0.10467706013363032,-0.10467706013363032,-0.4782608695652174,-0.4782608695652174,-1.378619153674833,-0.6009306593262551,-0.8395561817541388,-0.7721606171223914,-0.3586355103250667,0.5007898894154819,0.18724899598393585,0.1591187270501837,0.029239766081871288,-0.303956834532374,-0.668556116664949,-0.006888499708114448,1.9511343804537522,0.05882352941176472,-0.09735478225752159
2000-12-31,0.012190839763386085,0.006984176323739488,0.30715921417379777,0.2916042467270241,-0.039619785547193365,0.0,0.0,0.0,0.0,0.0,-1.378619153674833,-0.6009306593262551,-0.8395561817541388,-0.7721606171223914,-0.12740227228962064,-0.28315789473684216,0.18724899598393585,0.1591187270501837,-0.03977272727272729,-0.303956834532374,-0.668556116664949,-0.05114037150246886,1.9511343804537522,0.05882352941176472,-0.2203629964356555
2001-03-31,-0.06595742788269099,-0.08059537360368874,-0.25688073394495414,-0.26142208774583964,-0.020313016642786286,0.5369639903295584,-0.15248756218905468,-0.15248756218905468,-0.16666666666666663,-0.16666666666666663,-7.189839572192513,-1.3660699622269665,-0.605927552140505,1.7167472793228535,-0.39665445557664303,-0.3142437591776799,0.18724899598393585,0.1591187270501837,-0.017751479289940808,-0.28682170542635665,-0.668556116664949,0.04881675133192909,1.9511343804537522,0.05882352941176472,0.24483042255676501
2001-06-30,-0.019075100470449358,-0.027058786498935117,0.07432222842608094,0.12965997541990992,-0.03601201525532416,0.05306730689626615,0.24567067801584974,0.24567067801584974,0.19999999999999996,0.19999999999999996,-0.9060043196544276,3.8317631224764472,-0.6323119777158774,-2.0920218092800713,0.7179224579370884,0.2676659528907923,0.18724899598393585,0.1591187270501837,-0.04216867469879504,0.2934782608695652,-0.668556116664949,-0.01724748966331957,1.9511343804537522,0.05882352941176472,-0.13873010019054643
2001-09-30,-0.025154607147364616,-0.02785446232152866,0.03978749205982557,0.03009972801450589,-0.03827929883528236,-0.14614779874213835,0.13053722902921772,0.13053722902921772,0.08333333333333348,0.08333333333333348,8.703125,0.0244196843082638,3.992424242424242,-0.8843488893417567,0.048330778402316366,0.07770270270270263,0.18724899598393585,0.1591187270501837,-0.04402515723270439,0.12324929971988796,-0.668556116664949,-0.013463156629402562,1.9511343804537522,0.05882352941176472,-0.05625535255495284
2001-12-31,-0.0005079074214237034,-0.010316254201377717,0.2255914695101633,0.24960394296778743,-0.0499114142174113,0.4743577939416259,-0.11400583576490209,-0.11400583576490209,-0.07692307692307698,-0.07692307692307698,-1.4420763474471914,-2.6695368440134146,-1.575113808801214,-13.451101321585902,-0.5740281896096511,-0.12382445141065834,0.18724899598393585,0.1591187270501837,-0.052631578947368474,-0.08229426433915199,-0.668556116664949,-0.04946996466431097,1.9511343804537522,0.05882352941176472,-0.20799697513942716
2002-03-31,-0.04855471746993356,-0.08930833118506143,-0.0005890882726119484,-0.02460440437620326,-0.06207451496302352,-0.10016861300193591,0.3213361561985415,0.3213361561985415,0.25,0.25,-2.5125348189415044,-1.1844733984799132,-4.870712401055409,-0.8477214831587886,-0.20520644607609417,0.10554561717352406,0.18724899598393585,0.1591187270501837,-0.06249999999999989,0.1657608695652173,-0.668556116664949,-0.014228945007050409,1.9511343804537522,0.05882352941176472,-0.06633566466951524
2002-06-30,-0.02045283176943702,-0.021390505963003514,0.04316481523464066,0.060800077023058785,-0.03955987090272761,0.34547852036921367,-0.3341641445611536,-0.3341641445611536,-0.33333333333333326,-0.33333333333333326,-0.9609009774755631,3.912301353737493,-1.5371506475800953,-8.219795539033457,1.8640671865626874,0.016181229773462924,0.02198731501057094,-0.0026399155227032622,-0.04444444444444451,0.08391608391608396,-0.668556116664949,-0.01950585175552666,1.9511343804537522,0.14814814814814814,-0.07749143529171143
2002-09-30,-0.007270005880151809,-0.0008929357463559606,0.17294736384578613,0.14331094572517689,-0.06605887023593471,-0.11894568525300464,0.7283422459893047,0.7283422459893047,0.7999999999999998,0.7999999999999998,32.641304347826086,-0.9041456985382219,-3.5939086294416245,-1.35605329214134,-0.2317359249329759,-0.25159235668789814,0.15308233347124545,0.11169931180518788,-0.06976744186046513,-0.2172043010752689,-0.668556116664949,-0.05915119363395227,1.9511343804537522,0.12903225806451601,-0.12612587645151452
2002-12-31,-0.013720316622691242,-0.010284232521839853,0.03390647002149261,0.0344923394458998,-0.033232628398791486,0.23792518002458873,-0.5977722772277227,-0.5977722772277227,-0.5555555555555556,-0.5555555555555556,-1.2662358642972538,-3.19875,-0.8620352250489237,-0.8674981923355025,-0.03996728462377319,0.006382978723404209,-0.03336921420882677,-0.06047619047619046,-0.04166666666666674,0.08241758241758235,-0.668556116664949,-0.01987595150831689,1.9511343804537522,0.10000000000000009,-0.043289356843841165
2003-03-31,-0.023640274729474497,-0.030550079491255988,-0.030249811834701212,-0.0206039212676975,-0.020744346733668317,-0.09032868290375973,-0.11807692307692308,-0.11807692307692308,-0.25,-0.25,-3.4053398058252426,-3.9101762364980104,2.425531914893617,-8.049113233287859,0.2934628272846027,-0.2600422832980973,-0.1458797327394209,-0.16675114039533712,-0.02608695652173898,-0.2284263959390863,-0.668556116664949,0.0030202790162519033,1.9511343804537522,0.09090909090909083,-0.010143534325587678
2003-06-30,1.7454035072022904,0.054170001180746,0.5118823225043427,0.5198229256444409,2.2806170721146906,0.11531063166103461,-1.3829044919319669,-1.3829044919319669,-1.8333333333333335,-1.8333333333333335,-1.493104608139926,-1.756788435241258,-1.220496894409938,-1.9856783433326881,-0.22363221217177487,0.38857142857142857,-0.5406345067362016,-0.5091240875912408,1.276785714285714,0.42763157894736836,-0.668556116664949,0.1950100372813306,1.9511343804537522,-0.27380952380952384,-0.30638625632095373
2003-09-30,-0.02737053074958351,-0.06867283950617287,-0.16598626152003326,-0.17669802809640422,0.00034705928359146654,0.09043024285647694,-4.818906605922551,-4.818906605922551,-3.4,-3.4,-3.6954297407912686,-0.9398554465668559,-15.924882629107982,0.021598272138228847,-0.2942706860471693,0.034979423868312765,-0.4787133396404919,-0.45105328376703835,-0.168627450980392,-0.5460829493087558,-0.668556116664949,0.028437724982001367,1.9511343804537522,-0.16393442622950816,0.13122827346465815
2003-12-31,0.31926923656832695,1.030467434588556,0.05627692939004025,0.07056981840951781,0.36311306786808495,0.17958363613046635,0.44795705338502834,0.44795705338502834,0.41666666666666674,0.41666666666666674,-1.3875743388586612,156.08154506437768,23.66215791129286,-2.616759561791274,-0.0916012181439333,0.05367793240556651,-0.06896551724137945,-0.02257336343115124,0.3160377358490565,0.2690355329949239,-0.668556116664949,0.03325166258312917,1.9511343804537522,-0.1960784313725491,0.8965855740503628
2004-03-31,0.004269922601700449,0.018065390791586644,-0.10691788994644391,-0.11610224015909221,0.018633696232752683,-0.01938827281293032,-1.1756951596292482,-1.1756951596292482,-1.1764705882352942,-1.1176470588235294,-1.2987267384916747,-0.988087431693989,-0.9512251119245928,-0.7609367570137898,0.17741508601676226,0.11132075471698122,-0.4814814814814815,-0.46420323325635104,0.014336917562723928,-0.15600000000000003,-0.668556116664949,0.01434056007226725,1.9511343804537522,-0.12195121951219512,0.1517879244773499
2004-06-30,0.019349495319894272,-0.08239545422223371,0.041915237385036,0.0614081524616199,0.016793651352254857,0.1477512103181935,4.662368112543962,4.662368112543962,3.666666666666667,6.000000000000001,-13.968306010928961,19.506880733944953,-0.7547071129707112,-3.544007956240676,-0.38333583096058743,-0.03395585738539886,-0.6390977443609023,-0.6336206896551724,0.010600706713780772,-0.04739336492891,-0.668556116664949,-0.002560391851274768,1.9511343804537522,0.0277777777777779,-0.13547731624399195
2004-09-30,0.044541958692551065,0.11354237849338134,0.104851936897981,0.11792394014962593,0.03754235498932257,0.14283414367131408,0.2656314699792961,0.2656314699792961,0.2857142857142856,0.2142857142857142,-0.0832631046688016,-0.32496365059836707,3.4882729211087424,-1.5938232994526973,0.36913730255164023,0.3268892794376097,-3.510416666666667,-3.529411764705882,0.027972027972027913,0.31343283582089576,-0.668556116664949,-0.006696428571428492,1.9511343804537522,0.027027027027026973,-0.003932381124570616
2004-12-31,0.05167699355447808,0.11780038465431719,0.06067640152230824,0.0703231743022057,0.05056475878495137,0.2733215000140874,0.911009324390643,0.911009324390643,0.9444444444444444,0.9411764705882353,-0.21989336275050564,0.43550658603264014,-0.25296912114014247,-2.8094140882159317,-0.48784167554135605,0.3708609271523178,2.282157676348548,2.2837209302325583,0.030612244897959107,0.33333333333333326,-0.668556116664949,-0.0010112359550561445,1.9511343804537522,0.10526315789473673,0.04435721740708809
2005-03-31,0.04226362042633447,0.0905854519933893,-0.007481487136422604,-0.0037514654161782124,0.04847078099399238,-0.07921405496304823,-0.22068139017291555,-0.22068139017291555,-0.2571428571428571,-0.24242424242424243,0.45510252180061284,-0.20423591874422897,1.129093799682035,-1.9557940694924505,0.9104141396638363,0.36714975845410636,0.3008849557522124,0.30028328611898036,0.04620462046204632,0.3267045454545454,-0.668556116664949,0.00596108424249242,0.22353636901241858,0.04761904761904767,0.09470116665580397
2005-06-30,0.05504333694474539,0.10019253823518737,0.06432838499602589,0.0677806542715933,0.0539465834032411,0.2677464314894027,0.6239015817223199,0.6239015817223199,0.6153846153846152,0.6000000000000001,-0.15630061548428897,0.11864529697585025,-0.7029569892473118,-1.5810810810810811,-0.2769160997732426,0.09611307420494697,0.25364431486880457,0.252723311546841,0.04731861198738163,0.047109207708779355,-0.18718905472636804,-0.0011180679785330883,0.15079748670855486,0.09090909090909083,0.030364372469635637
2005-09-30,0.09856439430892228,0.1833345126064294,0.1393572942763539,0.13175617760144975,0.09369845694089252,0.15387823185988325,0.4015151515151516,0.4015151515151516,0.40476190476190466,0.375,1.0496256479170665,1.0755267423014585,4.7425842131724485,-1.2479528332787422,0.09495735072754652,0.3391360412637008,0.2705426356589147,0.2704347826086957,0.07831325301204828,0.2801635991820042,0.03634276970160677,-0.004365345869711268,0.17933641327173455,0.08333333333333348,0.04557186332293228
2005-12-31,0.17216503277520068,-0.16824456571567525,0.2473518404972832,0.25477679440849976,0.16282204204740713,0.18431514275388516,1.3902509652509654,1.3902509652509654,1.3559322033898304,1.3636363636363633,0.24891116002435254,0.31432141183820095,0.06890211871826302,-5.254953764861295,-0.36899988543934015,0.5170919595570536,0.5302013422818794,0.5263518138261465,0.13128491620111715,0.4057507987220448,0.14027316352897756,-0.007982012366497981,0.47471509971509973,0.03846153846153855,-0.33713433055780706
2006-03-31,0.04568698949534178,0.2813735592245572,-0.05396976066173975,-0.05077000017245248,0.0589709234936997,0.07162870696590562,-0.7080725275612809,-0.7080725275612809,-0.7122302158273381,-0.7076923076923076,-0.39568021598920056,-0.4563667474689862,-0.4702268818085019,-0.9093449239366657,-0.053013798111837374,0.19168517930815598,-0.03229665071770349,-0.03183856502242155,0.05432098765432092,0.05340909090909074,-0.2706377468436387,0.012692656391659174,-0.08645254769379374,0.05555555555555536,0.3499152377511603
2006-06-30,0.07880793818147858,0.033052194565481585,0.12463269547767508,0.12030594262667371,0.07335109912500992,0.12642056486059694,0.15382487204315942,0.15382487204315942,0.125,0.1578947368421053,0.22393894266567393,-0.7989508196721311,0.6519789734075447,-89.51027397260275,4.954946319018405,0.011185086551265044,-0.06922126081582203,-0.06993978693839742,0.06791569086651061,-0.04099244875943897,-0.03883710608078117,-0.005035810205908597,-0.09833465503568595,0.03508771929824572,-0.07788117099682967
2006-09-30,0.08510386365001987,0.1558714274335451,0.12074624012235535,0.11860861104354181,0.08065676744786998,0.10120080436656131,0.03482795827838392,0.03482795827838392,0.04444444444444429,0.022727272727272707,0.8290494296577946,4.923244183518156,0.2669162377164249,-0.13391371638614824,0.7206464698496506,-0.061364234922307026,-0.11420982735723773,-0.1155378486055777,0.07456140350877205,-0.12035995500562435,-0.07550219348880172,-0.004161511640985327,-0.13573732043389042,0.016949152542372836,0.033310263222522396
2006-12-31,0.09413299500157168,0.172893683399425,0.1668585725048688,0.16944287391814905,0.08472241127498403,0.17462851657066536,0.3694606962868563,0.3694606962868563,0.36170212765957466,0.37777777777777777,-0.225954875547425,1.1525641496273997,-0.15099357316983086,-1.8512776983559687,-0.35653475535597345,-0.03198653198653201,-0.31584207896051975,-0.31700450450450446,0.07959183673469372,-0.09974424552429673,0.005744255744255744,-0.008583690987124415,-0.3443012211668929,0.050000000000000044,0.0029384439210939917
2007-03-31,0.07796781732386604,0.08793406881007138,-0.0140464153012122,-0.044751881190573606,0.0907758964227876,0.014764540229374568,0.0068102026141025895,0.0068102026141025895,0.0,0.0,0.19490797106638968,-0.3667758109076026,0.9252588532150003,-1.963789031750197,0.5340215178831056,0.0171014492753625,0.043097151205259365,0.04204451772464979,0.08128544423440442,-0.058238636363636354,0.38316364539359316,0.011847801321485552,0.027935851008794588,0.015873015873015817,0.13890863654968877
2007-06-30,0.11672705780979009,0.11812616292485112,0.2028493055898779,0.18664105791816454,0.10589115037093699,0.22778803981475804,0.2882530879758003,0.2882530879758003,0.265625,0.27419354838709675,0.20926608528874113,0.46858420187983096,0.2247932390292402,-0.2944731826844541,0.24560705146431627,0.2567683100598461,0.07352941176470584,0.07041139240506311,0.09790209790209792,0.16289592760181004,0.1150807899461399,-0.00968250394055381,0.03673880221439352,0.03125,-0.05772977471768781
2007-09-30,0.12804409062468314,0.18266081229418218,0.1514858909696042,0.13369568783560615,0.12483605093983408,0.11875307488823439,0.3344747741577798,0.3344747741577798,0.33333333333333326,0.31645569620253156,0.2131740681998413,0.24606638547588489,0.4585439651673371,0.5961256463687583,0.3147218164110055,0.4104308390022675,0.13176777560339192,0.12860310421286036,0.11146496815286633,0.284046692607004,0.21139913057478665,-0.002842201000454847,0.10291262135922352,0.015151515151515138,0.04317976513098465
2007-12-31,0.14003992339793947,0.1315922346677756,0.3499500428204396,0.27112594536193857,0.11063286804615635,0.20740070361494922,0.20122681394950992,0.20122681394950992,0.18518518518518512,0.1923076923076923,0.6957143440781142,0.13014363925354688,-0.23874215745800442,0.7616169430878583,0.4217008322433531,0.5659163987138265,0.09510086455331423,0.086444007858546,0.1031518624641834,0.40909090909090895,0.2650186071238705,-0.02576673127351492,0.05897887323943651,0.02985074626865658,-0.10976407651156528
2008-03-31,0.08008380785347669,-0.04524180967238689,-0.06509212021886812,-0.09490779388328152,0.10480446147856237,-0.0066087433886173885,-0.08894675808190755,-0.08894675808190755,-0.09375000000000011,-0.09677419354838701,-0.525562569267094,-1.4394004505736349,0.13854640922534966,1.9639602547211243,0.8791614085080399,-0.037987679671457886,0.030526315789473735,0.027124773960216952,0.09870129870129873,-0.12759856630824373,-0.19962176927926034,0.022937390286717374,0.01953449709060684,0.0,0.054861441355756435
2008-06-30,0.09623737519863607,-0.03861088774801891,0.11257192134243743,0.08513046686342896,0.0938836497044746,0.16469706791927474,0.14294008619727117,0.14294008619727117,0.13793103448275867,0.1428571428571428,0.6453635994312412,-3.884891233477565,-0.2808523058960888,-1.0720946815702472,-0.03372933347197671,0.10245464247598712,0.014811031664964114,0.014084507042253502,0.08983451536643017,0.0032867707477404196,-0.029141506957206742,-0.0021736643404645095,0.006114961271912023,0.01449275362318847,-0.11403688524590161
2008-09-30,0.10823892082667763,0.16446366658326483,0.15148030495552733,0.13464228038047543,0.1019016058853599,0.07665986888028131,0.1252784181938964,0.1252784181938964,0.1212121212121211,0.125,0.10816191108161921,0.05423147254011629,0.45653056254566127,-1.589723827874117,0.020585320796509876,-0.07696030977734758,-0.01157523905385005,-0.01388888888888895,0.09436008676789576,-0.15315315315315325,-0.17360735532720384,-0.0057326301307040195,-0.013776337115072868,0.0,0.026298138082571976
2008-12-31,0.08057106804497205,0.08030830432620584,0.1468470506447146,0.12036065975674526,0.07042084520562297,-0.018848096545645565,-0.11869291940132654,-0.11869291940132654,-0.1216216216216216,-0.11111111111111105,0.42375713688901273,0.347745588134982,-0.9109401995207045,-8.186016118492702,-0.1449427539606527,-0.39119035133717883,-0.07637474541751521,-0.0768779342723005,0.06838453914767095,-0.4439071566731141,-0.43913612565445026,-0.009455719557195374,-0.04067378800328669,-0.042857142857142705,-0.035743261516271496
2009-03-31,-0.0600634466820017,-0.19802241827558287,0.014793753427820855,-0.00935471321938297,-0.07234643177982358,-0.1864526828594133,-0.44556523109657586,-0.44556523109657586,-0.44615384615384623,-0.4375,-0.1185054773082942,-0.6866246827709371,-46.19211514392991,1.9710527113455183,-0.5036300951069503,-0.3748492678725237,-0.11962513781697903,-0.1252383979656707,-0.03988868274582558,-0.41391304347826086,-0.37981330221703613,-0.013038416763678784,-0.08137044967880092,-0.04477611940298509,-0.1904594960968542
2009-06-30,0.08313462760803514,0.13029845669826967,0.09085823460530129,0.09831448609312976,0.08174824698754168,0.3835601894124392,1.2169000071068155,1.2169000071068155,1.2916666666666665,1.2500000000000004,-0.07916870090098083,-0.674865026994601,-1.0516360413752994,-1.7836927911199982,0.7951555302520574,0.19812620556627158,0.017532874139010612,0.009447674418604723,0.0792270531400967,0.24629080118694358,0.30009407337723415,-0.0012974758197688008,0.011655011655011593,0.0,0.029130698386119036
2009-09-30,0.09094160857187394,0.2243792884032485,0.07584159792783951,0.03686592178770942,0.09367487318908996,0.07485880041745974,0.034237353337180254,0.034237353337180254,0.024242424242424176,0.012345679012345512,0.16045500006024893,5.65554924780017,3.007374631268436,-0.5746459071026869,0.18840855490396202,0.5517479300827968,-0.007384615384615434,-0.012239020878329732,0.0859444941808416,0.4380952380952381,0.44717800289435594,0.002598322900673189,-0.012903225806451646,0.0,0.1808337541379117
2009-12-31,0.10496021824252,0.08371851899260774,0.10052151291259515,0.09250588634637036,0.10575057075572802,0.1531552756894914,0.20190936705721896,0.20190936705721896,0.19526627218934922,0.18902439024390238,0.20073724105705826,0.5049898709883782,0.36915715863084286,-0.5304523474322091,0.07444139838424024,0.36594041796353927,0.07315561066336018,0.07069970845481066,0.09727947238252255,0.2582781456953642,0.31400000000000006,0.0007067970314524885,0.03221288515406151,0.03125,-0.008030029459279775
2010-03-31,0.11431848975198311,0.20418885271925813,-0.09482331435619029,-0.1428627791367474,0.1513820161935051,0.01721778861929546,0.0999071590674645,0.0999071590674645,0.08910891089108919,0.08717948717948731,-0.00031996679263557315,0.04567384327644475,2.047409579667644,5.009646721418329,0.41620415739013805,0.2064887152777779,0.12189485846331594,0.1327433628318584,0.13148009015777617,0.09868421052631571,0.0702054794520548,0.033195997645673936,0.09905020352781557,0.030303030303030276,0.4048713895674667
2010-06-30,0.1123177625706635,0.23992153016184403,0.2923763179237633,0.39988492520138097,0.08723163841807913,0.06725502130249539,0.0398593200468933,0.0398593200468933,0.027272727272727115,0.03301886792452824,0.5181660899653979,-0.2777777777777778,-0.6944667201283079,0.1540130151843817,0.3392857142857142,0.04919507149923552,-0.016992790937178315,-0.014423076923076872,0.08233731739707828,-0.07185628742514971,-0.15111111111111108,-0.022558960920587956,0.014403292181069949,-0.014705882352941235,-0.11427061490990298
2010-09-30,0.0484597209219384,0.02958626690926347,0.07781612802008153,0.09864364981504314,0.0435980045728539,-0.017964071856287456,-0.02367531003382184,-0.02367531003382184,-0.0265486725663715,-0.022831050228310446,-0.3561253561253561,0.11819887429643527,-1.8530183727034122,-1.3571428571428572,-0.09047619047619049,-0.13492199554260242,-0.021477213200628564,-0.0207317073170733,0.04539877300613493,-0.20129032258064516,-0.19748691099476434,-0.004662548082527085,0.018661257606490844,-0.04477611940298509,-0.06284163522980968
2010-12-31,0.016412960285738576,-0.019746446407990725,0.02765647743813693,0.024317246539468762,0.014489867051735272,0.13037166085946583,0.39953810623556585,0.39953810623556585,0.3999999999999999,0.4439252336448596,0.09646017699115039,-0.13506711409395977,2.772307692307692,1.6894736842105265,-0.26753926701570685,-0.1076099881093936,0.05620985010706647,0.05666251556662516,0.025234741784037507,-0.1453957996768983,-0.16075156576200422,-0.0018737557090995338,0.07606531262445237,-0.015625,-0.04302643198948475
2011-03-31,0.0744226907630523,0.16287819407430626,-0.044192634560906496,-0.07852447041636235,0.09497398645332278,-0.003082455689699448,-0.1410891089108911,-0.1410891089108911,-0.13636363636363635,-0.1618122977346278,-0.19047619047619047,-1.0708050436469447,-1.502446982055465,-2.663405088062622,0.6075768406004289,0.13379968909615814,-0.00963000506842382,-0.011785503830288757,0.08357183743560403,0.10396975425330801,-0.0015547263681591206,0.019124721342250517,0.007031828275351648,-0.015873015873015928,0.2619752768477981
2011-06-30,0.031771989253591926,-0.07973847398220546,0.0711321873147599,0.08600871977804192,0.025819176117262144,0.09688224684359703,0.12776176753121993,0.12776176753121993,0.12406015037593976,0.12355212355212375,0.9541375872382851,-23.89041095890411,-2.5698051948051948,-1.3988235294117648,-0.1507336594041796,0.15943590245813333,0.026100307062436157,0.02802623732856291,0.031167459059693536,0.0702054794520548,0.10495172843350975,-0.005756389592447619,0.019478133039323664,0.0,-0.15262826726527556
2011-09-30,0.03626551945356438,-0.03911228301472203,0.043165467625899234,0.03686131386861313,0.035175879396984966,0.04933051444679348,0.042589437819420706,0.042589437819420706,0.04682274247491636,0.04810996563573866,-0.226530612244898,-0.01376421304608022,-0.2740434332988625,0.2359882005899705,-0.21937172774869107,0.03496916969338626,0.03940149625935163,0.04234338747099775,0.03739754098360648,0.0048000000000001375,-0.0343855693348365,-0.00104214914312184,0.016222062004325855,0.032258064516129004,-0.07327205587220031
2011-12-31,0.11547705753823734,0.1176918972482659,0.10742705570291777,0.12847588877155935,0.11675812579147316,0.11215580926796509,0.23529411764705888,0.23529411764705888,0.23003194888178924,0.23606557377049198,0.5151715039577835,-0.06310679611650483,-2.3233618233618234,-3.0,0.5620389000670691,0.10830000816126661,-0.0033589251439539725,-0.0005564830272676291,0.10666666666666669,0.06847133757961776,0.021599532983070713,0.00115915150110113,-0.0007094714437743121,0.0,-0.009550208978495789
2012-03-31,0.08808070255623379,-0.02059605810543541,-0.02850299401197609,-0.02183406113537123,0.10647868158451779,-0.0032206119162641045,-0.05092592592592593,-0.05092592592592593,-0.05714285714285716,-0.07161803713527848,-0.2751414888985634,1.653497409326425,0.10979547900968778,-1.8347255369928401,-0.30034349506225844,0.21045655375552275,0.006259027443427989,0.009465478841870656,0.09683177153056666,0.0938897168405366,0.14371428571428568,0.01690401759870319,0.017749378771743096,-0.015625,0.0012681476298757044
2012-06-30,0.08797143628671722,0.1860594666109603,0.09393491124260356,0.10586734693877542,0.08714515082157615,0.08340064620355414,0.0794425087108015,0.0794425087108015,0.06887052341597788,0.0714285714285714,0.3003003003003002,-0.7007566512082011,-0.3705140640155189,-2.132952108649035,0.4863455047560601,0.10646063998053301,-0.015789473684210464,-0.01158301158301156,0.08055329536208311,0.008174386920980936,0.03022732950287277,-0.0007969941933279046,0.010115102895012162,-0.015873015873015928,0.07252041752194627
2012-09-30,0.029260086594412815,-0.029472201021546462,-0.01126887536623844,0.0521914648212225,0.034910759175465156,0.002423112767940383,0.18334409296320198,0.18334409296320198,0.1829896907216495,0.18933333333333335,-0.011547344110854452,0.4706362153344208,-2.878274268104777,-1.5564668769716088,-0.18208092485549132,-0.047833736529579896,0.021390374331550888,0.02734375,0.039533132530120474,-0.11891891891891904,-0.1045101842870999,0.00558340929808554,0.057665745856353645,-0.032258064516129115,-0.07761376361600325
2012-12-31,0.08761588339317283,0.145000302462041,0.09209026669705955,0.10057550013702388,0.08701988765750723,0.13294905169207882,-0.04582651391162029,-0.04582651391162029,-0.04139433551198246,-0.04260089686098667,0.01495327102803734,-0.2617859123682751,-1.5996718621821167,-2.7857142857142856,0.3975265017667844,-0.00808407437348424,-0.03712517848643504,-0.03259098316132536,0.07714596160811293,-0.04601226993865026,-0.09856485242350399,-0.0005665722379603055,-0.01599738818152141,-0.01666666666666672,0.04035052866256095
2013-03-31,0.04350610957824208,0.0010038038884192524,-0.03235232728031723,-0.05976095617529875,0.053657719058126885,0.003446578040374293,0.08004574042309898,0.08004574042309898,0.06590909090909092,0.06791569086651061,0.18784530386740328,1.6145755071374905,-1.4897400820793434,-1.8012698412698414,-0.22792125699837462,0.012108510886017054,0.003954522985664788,0.007299270072992581,0.052790854068594406,-0.059485530546623866,-0.01952538299789719,0.009750566893423906,0.01493032514930337,0.0,0.06462837622796025
2013-06-30,-0.00814486047499885,-0.017786456958885366,0.040767903364969715,0.03522245762711873,-0.01415619532368384,-0.05381092574419366,-0.1577554261514028,-0.1577554261514028,-0.14925373134328357,-0.14473684210526305,-0.26705426356589146,-1.1637931034482758,5.731843575418995,-1.0412044374009508,0.012163742690058488,-0.05688484987921327,-0.031511570654849774,-0.029542920847268617,-0.0028744809964867946,-0.10427350427350424,-0.11550245098039214,-0.0060633280934201395,-0.012095456031382734,-0.016949152542372947,-0.05119875640233573
2013-09-30,-0.11993906647942298,-0.06851155292853306,-0.10238341968911913,-0.06037349705807116,-0.12221684414327205,-0.1374243733794296,-0.014456316781898182,-0.014456316781898182,0.01754385964912264,0.023076923076923217,0.07773664727657326,9.757894736842106,1.7526970954356846,28.634615384615383,0.35613589091749476,-0.11782643166432882,-0.03558718861209964,-0.03561171740379099,-0.0842408712363869,-0.11641221374045807,-0.12573605819189482,-0.002598282873926716,-0.021178027796161514,-0.017241379310344862,-0.0086540077297933
2013-12-31,0.0683994158057013,0.11473896740698009,0.03648118217501728,0.03702695344405127,0.07263425542995439,0.15470941883767542,0.05994897959183665,0.05994897959183665,0.07635467980295574,0.070175438596491,0.12414131501472037,-1.1030658838878016,-1.0446186312933374,0.26735885788449054,0.3328220858895705,-0.12713446249567928,-0.0073800738007380184,-0.005955926146515744,0.06960475690800982,-0.04535637149028082,-0.10261489698890647,0.003964208857175189,0.0013522650439485862,-0.01754385964912264,0.07492160352572252
2014-03-31,0.061742146166114065,0.07513972262471547,0.1975941189574515,0.20635337358886852,0.04432512709202041,-0.19350919819507117,-0.733453670276775,-0.733453670276775,-0.7345537757437071,-0.7353629976580796,-0.2741161065037102,2.2484177215189876,1.385135135135135,-0.8366615463389657,0.04078762306610417,0.08878504672897192,-0.2092405735528412,-0.2139005392450568,0.03793328973185095,0.018099547511312153,0.08918322295805758,-0.016471119133573908,-0.1610398379473329,-0.0535714285714286,-0.10876764172514386
2014-06-30,-0.18825997806494688,-0.2619368502117828,0.08296130952380953,0.07921653971708387,-0.22813542635234918,0.10221648375295889,1.3476297968397293,1.3476297968397293,1.4310344827586206,1.4513274336283186,-0.073962717979555,-3.501704822211398,-14.796033994334278,-10.60501567398119,-0.3764127764127764,0.08263621153706269,-0.044325050369375396,-0.057926829268292734,-0.17548834278512904,0.04222222222222238,0.36197811106607203,-0.04909382885983016,-0.07565392354124756,0.018867924528301883,-0.3160967841818906
2014-09-30,0.07251953239734488,0.03815051519499146,-0.02559257986946062,-0.031054648114539174,0.09275793650793651,0.07399453338539641,0.18942307692307692,0.18942307692307692,0.2163120567375887,0.20938628158844774,-0.02207792207792203,-1.5036993769470404,-1.0971252566735112,-0.9523498694516971,-0.028762805358550025,-0.03581267217630857,-0.056921995783555834,-0.06715210355987056,0.08368360718379808,0.16844349680170567,0.05357142857142838,0.01881785283474069,-0.09316499782324761,0.0185185185185186,0.07140547183235246
2014-12-31,0.08432151170751756,0.16024875934417993,0.022386744227040456,0.04308012486992707,0.0957136372479086,0.09925468096709689,0.18674211802748575,0.18674211802748575,0.17784256559766765,0.17910447761194037,0.2895086321381142,-0.21337456513335906,0.2304439746300211,-8.349315068493151,0.2176470588235293,0.1502439024390243,-0.035767511177347444,-0.04509973980919335,0.08533145275035259,0.062043795620437825,0.21412429378531073,0.010537532559791618,-0.056649063850216064,0.0181818181818183,0.11234530636884998
2015-03-31,0.04212759509016517,0.06080129940443957,-0.0675862068965517,-0.0883878691141261,0.06095756643191108,-0.12005953365305111,-0.3392370572207084,-0.3392370572207084,-0.3465346534653465,-0.349367088607595,-0.36302780638516996,-0.5690417690417691,-0.4329896907216495,-0.06057781919850891,0.16791604197901044,0.03283654428692584,0.13214837712519323,0.1316984559491372,0.0536062378167641,-0.04810996563573888,0.062354583527221896,0.01804335090802578,0.09109414758269718,0.03571428571428559,0.16362748290459117
2015-06-30,0.055329358732005174,0.10406777930893685,0.03883136094674566,0.038301597723790826,0.05781781670106545,0.101484683330201,0.38659793814432986,0.38659793814432986,0.3787878787878787,0.38521400778210135,0.496362166531932,-0.887115165336374,-0.4121212121212121,1.1259920634920637,0.3056625303095135,0.01360863444392324,-0.009556313993173915,0.0016051364365969878,0.05303731113166821,-0.03790613718411551,-0.10183968462549275,0.0024168488894003026,0.03031716417910446,-0.017241379310344862,0.06335991791427631
2015-09-30,0.0752784475829602,0.1089127218934911,0.009433962264151052,0.00885328836424959,0.08503177156115704,-0.9989762839105955,0.24386617100371755,0.24386617100371755,0.23351648351648358,0.2359550561797754,-0.02917341977309562,33.22222222222222,1.8969072164948453,-1.2202519832011198,-0.051562158619182896,-0.023321759259259278,0.01102687801516189,0.02163461538461542,0.07496339677891672,-0.07317073170731703,-0.0807120214581808,0.009070034443168895,0.43322770484382067,-0.29824561403508765,0.09916884142196114
2015-12-31,0.04805330713538214,-0.0847507086876772,0.036501498853817704,0.027789385708316017,0.049645217729393565,2108.3333333333335,0.1356843992827257,0.1356843992827257,0.1291759465478841,0.13409090909090904,0.5770728992765721,0.21930342384887846,-1.2117437722419928,2.2542372881355934,-0.17691776088458877,-0.0043254132843515425,0.01499659168370826,0.0219607843137255,0.04930536638518124,-0.07287449392712553,-0.076657824933687,0.001479121629309299,-0.22015161086544532,0.32499999999999996,-0.10949502204664707
2016-03-31,0.08130743993642131,0.09606012297882027,-0.05427015991833961,-0.07928440739987808,0.09975691630975803,-0.9992888748419722,-0.28210526315789475,-0.28210526315789475,-0.2859960552268245,-0.29058116232464937,-0.2642907551164432,-0.5354635681433066,-11.436974789915967,-2.731119791666667,0.37209627763783937,0.1012854082361343,-0.006044325050369448,0.0015349194167306734,0.07995846313603328,0.048034934497816595,0.027578282102844076,0.017041581458759447,0.3730255164034022,-0.26415094339622647,0.1904420496045527
2016-06-30,0.08942200780204668,0.1749501329787233,0.07807159561072141,0.08081254139986749,0.09075025261030656,743.5555555555555,0.3526392961876832,0.3526392961876832,0.33149171270718236,0.3305084745762712,0.1976019184652278,0.2360604481500781,-0.19283413848631237,-0.19894697254606997,0.21723610402855686,0.14189992434885967,-0.002027027027026951,0.005363984674329636,0.07860576923076912,0.05833333333333335,0.07492311993290457,0.0012287756925826177,0.0327433628318583,-0.05128205128205132,0.08710217755443872
2016-09-30,0.06813935787434255,0.029709273537525727,0.056065409644585396,0.07885597548518897,0.06953584869246354,0.019101626622892054,0.14363143631436315,0.14363143631436315,0.13070539419087135,0.1273885350318471,0.0396475770925111,1.2820404721753795,-0.4528678304239402,-1.8070422535211268,-0.14403016338500207,0.09592087828885099,-0.012186865267433955,-0.006859756097561065,0.0626253621573436,0.015748031496062964,0.024447334200260018,0.0013388374428204841,-0.2127963439017424,0.2702702702702702,-0.04554976541264866
2016-12-31,0.05056116086611495,0.11643882668132166,0.12039816716700891,0.12952092406741156,0.04258544155328603,0.9775955483965442,-0.033175355450236976,-0.033175355450236976,-0.029357798165137616,-0.03389830508474567,0.25231124807396,-0.4291520413818585,-1.0009115770282588,-1.087260034904014,0.014682850430696837,-0.03303251435726928,-0.05071967100753938,-0.049117421335379885,0.04131711409395966,-0.08914728682170536,-0.08047727849708053,-0.0075766016713091355,-0.012699564586357015,-0.02127659574468077,-0.011590785416288774
2017-03-31,-0.25881391727944014,-0.33309746492739356,-0.040332816245945535,-0.06420787929589267,-0.2856277475855862,-0.9985190670122177,-0.11862745098039218,-0.11862745098039218,-0.08884688090737236,-0.08966861598440545,-0.25715164564749304,-5.233980582524272,18782.0,-22.866666666666667,-0.3164190623191202,0.039564168973832414,0.09097472924187722,0.08232445520581111,-0.2477341389728096,-0.0021276595744680327,0.03175041413583646,-0.036151341641405654,0.058434399117971214,0.021739130434782483,-0.28733185296654484
2017-06-30,0.09209650582362738,0.21889560363518945,0.07053637031594406,0.07452525976352553,0.09565112053301039,377.1,0.23192436040044484,0.23192436040044484,0.24273858921161828,0.23554603854389722,-0.10351966873706009,-1.2704272720324084,-1.0663898205824416,-0.963109756097561,-0.01707592435788885,0.2267182130584191,0.08206485771012573,0.07158836689038028,0.08647925033467185,0.6311300639658848,0.15681027562215677,0.003261502620850232,0.015277777777777724,0.042553191489361764,0.13434104135551328
2017-09-30,0.0749980955283005,0.10850806146393155,-0.060123541523678825,0.02650883627875955,0.09632266766910647,0.06598783390637397,0.3431151241534989,0.3431151241534989,-0.5559265442404007,-0.5580589254766031,0.6346420323325634,-0.26512153759185986,-0.3295910184442662,-15.75206611570248,0.256281407035176,0.14853981371244496,0.13944954128440368,0.13221990257480876,0.09043863972400201,0.05620915032679741,0.09021512838306744,0.019737605944502468,0.05916552667578645,0.08163265306122458,0.07988467912192676
2017-12-31,0.02008999751975349,-0.04028816279149172,0.5060610486344383,0.14357641708624325,-0.04693519433631177,0.9409502543108796,-1.1304201680672268,-1.1304201680672268,-1.1278195488721805,-1.1333333333333333,-0.06188188753885282,0.21461538461538465,-3.9078947368421053,-2.2705882352941176,-0.2592,0.15426829268292686,-0.22705314009661837,-0.24400737553779972,-0.04903954802259891,0.05940594059405946,0.03776787608741761,-0.06569509279289532,-0.3190184049079754,0.09433962264150941,-0.16077359680470882
2018-03-31,0.11604723862452238,0.20306663346259213,-0.1080294802172227,-0.17454906973441275,0.16335816473376785,-0.4583280071583792,-8.412371134020619,-8.412371134020619,-8.5,-8.176470588235293,-0.15602409638554215,-1.169727675744142,-0.9658576717400247,-2.439594356261023,0.5268435668003704,0.07913365029054398,0.08263888888888915,0.08211382113821131,0.15304182509505715,0.13434579439252348,0.4680024534859948,0.042407994150621464,-0.08392603129445231,0.18965517241379315,0.45746706076849875
2018-06-30,0.06588652702997111,0.17872667593222347,0.06588388780169607,0.14659325533379208,0.066125775408852,0.0729203539823009,-0.11230876216968011,-0.11230876216968011,-0.11764705882352933,-0.11885245901639341,-0.17380442541042118,-1.8264925373134329,-6.204819277108434,-0.2992343032159265,0.2311811660099019,0.08980321127863711,-0.022450288646568284,-0.02404207362885058,0.0618301731244848,-0.054582904222451156,-0.05654596100278553,0.00023380874444711708,0.005175983436852993,-0.02898550724637672,0.02801409297929003
2018-09-30,0.06847115160009354,0.0668573292190362,0.05069359445124433,0.05537214885954378,0.07166501723373031,0.012757065874848816,0.14571092831962407,0.14571092831962407,0.14222222222222225,0.13953488372093026,0.381425485961123,11.925507900677202,0.33564814814814814,-1.8531468531468531,-0.16019696347968815,0.1759910162829872,-0.06496062992125995,-0.06928406466512693,0.06754658385093171,0.10675381263616557,0.13669914378506065,0.0030388031790555825,-0.032955715756951665,-0.04477611940298509,0.010883557636044427
2018-12-31,0.07215860957013631,0.018953111037953274,0.12532763809338898,0.16678515569458274,0.06340158583574818,0.13638831577804322,0.0,0.0,-0.0077821011673151474,0.0,0.05722326454033766,-0.150716032134125,-0.415944540727903,-0.41649590163934425,-0.11130655721684746,-0.034243043486564484,0.30175438596491233,0.31182795698924726,0.06072727272727274,-0.09547244094488194,-0.019870129870129927,-0.00815660685154973,0.6128860489882855,-0.1875,-0.12669930208712332
2019-03-31,0.04947302687754096,-0.0711252653927813,0.03045203588681855,-0.09797708993419452,0.051715877103671426,-0.06956521739130439,0.047863247863247915,0.047863247863247915,0.04705882352941182,0.04489795918367334,-0.01449275362318836,-0.3647953937898417,-2.2403560830860534,-0.835820895522388,-0.02056300857708382,0.014178927384907558,-0.043126684636118684,-0.044136191677175196,0.042852245457662086,-0.043525571273122954,-0.2839538889625016,0.00211466165413543,-0.016837240013205634,-0.019230769230769273,0.029769908152637248
2019-06-30,0.03602958141568213,0.011577639751552793,0.04813729593972371,0.0909213726019995,0.03432419350246296,0.12858169867515667,0.03230016313213713,0.03230016313213713,0.033707865168539186,0.04296875,-0.05162064825930368,-0.27905471026222073,3.2727272727272725,3.566844919786096,-0.09587964522285841,0.018309447206785512,-0.0011267605633801248,-0.0019788918205806416,0.03616042077580528,-0.023890784982935065,0.005551443375277687,-0.0016412661195779332,0.00402955003357941,0.0,-0.07273295694870996
