Quarter end,Assets,Current Assets,Liabilities,Current Liabilities,Shareholders equity,Revenue,Earnings,Earnings available for common stockholders,EPS basic,EPS diluted,Cash from operating activities,Cash from investing activities,Cash from financing activities,Cash change during period,Cash at end of period,Price,ROE,ROA,Book value of equity per share,P/B ratio,P/E ratio,Cumulative dividends per share,Equity to assets ratio,Net margin,Asset turnover,Current ratio
1996-03-31,-0.018614270941054833,-0.014325507361719114,-0.029503105590062084,-0.014255167498218091,0.06769230769230772,0.0181735574738755,0.7,0.7,0.696969696969697,0.696969696969697,-1.303030303030303,-0.44999999999999996,-1.2615384615384615,-0.8831168831168831,-0.5294117647058824,0.0676000000000001,-0.012108980827447047,-0.027624309392265234,0.0652173913043479,-0.1652892561983471,0.0015174506828528056,1.0,0.08839285714285716,0.06513409961685812,-0.03846153846153855,-0.00011165698972759319
1996-06-30,-0.018614270941054833,-0.014325507361719114,-0.029503105590062084,-0.014255167498218091,0.06769230769230772,0.0181735574738755,0.7,0.7,0.696969696969697,0.696969696969697,-1.303030303030303,-0.44999999999999996,-1.2615384615384615,-0.8831168831168831,-0.5294117647058824,0.0676000000000001,-0.012108980827447047,-0.027624309392265234,0.0652173913043479,-0.1652892561983471,0.0015174506828528056,1.0,0.08839285714285716,0.06513409961685812,-0.03846153846153855,-0.00011165698972759319
1996-09-30,0.010186160871092476,0.052886556318126665,0.006199999999999983,0.021330441070137374,0.03890489913544659,-0.0874609549308345,-0.36764705882352944,-0.36764705882352944,-0.3571428571428572,-0.3571428571428572,1.2000000000000002,2.590909090909091,-7.647058823529412,-11.555555555555555,11.875,-0.11015361558636194,-0.012108980827447047,-0.027624309392265234,0.03741496598639449,-0.1652892561983471,0.0015174506828528056,0.5,0.02789171452009853,0.06513409961685812,-0.03846153846153855,0.03093243997766626
1996-12-31,-0.04534075104311541,-0.12227760736196314,-0.06738223017292788,-0.10145132743362828,0.10846047156726768,0.0910024449877751,0.6651162790697673,0.6651162790697673,0.6666666666666667,0.6666666666666667,6.210606060606061,0.032911392405063244,-4.287610619469026,-0.8031578947368421,0.18349514563106806,0.021052631578947434,-0.012108980827447047,-0.027624309392265234,0.10655737704918034,-0.014851485148514865,0.0015174506828528056,0.33333333333333326,0.16121308858739014,0.06513409961685812,-0.03846153846153855,-0.023180242634315396
1997-03-31,-0.023983828671328644,-0.003669564457647101,-0.036551577152600156,-0.03837062716671924,0.04979979979979987,-0.02890950652144686,-0.38128491620111726,-0.38128491620111726,-0.3833333333333333,-0.3833333333333333,-0.8882118092036142,0.022058823529411686,-0.9100942126514132,-4.229946524064172,-0.4954881050041017,0.005360824742268067,-0.012108980827447047,-0.027624309392265234,0.04888888888888898,-0.09296482412060303,0.0015174506828528056,0.25,0.07560137457044691,0.06513409961685812,-0.03846153846153855,0.036039033045021096
1997-06-30,0.224815747737662,0.14618318937168406,0.24647715960623828,0.43596886521917244,0.10810488676996433,0.03890888950429239,0.8645598194130926,0.8645598194130926,0.8378378378378379,0.8378378378378379,1.9154135338345863,9.802158273381295,-25.107784431137723,-1.6837748344370862,0.6715447154471545,0.022969647251845915,-0.012108980827447047,-0.027624309392265234,0.10875706214689251,-0.024930747922437657,0.0015174506828528056,0.19999999999999996,-0.09520766773162936,0.06513409961685812,-0.03846153846153855,-0.20175532484212777
1997-09-30,-0.028060447260983445,-0.008645422898894473,-0.006690684508491973,0.015120392559625717,-0.15757771324083036,-0.08463281354125018,-2.102905569007264,-2.102905569007264,-2.102941176470588,-2.102941176470588,-0.15473887814313347,-0.8985458985458985,-0.9030054644808743,1.5569007263922519,1.027237354085603,0.17642341619887714,-0.5635001702417433,-0.027624309392265234,-0.1579617834394904,0.0625,0.10606060606060619,0.16666666666666674,-0.13276836158192085,-0.5575539568345323,-0.026666666666666727,-0.02346473585411646
1997-12-31,-0.025030563305225573,-0.08261624541771173,-0.035519028050741475,-0.003737844977797722,0.049923391215526136,0.11589982527664522,-1.7936333699231612,-1.7936333699231612,-1.8133333333333335,-1.8133333333333335,2.3844393592677346,2.5404814004376366,-2.9526248399487836,-1.1534090909090908,-0.07773512476007682,0.058963871847307336,-0.0007800312012481436,-0.027624309392265234,0.04992435703479581,0.25668449197860954,1.364383561643836,0.1428571428571428,0.07654723127035834,0.0,-0.020547945205479423,-0.07908828779349164
1998-03-31,0.006928703480427512,0.08012955329351401,0.0045941239672482315,-0.005924003497983055,0.02225465158701212,-0.5219206680584552,-0.23098201936376206,-0.23098201936376206,-0.2295081967213115,-0.24590163934426224,-1.2332657200811359,-1.1968479604449938,-1.099672131147541,0.9814814814814814,-0.1670135275754423,0.07917605407145167,0.10460577673692417,0.06818181818181812,0.023054755043227626,0.02765957446808498,0.06749710312862112,0.12500000000000022,0.015128593040847127,0.26016260162601634,-0.15384615384615385,0.08647681526763096
1998-06-30,0.003017434063477875,-0.007671638303672235,-0.005531993361607923,-0.002894520275830703,0.05817273376159893,0.023744541484716164,0.24640287769784175,0.24640287769784175,0.25531914893617014,0.23913043478260843,-2.2956521739130435,-2.750392464678179,-4.157894736842105,-0.4080996884735203,-0.1186758276077452,0.06352520131225758,-0.10106007067137801,-0.10106382978723416,0.05774647887323936,0.039337474120082705,-0.032293080054274226,0.11111111111111094,0.055141579731743606,0.03870967741935494,-0.13223140495867758,-0.004803073967339144
1998-09-30,0.02604058893752481,0.5406169060513304,-0.16347116632671987,-0.11045336824430085,1.1750421585160202,-0.06869279303296894,21.926406926406926,21.926406926406926,22.40677966101695,22.596491228070175,0.0,0.0,0.0,-116.62631578947368,15.569808646350108,-0.05187885586090846,0.0,15.763313609467456,1.48202396804261,-0.10358565737051784,0.06533931575995533,0.09999999999999987,1.1193502824858754,18.906832298136646,-0.16190476190476188,0.7319360176503036
1998-12-31,-0.21676672716836531,-0.3931427989199654,-0.169038435962229,-0.3118761197850013,-0.3280611981185714,0.16431297709923665,-1.11404833836858,-1.11404833836858,-1.1346850108616944,-1.138289962825279,-0.0022371364653244186,-0.463677130044843,19.929166666666667,-1.6632527652601392,-0.6232249786142001,0.058562555456965315,0.0,-0.09989410518884567,-0.2344420600858369,-0.5733333333333334,-0.9376151618847065,0.09090909090909105,-0.1419526824391869,0.0642745709828394,-0.1477272727272727,-0.11807324840764344
1999-03-31,-0.11378941530660747,-0.1791470785762257,-0.06519419547588556,-0.07601822577645523,-0.2539230769230769,-0.1053106048188821,-1.2345474613686533,-1.2345474613686533,-1.2473118279569892,-1.2419354838709677,-0.9192825112107623,-0.4899665551839465,-0.7583117658769659,-0.7198545055246723,-0.46338971506413895,0.060072645990500106,0.0,0.0709803921568628,-0.22704975473020328,0.38541666666666674,0.2700421940928268,0.08333333333333326,-0.15805825242718452,-0.006742890647903899,0.08000000000000007,-0.11167283560530816
1999-06-30,-0.06959747893525248,-0.16245653507874824,-0.10375527907773086,-0.18195541689729788,0.05381998144138578,0.09160025648071812,0.48941176470588243,0.48941176470588243,0.5652173913043477,0.5555555555555554,6.083333333333333,2.314754098360656,-0.17998352553542007,-0.15654091131798142,-0.7283689443621748,0.006589351607801719,0.0,0.10106188209447087,0.05439709882139643,0.3007518796992481,0.006644518272425293,0.0769230769230771,0.13238007380073813,-0.018595041322313932,0.11111111111111116,0.02388211382113825
1999-09-30,0.04371952244829336,0.05977165883143054,0.04661232806928162,0.15802423571384638,0.03483025144310736,-0.07157841738692627,-0.14060031595576616,-0.14060031595576616,-0.13888888888888884,-0.1428571428571428,0.3712418300653595,0.6073194856577646,-1.8689100954294324,-1.2628521638106303,0.7048286604361371,-0.07698350353495675,-1.1517295597484276,-1.015630196208846,0.034393809114359186,-0.12427745664739887,-0.08580858085808574,0.0714285714285714,-0.008553971486761625,0.0,0.1333333333333333,-0.08486352357320104
1999-12-31,0.042555639945683454,-0.06193109805277108,0.04365417376490632,0.12100286837352603,0.03914153351611982,0.12292118582791045,0.33639705882352944,0.33639705882352944,0.35483870967741926,0.4833333333333334,0.4394661582459485,1.2547692307692309,0.0745664739884393,-1.4110497237569062,-0.16994061215166745,-0.040851063829787204,-12.632124352331605,-12.319148936170212,0.03906899418121368,-0.07260726072607249,0.0,0.06666666666666665,-0.0032867707477403085,-0.8487218045112782,0.03921568627450989,-0.16312364425162695
2000-03-31,-0.0066448849838844914,0.016950193453294737,-0.014166205147637556,-0.02909401061410155,0.016831953416431622,-0.029298132646490616,-0.2943603851444292,-0.2943603851444292,-0.30952380952380953,-0.3595505617977529,-0.8788079470198675,-1.0204694323144106,-1.4534696073157611,0.021505376344086002,-0.20913593835993394,-0.1523217982845313,0.00222717149220486,0.03571428571428581,0.016800000000000148,-0.1850533807829181,2.9205776173285196,0.0625,0.02390766694146751,0.011928429423459397,0.018867924528301883,0.04743390357698307
2000-06-30,0.061492988421450345,0.10513919922700654,0.07362289701664637,0.12049780380673503,0.024785254115962774,0.014510779436152532,0.368421052631579,0.368421052631579,0.3793103448275863,0.3684210526315792,5.775956284153006,-19.373333333333335,-2.938315539739027,-4.644736842105264,0.9638135003479471,0.1308443824145149,0.0,-0.005444646098003658,0.025177025963807997,0.11353711790392995,0.08103130755064458,0.05882352941176494,-0.0346215780998389,0.0216110019646365,-0.02777777777777779,-0.013734224201930267
2000-09-30,-0.028431454652039223,-0.04879781420765028,-0.03979510341218917,-0.014591227840933807,0.0075962629878634225,-0.04152022885165507,-0.07549857549857553,-0.07549857549857553,-0.07500000000000007,-0.07692307692307698,-0.21935483870967742,-0.6611030478955007,-1.4761321909424725,-1.2534296028880867,-0.1243798724309001,-0.004011107682813764,0.020000000000000018,0.025547445255474477,0.007674597083653145,-0.027450980392156765,-0.03151618398637146,0.05555555555555558,0.037114261884904076,0.028846153846153966,0.0,-0.034750972274495084
2000-12-31,-0.006292289790113315,-0.134658470730166,-0.0247805885389778,-0.01312765205091937,0.049566724436741705,0.046473949006565984,0.20338983050847448,0.20338983050847448,0.20270270270270263,0.2777777777777779,0.8130165289256199,2.1970021413276233,0.8676092544987146,3.5128205128205128,-0.6410360178065561,0.07465923172242861,-0.0039215686274510775,0.016014234875444844,0.04950495049504933,0.06451612903225823,0.030782761653474155,0.05263157894736836,0.056292722155206976,0.024299065420560817,-0.00952380952380949,-0.12308292175721347
2001-03-31,-0.002038426508218727,0.020912168890659277,0.0019410622904534325,-0.01925919290545075,-0.013210039630118908,-0.03357235984354623,-0.24327784891165172,-0.24327784891165172,-0.247191011235955,-0.2934782608695652,-0.5441595441595442,-0.7267247153382451,-0.9525120440467997,-1.1243686868686869,0.2220969560315671,0.15018737388296333,0.012685914260717412,0.024518388791593848,-0.013062409288824406,0.0984848484848484,0.1382252559726962,0.050000000000000044,-0.011419870574800206,0.03284671532846706,-0.009615384615384581,0.0409070698088041
2001-06-30,-0.008843980877879187,-0.0007803355442840276,-0.016144182223787773,-0.01895236790427912,0.011964524765729623,-0.0014333895446880796,0.287648054145516,0.287648054145516,0.29850746268656714,0.29230769230769216,0.5425,-0.0490196078431373,9.695652173913043,-0.47208121827411165,0.09594095940959413,0.08972431077694232,0.007775377969762465,0.03247863247863236,0.0117647058823529,0.10344827586206895,0.06146926536731634,0.04761904761904767,0.021178282633808276,0.030035335689045928,0.009708737864077666,0.018510608002278328
2001-09-30,0.011378335123758632,0.012495119094103835,-0.009994629751178485,-0.027139000093101218,0.07060768912773874,-0.05125390526049145,-0.11300919842312751,-0.11300919842312751,-0.11494252873563215,-0.1071428571428571,-0.36304700162074555,-0.17268041237113407,-0.8983739837398375,2.1634615384615383,0.27693602693602704,0.014259429622815123,-0.019717102443206236,0.011589403973509826,0.06468023255813948,0.0,-0.004943502824858781,0.045454545454545636,0.05844645550527905,0.020583190394511064,-0.009615384615384581,0.04068223123165082
2001-12-31,-0.022717419578600517,-0.0623473454171487,-0.05596239038061657,-0.09249246375424658,0.062475866862305995,0.05179779280882868,0.09629629629629632,0.09629629629629632,0.07792207792207795,0.08000000000000007,1.4758269720101782,2.3738317757009346,14.146666666666667,-1.9240121580547114,-0.20039551746868822,0.07913832199546489,-0.04634892872759078,-0.009819967266775809,0.04232081911262786,0.015625,0.06884315117104345,0.04347826086956519,0.08728179551122195,-0.00504201680672256,-0.009708737864077666,0.03331542181622793
2002-03-31,0.021271404489397572,0.08417877707704968,0.0038626061418629565,0.002056311293894275,0.06091001599069634,0.0033846674564224077,-0.03378378378378377,-0.03378378378378377,-0.036144578313252906,-0.04938271604938271,-0.8134635149023638,-0.6851338873499538,-1.0589788732394365,-1.9671052631578947,0.2423742786479801,0.15885690271065345,-0.00687757909215958,0.044628099173553926,0.05304518664047153,0.11076923076923073,0.2005312084993358,0.04166666666666674,0.03866317169069444,0.04391891891891886,0.0,0.08190327613104542
2002-06-30,0.040418739004843385,0.0658826504805261,-0.006677902502623456,-0.019836885030255158,0.1418881885448069,0.11325687299713283,0.29930069930069925,0.29930069930069925,0.2749999999999999,0.2857142857142856,4.509641873278237,0.43401759530791795,-21.53731343283582,-0.3945578231292517,0.11811546118115457,0.2081595648232093,-0.02539242843951972,0.04588607594936711,0.13059701492537323,0.1468144044321329,0.16261061946902666,0.040000000000000036,0.09747634069400624,0.029126213592232997,0.019607843137254832,0.0874789714011055
2002-09-30,0.02064545758183023,5.931901767697312e-05,0.002817171943528596,-0.01739317156968001,0.054058918821623614,-0.06438906143473977,0.2960172228202369,0.2960172228202369,0.2843137254901962,0.29292929292929304,-0.03300000000000003,0.9938650306748467,-0.44840116279069764,-0.016853932584269704,0.10385756676557856,-0.06678673270298663,0.0862150639507342,0.15582450832072592,0.05280528052805278,-0.17391304347826086,-0.10894386298763081,0.03846153846153855,0.032768036792181654,0.14622641509433976,0.009615384615384581,0.017790055248618764
2002-12-31,0.10232548626592775,0.008660062874429109,0.35747805267358346,-0.05474213286713292,-0.35262978142076506,0.007448789571694592,-0.21013289036544847,-0.21013289036544847,-0.2137404580152672,-0.203125,-0.1463288521199586,0.2666666666666666,-0.6719367588932806,-0.07428571428571429,0.08709677419354844,-0.008684464458025065,0.10074138682948108,0.010471204188481797,-0.35318704284221525,-0.058479532163742576,-0.1452215696743192,0.0370370370370372,-0.41274700807124964,0.04526748971193406,-0.03809523809523818,0.06698512647920962
2003-03-31,0.06442036514769178,0.08909144369303146,0.05933259647720068,0.14732400878511154,0.08344324276795922,0.04187093144740017,-0.08832807570977919,-0.08832807570977919,-0.0873786407766991,-0.0980392156862745,-2.306480920654149,-0.6024291497975709,-10.353413654618475,-2.765432098765432,-0.14144411473788332,-0.08987670343932508,0.08082408874801894,-0.015544041450777257,0.08319870759289172,0.4068322981366459,-0.13678950655840105,0.03809523809523818,0.018009478672985635,0.017060367454068137,-0.02970297029702973,-0.050671550671550714
2003-06-30,0.03372960535490166,0.08450323974082075,0.00923500421791057,0.0039796483804341864,0.12327544229832821,0.10937982104288801,0.15224913494809678,0.15224913494809678,0.14893617021276606,0.15217391304347827,-1.8451553082985628,-0.15478615071283097,-1.402747960498068,-3.1818181818181817,0.35944700460829493,0.07290552584670218,0.07001466275659829,-0.03552631578947363,0.1178225205070842,-0.008830022075055233,0.0347322720694645,0.0366972477064218,0.08659217877094982,-0.005161290322580614,-0.030612244897959218,0.0801714898177921
2003-09-30,-0.015328060974992841,0.008961911874533213,-0.04190312788702655,-0.07656798795785247,0.07196011848854855,-0.04380475594493116,0.0930930930930931,0.0930930930930931,0.09259259259259256,0.09433962264150941,0.65990126165661,-1.0578313253012048,1.5415778251599148,0.22275641025641035,0.3233050847457628,0.06828376806778524,0.02295306611853376,-0.06821282401091411,0.07271514342895258,-0.04454342984409798,0.05034965034965033,0.03539823008849563,0.0886889460154241,-0.05317769130998706,-0.010526315789473717,0.09257789243897596
2003-12-31,0.01681679624618959,0.0389834690352826,-0.06102348646601008,-0.08356878939361012,0.24533261440992105,0.10296684118673638,-0.010073260073260037,-0.010073260073260037,0.0,-0.008620689655172376,0.012557832121612655,-23.125,-0.28859060402684567,0.33551769331585835,0.32628882484790256,0.053965785381026476,-0.09042196918955114,0.008784773060029227,0.24502487562189068,-0.018648018648018683,0.08455392809587225,0.03418803418803429,0.22471467926013378,-0.016438356164383494,0.02127659574468077,0.1337753155934973
2004-03-31,0.05620115871732678,0.012871052006649286,0.07684784469057915,0.18427605834222693,0.010499539968609639,-0.0005933544303797778,-0.1776133209990749,-0.1776133209990749,-0.18644067796610164,-0.18260869565217386,-1.376958224543081,4.067796610169491,-2.053066037735849,-3.110893032384691,-0.5193143408981169,0.10343809945403581,-0.09131075110456555,-0.017416545718432652,0.006993006993007089,-0.1116389548693586,0.06998158379373853,0.03512396694214881,-0.043380462724935565,-0.03203342618384397,0.02083333333333326,-0.14474527395065673
2004-06-30,0.008626600545341478,0.03840382631529593,-0.0018391535352617616,0.011014318614198437,0.03331369503508119,0.09011148492644638,0.25984251968503935,0.25984251968503935,0.26041666666666674,0.25531914893617014,-2.4978354978354975,-0.8264585655890004,-1.5778275475923853,-1.094839609483961,0.10246107483676536,0.08063653383257563,-0.0490275526742302,0.013293943870014813,0.03720238095238093,0.0721925133689838,0.07573149741824436,0.03393213572854292,0.02452133019818592,-0.007194244604316502,0.010204081632652962,0.02706752833192838
2004-09-30,0.14386441964144558,0.044524723413863265,0.18245717795318583,0.3512924631078538,0.055927020162753305,0.009198184568835144,-0.019642857142857184,-0.019642857142857184,-0.016528925619834767,-0.016949152542372947,0.11040462427745656,15.567451820128479,-6.939922480620155,0.6862745098039216,0.15671981776765387,-0.011384729612671673,-0.07072858968896467,-0.052478134110787056,0.05547584887613577,-0.04738154613466328,-0.03839999999999999,0.032818532818532864,-0.07672131147540973,-0.04492753623188417,0.0,-0.22697428415101217
2004-12-31,0.005708046548912327,0.006960356231896503,-0.05088299796083262,-0.10370858985634712,0.15010799136069108,0.15608322839839306,0.10746812386156646,0.10746812386156646,0.10924369747899165,0.12068965517241392,0.45236855804268616,-0.9313687475765801,-1.370962479608483,-0.7383720930232558,0.03544702638834196,0.02716234822881458,-0.030261348005502064,-0.01846153846153853,0.15043044857272325,-0.02617801047120405,0.02717692734331667,0.031775700934579376,0.14346590909090895,-0.030349013657056223,0.010101010101010166,0.12339270968503002
2005-03-31,0.02556103728338388,0.06375579598145276,0.037456675517360205,0.08107776596614613,0.0005121638924456828,-0.023288381742738617,-0.04194078947368418,-0.04194078947368418,-0.045454545454545525,-0.04615384615384621,-0.9555555555555556,-0.4783427495291902,-1.422603342128408,7.155555555555555,0.2791936097375427,0.04947599317572515,0.00520094562647766,0.018808777429467183,0.0003938558487592836,-0.08870967741935487,0.015118790496760237,0.03260869565217406,-0.024534161490683326,0.009389671361502483,0.010000000000000009,-0.01596135671532084
2005-06-30,0.0045291918474545945,0.042418371877144034,0.004141838429227329,0.006429408872584252,0.0053749680061427885,0.05315702830439162,0.18197424892703862,0.18197424892703862,0.18253968253968256,0.17741935483870974,11.153225806451612,0.3646209386281589,-1.5150884495317378,-0.34741144414168934,0.1424323520666071,0.06769623780771017,0.006114769520225716,0.013846153846153841,0.0007874015748032814,0.06784660766961648,0.0021276595744681437,0.03157894736842093,0.0009551098376314737,0.009302325581395321,0.0,0.035748586063387044
2005-09-30,0.0053224838257852625,0.02477930927675387,-0.015604023581142878,-0.01101048438615615,0.0509589273591311,-0.028035498184751928,0.37472766884531583,0.37472766884531583,0.37583892617449655,0.36986301369863006,0.0,0.0,0.0,0.7974947807933195,0.224102030192608,0.1560630777596519,0.10986442262739593,0.15174506828528056,0.055074744295829925,0.1546961325966849,0.09341825902335454,0.030612244897959107,0.04548346055979646,0.12442396313364057,0.02970297029702973,0.0361631980218422
2005-12-31,-0.06276206146170582,0.047302402901617135,-0.14220772803636728,-0.027129721103427262,0.09951956074124912,-0.15262502593899152,-1.4437400950871633,-1.4437400950871633,-1.2195121951219512,-1.225,0.889183808891838,1.5158730158730158,3.1151515151515152,-1.2241579558652729,-0.04103763555177542,-0.010536218250235097,-0.388374052232519,-0.3596837944664032,0.09955257270693507,-0.062200956937799035,-0.1490291262135922,0.02970297029702973,0.17310617584423493,-0.3387978142076503,-0.028846153846153855,0.0764641543203739
2006-03-31,0.022751083047823917,0.018831168831168865,0.005276497695852589,0.014372754257147236,0.050598516560182105,0.1550753030488552,-2.855952380952381,-2.855952380952381,-2.8666666666666663,-2.844444444444444,-1.0962416578854934,-2.767613038906414,-1.124693176239568,-9.953367875647668,0.3831485587583148,0.03232553717436759,0.05509641873278248,0.11934156378600824,0.049169209901661626,-0.061224489795918324,0.6297775242441528,0.03525641025641013,0.02723029045643166,0.10950413223140498,0.0,0.004433770552373817
2006-06-30,0.04183220055093373,0.08366971177678639,0.031263609067363474,0.04554905282612043,0.05794771424577094,0.0960407059945938,-0.09621552277100709,-0.09621552277100709,-0.09523809523809523,-0.09638554216867468,-7.445255474452555,-1.5038667459845332,-0.31496062992125984,-0.2407407407407407,0.21032382173773656,-0.033892061153066755,-0.05287206266318534,0.007352941176470562,0.05946994182288301,-0.07880434782608692,-0.1298564928246413,0.034055727554179516,0.01540015147689977,-0.003724394785847296,0.00990099009900991,0.036417141806143194
2006-09-30,0.0013153873749385259,0.0271524260741709,-0.025359500366723742,-0.05137175474129996,0.04096465147010231,-0.03230330286764349,0.018452803406671325,0.018452803406671325,0.026315789473684292,0.026666666666666616,1.318233295583239,-0.48406139315230223,-19.93103448275862,-0.7141768292682926,0.04966887417218535,-0.07311725452812201,-0.1647139903514817,-0.11313868613138689,0.04087858450274551,-0.12389380530973448,-0.08205953338696703,0.03293413173652704,0.03953257086026851,-0.12336448598130845,0.009803921568627416,0.08278615794143729
2006-12-31,-0.014091982696849858,0.06492556304873398,0.041047158624464064,0.071195652173913,-0.09082830847350043,-0.07440907500874516,-0.018815331010452963,-0.018815331010452963,-0.012820512820512886,-0.025974025974025983,-0.26160234489496825,1.1807780320366135,-0.7474195506982393,2.856,0.18246056782334374,0.10943124550035987,0.6113861386138613,0.609053497942387,-0.0762016412661195,0.06397306397306401,0.24408413672217355,0.03188405797101446,-0.07773259985649372,0.5863539445628998,0.01941747572815533,-0.0058182414160451446
2007-03-31,0.040282637954239586,0.06514920691818271,0.056470691316919286,0.09781111835906353,0.014486177045518023,0.11775186264982174,-0.005681818181818232,-0.005681818181818232,0.0,0.01333333333333342,-0.9857757194839564,-0.6411332633788038,-2.6310096153846154,-0.21784232365145229,0.12069149503788279,0.0997496987114117,-0.031233998975934485,-0.04347826086956519,0.014911167512690282,0.1898734177215189,-0.3261711870376893,0.0393258426966292,-0.024896265560165998,-0.04973118279569888,0.00952380952380949,-0.029756017144741187
2007-06-30,0.0229775011967448,0.03171798754837618,0.00723616006634864,-0.015350080876770256,0.0491002305336683,0.07380572863836155,0.5264285714285715,0.5264285714285715,0.5454545454545454,0.5263157894736841,31.441860465116278,0.05263157894736836,-1.4303610906411202,-0.4420866489832007,0.06008379356313087,0.09972182415915043,0.12684989429175464,0.11497326203208558,0.052516411378555894,0.08510638297872353,0.12545739675901735,0.03783783783783767,0.025531914893617058,0.10749646393210743,0.0,0.04782941126497331
2007-09-30,0.08731614159784495,0.07037429666476402,0.059367216286873026,0.06148585221939107,0.13184650705149226,-0.018847555215689815,0.07674309780065514,0.07674309780065514,0.07563025210084051,0.07758620689655182,1.4630824372759856,4.705555555555556,-3.452054794520548,4.179080824088748,0.29354172280607194,0.008201747662118564,0.10787992495309573,0.09712230215827322,0.13068013068013062,-0.04166666666666663,-0.11193683232698559,0.03645833333333326,0.04097510373443969,0.11111111111111116,-0.009433962264150941,0.008350899951353963
2007-12-31,0.3437590871552696,0.25191731423637553,0.4783242329440569,0.7232960646832165,0.14308895972181968,0.1593159728589768,-0.31203824424163407,-0.31203824424163407,-0.3203125,-0.31200000000000006,-0.1428987194412107,7.21080817916261,11.287709497206704,0.2236842105263157,0.27768904937157135,-0.011556298943206977,-0.058848433530905964,-0.09398907103825138,0.1413186235881272,-0.1253196930946292,-0.13284518828451897,0.035175879396984966,-0.14922770303936217,-0.05287356321839076,-0.03809523809523818,-0.27353863471898376
2008-03-31,-0.06556043176054083,-0.15953994076838818,-0.13321678781266844,-0.18813115114638124,0.06492090853782195,0.10981927472614395,0.08591282375236897,0.08591282375236897,0.09195402298850563,0.09302325581395343,-0.25365025466893043,-0.8661132522976579,-1.5730847919981814,-3.3515878969742436,-0.5110869565217391,-0.10045381124528874,-0.049032838506522736,-0.03860072376357071,0.06421173762945909,-0.21345029239766078,-0.12484921592279852,0.04247572815533984,0.1393850658857978,-0.03519417475728159,-0.00990099009900991,0.03519645821804107
2008-06-30,0.0007317999499782957,-0.004537445997152001,-0.024717942496663814,-0.03979863650729154,0.04068175867076107,0.09182582668187012,0.28563118091913897,0.28563118091913897,0.28421052631578947,0.27659574468085113,0.19335759781619655,-0.6390611160318866,-0.8180285600952003,-0.9767120374308804,-0.024344152956869758,0.023257802479692113,-0.07426679280983917,-0.06022584692597244,0.04044117647058809,-0.03717472118959109,-0.020675396278428626,0.04074505238649584,0.04009252120277562,-0.07169811320754715,0.010000000000000009,0.03677964289532776
2008-09-30,-0.015393587085308025,-0.025142441508061553,-0.032154740802935566,-0.04577406841424714,0.009263918752001388,-0.060311347540876636,-0.02126696832579189,-0.02126696832579189,-0.016393442622950838,-0.01666666666666672,0.5562333206252383,-0.2993865030674847,0.11444141689373288,-4.634703196347032,0.09069158026660595,0.019303083479568883,-0.0735820132856414,-0.06408544726301735,0.010184992725005282,-0.019305019305019266,0.009852216748768461,0.03914988814317666,0.024956758092414155,-0.07859078590785906,0.01980198019801982,0.021553057646694906
2008-12-31,-0.01473173575007758,0.010793871866295213,0.19209266458888918,-0.006972504188430095,-0.3065068105069918,0.022818046052859975,-0.14239482200647247,-0.14239482200647247,-0.1416666666666666,-0.14406779661016944,-0.46055854973052424,1.458844133099825,-0.9462102689486552,-0.9045226130653267,0.007938995090358336,-0.2547958681751107,0.0926640926640927,0.061340941512125546,-0.30740740740740746,-0.2637795275590551,-0.2425087108013938,0.038751345532831216,-0.296046287367406,0.0,0.06796116504854366,0.017968907732687223
2009-03-31,-0.017404248010534196,-0.027336253137148714,-0.03730307399970356,-0.04862920233221679,0.030850681394816837,-0.13171477079796268,-0.007547169811320753,-0.007547169811320753,-0.01941747572815533,0.0,-0.034968210717529535,-0.7364672364672364,17.145454545454545,-8.092105263157894,-0.05586071095450307,-0.08294829482948296,0.0863200403836446,0.02822580645161299,0.029708853238265,0.3262032085561497,-0.11407543698252054,0.04352331606217619,0.048972602739726145,0.03676470588235281,-0.018181818181818188,0.022312574375247918
2009-06-30,0.024675173337994627,0.04558447800460397,-0.0070833624973752896,-0.2747946277219977,0.09659829439178269,0.08716905869930791,0.09397066811515487,0.09397066811515487,0.08910891089108919,0.08910891089108919,0.0,0.0,0.0,-3.0037105751391464,0.11855104281009887,0.009716890595009575,0.03903345724907048,-0.019607843137254943,0.09434506635891537,-0.020161290322580627,-0.007268951194184914,0.04270109235352537,0.07019262161279771,0.0,-0.01851851851851849,0.4418469298671064
2009-09-30,0.09405888986817534,0.06375051411704935,0.12172736116398086,0.008199079401611131,0.037322925701069654,-0.029604316546762544,-0.7070506454816285,-0.7070506454816285,-0.7090909090909091,-0.7090909090909091,1.3901176470588235,0.5459459459459459,-0.19789579158316628,2.0435185185185185,0.3225711481844946,0.1151241534988714,-0.15026833631484793,-0.21599999999999997,0.035591879778539504,0.016460905349794164,0.14121338912133896,0.040000000000000036,-0.05186089078706513,-0.18581560283687937,-0.037735849056603765,0.05509956942949423
2009-12-31,-0.03597415196978626,-0.0320687772925764,-0.08867187009036859,-0.06705664146097878,0.08087845935174598,0.06375801608777842,2.376271186440678,2.376271186440678,2.4375,2.34375,0.0,0.0,0.0,-1.4018862184362642,-0.09801884692438967,0.12273598977200084,-0.037368421052631606,0.006802721088435382,0.0796843177189408,0.08502024291497978,0.4042163153070577,0.03846153846153855,0.12129987129987119,0.027874564459930307,-0.019607843137254943,0.037492826627558484
2010-03-31,0.006370685859593328,-0.05376192490248599,0.0041650576488112545,0.01965132283223725,0.010494288734754997,-0.08143708401575078,-0.26706827309236947,-0.26706827309236947,-0.2727272727272727,-0.26168224299065423,-0.8483953534160268,6.70979020979021,-1.4747033104309806,1.5435276305828918,-0.27607765712405397,-0.022395141393053652,-0.10770913067249865,-0.07939189189189189,0.007073803348267127,-0.09328358208955223,-0.03916449086161877,0.04409171075837737,0.004017216642754784,-0.06610169491525408,-0.010000000000000009,-0.07202999201032512
2010-06-30,-0.01651785714285714,0.016389371740749947,-0.0395550061804697,-0.07236595425571801,0.026282214850727126,0.0390743550834598,0.6301369863013699,0.6301369863013699,0.6125,0.620253164556962,0.0,0.0,0.0,-0.8928571428571429,-0.040909090909090895,-0.008347893612890678,0.021446078431372362,0.04954128440366978,0.0269257785062047,-0.016460905349794275,0.05774456521739135,0.042229729729729826,0.043440983138039346,0.06533575317604345,-0.010101010101010055,0.09570170209947682
2010-09-30,0.1311847480708126,0.04031272904959682,0.16273416273416275,0.1285367825383994,0.07633018398806568,-0.035049288061336226,-0.39075630252100846,-0.39075630252100846,-0.3875968992248062,-0.390625,2.8701298701298703,-0.06349206349206349,0.736842105263158,-2.888888888888889,0.08056872037914697,-0.09122944400939692,0.08218356328734266,0.11188811188811187,0.07523939808481517,-0.11297071129707115,-0.13808606294155434,0.04051863857374394,-0.04847986852917008,0.13969335604770006,-0.030612244897959218,-0.07815522243713746
2010-12-31,-0.0017656500802568642,0.03193987787693753,-0.024351248308941087,-0.0168338108882522,0.04065604065604056,0.12637154748391977,0.8551724137931034,0.8551724137931034,0.8481012658227847,0.8589743589743588,0.9463087248322148,-0.5157384987893463,-3.0757575757575757,0.7647058823529411,0.13157894736842102,0.05881085738905645,0.054878048780487854,0.06603773584905648,0.040076335877862634,-0.018867924528301883,-0.06557377049180335,0.0389408099688473,0.04260218767990809,0.08520179372197312,-0.021052631578947323,0.049570519965904
2011-03-31,0.02315484804630974,0.07191624943104236,0.0031513929156687936,0.008743169398907069,0.05837957824639295,-0.07289217332885456,-0.5390334572490707,-0.5390334572490707,-0.5410958904109588,-0.5448275862068965,-0.9655172413793104,-0.84,-1.0291970802919708,-0.65,0.04069767441860472,0.1780264496439472,-0.07461902259590114,-0.05899705014749268,0.05606523955147802,0.13461538461538458,0.07416267942583743,0.03748125937031488,0.034511319712865696,-0.038567493112947604,-0.021505376344086002,0.06266008621228192
2011-06-30,0.029388653151029454,0.06539278131634818,0.0208595124403117,0.06897797038642106,0.043624161073825496,0.09565217391304337,0.35483870967741926,0.35483870967741926,0.3582089552238805,0.36363636363636354,0.0,0.0,0.0,1.0476190476190474,0.08007448789571692,-0.0031088082901554737,-0.13685406019307222,-0.12695924764890276,0.03687258687258699,-0.05508474576271183,0.027468448403860313,0.036127167630057855,0.013610888710968938,-0.11318051575931243,-0.01098901098901095,-0.003350970017636623
2011-09-30,0.15175572519083969,0.30470306895177357,0.3346873461349089,0.41081081081081083,-0.14690514469453375,-0.014219576719576743,-0.5357142857142857,-0.5357142857142857,-0.5384615384615385,-0.5333333333333334,11.4,10.3125,213.0,16.74418604651163,1.3155172413793101,-0.13045738045738053,-0.09078947368421053,-0.1400359066427289,-0.14783094395829455,-0.16143497757847525,-0.043352601156069315,0.03486750348675027,-0.25934702474986837,-0.1211631663974152,-0.022222222222222254,-0.07520792780038932
2011-12-31,-0.7566940615058324,-0.7308691003513059,-0.7254449875495712,-0.8002873563218391,-0.8365135453474676,-0.8262328077826233,-7.794871794871795,-7.794871794871795,-14.380952380952381,-14.380952380952381,0.0,0.0,0.0,-1.7667103538663171,-0.7431124348473567,-0.44381350866706515,-1.3154848046309695,-1.3006263048016702,-0.8402883985143107,-0.3475935828877006,-0.38519637462235645,2.427897574123989,-0.3281194454319233,0.0,-0.05681818181818188,0.3475570863630564
2012-03-31,0.021247616453282436,0.05505107832009082,0.016459523009741295,0.10911270983213428,0.0417867435158501,0.113899613899614,-1.0056603773584907,-1.0056603773584907,-1.0053380782918149,-1.0053380782918149,-0.9314516129032258,-0.9668508287292817,-0.991822429906542,-1.0324786324786326,0.05507246376811592,-0.5960952892710012,1.4243119266055047,1.1944444444444446,0.07113543091655283,1.5245901639344264,0.0,0.0017692156477295828,0.020634920634920784,0.0,-0.036144578313252906,-0.04875278080181744
2012-06-30,-0.01210989597225931,-0.01581495427649271,-0.004329147389292798,-0.0033513513513513393,-0.04467496542185334,-0.016464471403812797,4.6,4.6,5.0,5.0,4.094117647058823,0.3916666666666666,-3.1,-0.7052631578947368,0.015247252747252693,-0.10864745011086474,1.5742667928098393,1.0886075949367089,-0.04469987228607919,-0.1655844155844156,0.0,0.001766091051805363,-0.03317781233799888,0.0,-0.11250000000000004,-0.012489426282529803
2012-09-30,-0.10503294092234583,-0.06290992566681242,-0.15529888147631854,-0.1961167154789023,0.1142319386130013,-0.020440528634361188,3.345238095238095,3.345238095238095,3.3888888888888893,3.333333333333334,-0.184757505773672,-0.16766467065868262,0.20068027210884343,1.0446428571428572,0.030983628737653923,-0.027860696517413075,1.2337375964718853,0.8348484848484847,0.10962566844919786,0.015564202334630295,0.0,0.0017629774730656411,0.2450402144772117,0.0,-0.14084507042253513,0.1657260908999294
2012-12-31,0.021571230314366696,-0.10154564012831724,0.05418467583497044,0.08662798542706796,-0.08627858627858631,-0.05126821370750134,-0.5534246575342465,-0.5534246575342465,-0.5443037974683544,-0.5512820512820513,-0.012747875354107596,15.705035971223023,0.6912181303116147,-10.493449781659388,-0.2854330708661418,0.1069600818833163,-1.2859493254359986,-1.2923203963666392,-0.08192771084337358,0.0,0.0,0.0017598748533436126,-0.10551248923341949,0.0349264705882355,0.032786885245901676,-0.1732007780419278
2013-03-31,-0.0036915625646023464,0.01908595170085703,0.008833724700883394,0.04669067428287588,-0.057593856655290154,0.15320439893818727,-0.3496932515337423,-0.3619631901840491,-0.36111111111111105,-0.37142857142857133,-1.182209469153515,-0.8505598621877691,-0.8676716917922949,-0.7175712971481141,-0.11276400367309458,0.22977346278317157,0.1662830840046028,0.17796610169491522,-0.03280839895013121,0.3371647509578546,1.4385749385749387,0.0019519812609798404,-0.05440539239287434,0.12611012433392532,0.04761904761904767,-0.02634880803011297
2013-06-30,-0.002312070192079685,0.000509619059752886,-0.0004803073967338811,-0.0016609324949579118,-0.00995925758261662,0.0016441959881616786,0.21698113207547176,0.24038461538461542,0.26086956521739113,0.27272727272727293,-7.125984251968504,-1.031700288184438,4.468354430379747,-1.5635179153094463,0.07162078244669834,0.069172932330827,0.07597434632461764,0.08872901678657086,-0.013568521031207648,0.10601719197707715,-0.06347607052896731,0.0019481784531463209,-0.0076374745417515655,0.04416403785488954,0.030303030303030276,0.0021477663230240474
2013-09-30,0.12760710677996312,0.07697695148350947,-0.013307211769489569,0.024480095068330376,0.7087334247828074,0.040709126723571964,15.693798449612402,15.693798449612402,15.413793103448278,15.75,-0.8059125964010283,-78.45454545454545,-1.6226851851851851,-2.0722543352601157,-0.07166312536217889,0.15365682137834047,1.9752407152682259,2.2290748898678414,0.7001375515818433,0.16839378238341962,0.08284023668639051,0.0019443904335991746,0.5156490507952798,2.238670694864049,0.0,0.05127518216888127
2013-12-31,-0.014517956419782374,-0.01537097250960684,-0.05094968718390591,-0.03421876812434754,0.07126928909107133,0.018138801261829762,-0.9749245414441606,-0.9749245414441606,-0.9747899159663865,-0.9744136460554371,7.6158940397351,-0.17840375586854462,-2.2676579925650557,-1.719676549865229,0.05555555555555558,0.19963425784821687,-0.17367853290183388,-0.06616643929058674,0.06310679611650505,-0.29490022172948993,-0.6472925981122702,0.0019406171162430486,0.08700067704807046,-0.08815298507462688,0.02941176470588225,0.01951990214566024
2014-03-31,0.011630394096572294,0.02936055238667068,0.004263213989657677,0.0018015853951476313,0.02880932556203164,0.044926413632842666,1.9814814814814814,1.9814814814814814,1.9166666666666665,1.9166666666666665,-1.1045349730976173,-1.3785714285714286,-0.9002932551319648,-0.7078651685393258,0.015375517445298748,0.05106707317073167,-0.11562849682954124,-0.005843681519357213,0.02511415525114158,-0.009433962264151052,0.09718309859154939,0.002130544257214817,0.017128620367486747,-0.003069053708440017,0.0,0.027494501099780022
2014-06-30,0.007611597113936108,0.025198320111992523,0.0005109862033725321,0.006953602685529248,0.021932664292651394,-0.017049666419570064,0.18944099378881996,0.18944099378881996,0.19999999999999996,0.17142857142857149,-7.867647058823529,-3.230188679245283,5.411764705882353,0.6153846153846154,0.024461269656377294,0.08436064781242458,-0.10396457191058628,-0.005878030859661987,0.023014105419450592,0.05714285714285716,0.05905006418485237,0.00212601468882867,0.014084507042253502,0.0035915854284249704,-0.014285714285714346,0.018098666926145812
2014-09-30,-0.02775081967213111,-0.0273099681383705,-0.05515832482124616,-0.029289201095368478,0.02708481824661435,-0.008898944193061809,1.0966057441253265,1.0966057441253265,1.0952380952380953,1.0975609756097562,-0.49678800856531047,-1.0016920473773265,0.775229357798165,-1.4047619047619047,-0.009664582148948275,0.051493535443602356,-0.6954577547658273,-0.6821877309682188,0.027576197387518153,0.027027027027026973,0.02666666666666684,0.002121504339440694,0.056461352657004804,-0.6871165644171779,0.01449275362318847,0.002054859982796531
2014-12-31,-0.02028758734184044,-0.042934019653720124,0.0025779625779625004,-0.04893904084386114,-0.06322769681548313,0.0044133313042153954,-0.5803237858032378,-0.5803237858032378,-0.5795454545454546,-0.5697674418604651,1.3872340425531915,179.0,0.36175710594315236,-13.03921568627451,0.11748947569843082,-0.12995548017807934,0.1383307573415764,0.14883720930232558,-0.057203389830508544,-0.15204678362573099,1.7851239669421486,0.0021170130869900827,-0.04401257502143463,0.13562091503267992,0.014285714285714235,0.0062950069149696475
2015-03-31,-0.016219193170866064,0.00152793057083489,0.01940942269409418,0.07621872581893219,-0.08692073421680802,-0.10803030303030303,0.24925816023738867,0.24925816023738867,0.2432432432432432,0.2432432432432432,-0.9295900178253119,-3.2222222222222223,-1.6451612903225805,-1.2263843648208468,-0.023801369863013733,-0.046539961013645104,0.08078750848608296,0.06882591093117418,-0.06816479400749065,0.010344827586207028,-0.16659601526070367,0.0023045899750335774,-0.07174887892376691,0.08920863309352511,-0.014084507042253502,-0.06938059807592056
2015-06-30,0.0008677153893523748,-0.0032342710685299147,-0.061065907241659834,-0.022168963451168366,0.13801496439195882,0.06709699337523367,2.380047505938242,2.380047505938242,2.4565217391304346,2.4347826086956523,9.037974683544304,1.505,-2.576470588235294,4.23021582733813,-0.1275214874583407,0.06005622284692036,0.535175879396985,0.5606060606060606,0.135048231511254,0.13651877133105805,0.004577822990844416,0.002107683464265264,0.13687600644122377,0.5561426684280053,0.0,0.01935122472882833
2015-09-30,-0.027239421651704565,-0.03814130035508756,-0.08514233718965292,-0.12107843137254903,0.07992712294043103,-0.04186564788283986,-0.08151791988756152,-0.08151791988756152,-0.08176100628930827,-0.08227848101265833,-0.2534678436317781,-1.2874251497005988,0.3171641791044777,-1.1031636863823935,0.015078407720144682,-0.09257473481195744,0.1534369885433715,0.18810679611650483,0.0786118980169972,-0.19819819819819828,-0.41721518987341777,0.002294455066921719,0.11019830028328625,0.19439728353140917,0.0,0.09436978568217014
2015-12-31,0.07052295661673802,-0.046718859397874124,0.11688926778440845,0.3289180145008366,-0.0008802171202230147,0.1078252201362353,-0.7192042846212701,-0.7192042846212701,-0.7123287671232876,-0.7241379310344828,0.0,0.0,0.0,-12.893333333333333,-0.17666864725688258,-0.027364505844845954,-0.020574671869457162,0.0020429009193054792,-0.0006565988181220783,-0.101123595505618,-0.17636837532580363,0.0022892025944296623,-0.06659862209747391,0.005685856432125158,-0.014285714285714346,-0.28266228430566964
2016-03-31,0.02298850574712641,0.04573679642117923,0.011915868034941823,0.0009442870632672129,0.04353571690771596,-0.08653269346130776,0.019073569482288777,0.019073569482288777,0.0,0.02499999999999991,-0.777027027027027,-1.8611111111111112,-1.2393767705382437,-1.1704035874439462,0.036564830406543125,-0.06992624965856331,-0.0702643969576241,-0.02956167176350666,0.036793692509855314,-0.06666666666666654,-0.0770042194092827,0.0024743052912068464,0.019956260251503544,-0.021201413427561655,0.0,0.044737177039582576
2016-06-30,-0.015462564317966998,-0.024517941514493713,-0.022126304320496115,-0.039517819706498925,-0.004361896721542191,0.02807420784764414,-0.12299465240641716,-0.12299465240641716,-0.1428571428571429,-0.12195121951219512,3.924242424242424,-2.129032258064516,-6.011834319526627,-0.8421052631578947,0.005569737758180482,0.028193832599118895,-0.33424230619400075,-0.32352941176470595,0.0006337135614702394,-0.008928571428571397,0.04228571428571426,0.002278336814125703,0.011525060305548118,-0.31480144404332133,-0.014492753623188248,0.0156545044770664
2016-09-30,-0.008719302455803546,-0.007854431208273338,-0.031540604242554116,0.024664411219033067,0.028829847371396378,-0.07106355796870012,1.7469512195121952,1.7469512195121952,1.8055555555555558,1.7777777777777777,0.13538461538461544,-1.9178571428571427,-0.8748524203069658,16.708333333333332,0.09808446803600268,-0.042559268780348325,-0.18431831480397898,-0.18478260869565222,0.045598480050665025,-0.04504504504504503,0.4024122807017545,0.0022731577950367843,0.03789083200847898,-0.1643835616438356,-0.02941176470588236,-0.03178601415377236
2016-12-31,-0.03117602754465243,-0.07520781105686769,-0.03832027965839191,-0.07743103631909687,-0.018956043956044,0.011517964586556628,-0.7136514983351832,-0.7136514983351832,-0.7029702970297029,-0.7,0.3644986449864498,0.24124513618677046,4.990566037735849,-1.3552941176470588,-0.03173602353930227,0.1267899761336515,-0.06671449067431856,-0.04761904761904756,-0.021199273167777144,0.08018867924528306,0.3612197028928852,0.0022680022680023892,0.012509573653306072,-0.023959646910466592,-0.015151515151515138,0.0024157581764123748
2017-03-31,0.019074326012716192,-0.016336139249536363,0.0023466617586158645,0.02262756869083349,0.04340520862503494,0.06356220258327672,0.7829457364341086,0.7829457364341086,0.7333333333333334,0.7333333333333334,-0.7388282025819265,3.7053291536050157,-1.058267716535433,6.430463576158941,-0.24354243542435428,0.09240137675403748,0.03382013835511155,0.05599999999999983,0.03960396039603964,0.11353711790392995,0.1447443997702469,0.002451442579671781,0.02395360564800808,0.03875968992248069,0.01538461538461533,-0.038064635728851326
2017-06-30,0.016401482127288647,0.018347958517658913,0.002846125596768223,0.008015353352901267,0.03623188405797095,0.008149568552253017,0.03913043478260869,0.03913043478260869,0.03846153846153855,0.03846153846153855,1.4904942965779466,-0.9040639573617588,-14.945945945945946,-1.0606060606060606,0.019512195121951237,-0.03465826466311195,0.053531598513010925,0.07954545454545459,0.044642857142857206,-0.07058823529411751,-0.08329152032112397,0.0024454477050415147,0.01945333661659676,0.07462686567164178,0.0,0.010213914048949668
2017-09-30,0.0186297110384388,0.04344110525566158,-0.017257163782843588,0.03639825288386156,0.06941206941206945,0.022349025202092143,0.8179916317991631,0.8179916317991631,0.8333333333333333,0.8148148148148147,0.30381679389312977,0.7222222222222223,-0.46899224806201545,4.926470588235294,0.11342527441598649,0.04946020587496869,-0.0465772759350741,-0.021052631578947323,0.06951566951566934,0.00421940928270037,-0.030651340996168508,0.0024394820791893146,0.0497584541062801,-0.0405092592592593,0.015151515151515138,0.006804018822332392
2017-12-31,-0.02628878187416117,0.00921375921375911,-0.02072756066887138,-0.028095958504430474,-0.03360377815451687,0.059844961240310024,-1.773302646720368,-1.773302646720368,-1.7676767676767677,-1.7755102040816326,-0.20608899297423888,0.36693548387096775,0.35766423357664223,-1.1439205955334988,-0.014661274014155734,0.1822966507177035,-0.464840858623242,-0.45340501792114696,-0.03569525839104948,0.10504201680672276,0.1925465838509317,0.0024335454885808794,-0.007363092498849477,-0.47044632086851623,0.02985074626865658,0.038400808438072254
2018-03-31,0.04629479487595267,0.08067897477514041,0.05165525114155245,0.12197020235712697,0.03915794749702406,0.008338209479227698,-2.505952380952381,-2.505952380952381,-2.513157894736842,-2.5,-0.39233038348082594,-0.16814159292035402,-1.7446236559139785,-9.431034482758621,0.12852744997434584,0.06556050182112494,0.44674965421853385,0.46557377049180326,0.048618784530386705,0.10646387832699622,0.9479166666666665,0.00242763772175536,-0.006954102920723182,0.4510250569476082,0.01449275362318847,-0.036798248281734725
2018-06-30,-0.018545783288131168,-0.012140175219023774,-0.04233378561736767,-0.06887325339411354,0.013083323284697856,0.010880603510807996,-0.31126482213438733,-0.31126482213438733,-0.30434782608695643,-0.3070175438596491,0.8616504854368932,-0.3900709219858156,-2.1480144404332133,-0.7770961145194274,0.022050466015003378,-0.025066464109380848,0.10707456978967489,0.12527964205816566,0.010537407797681642,-0.07216494845360821,-0.34321827904715607,0.002608047690014992,0.03221288515406151,0.1020408163265305,0.028571428571428692,0.060937105329628816
2018-09-30,0.01184304024001892,0.03376409476751552,-0.02857277793520352,-0.04459344401873133,0.06266738082485279,-0.023249138920780732,0.5911047345767575,0.5911047345767575,0.5874999999999999,0.5822784810126582,0.6531942633637549,-2.412790697674419,1.2672955974842766,5.990825688073395,0.16948398576512447,0.1131671211530969,0.10276338514680483,0.12127236580516909,0.06256517205422307,0.10370370370370363,-0.016284233900814238,0.0024154589371980784,0.05020352781546822,0.11111111111111116,0.0,0.08201892744479511
2018-12-31,0.0005462064660441968,0.008088730927140242,-0.017015897710146333,-0.028517322045226723,0.020609318996415826,-0.0032324419629738976,-0.5320108205590622,-0.5320108205590622,-0.5354330708661418,-0.544,-0.030757097791798138,-2.2839506172839505,-0.27045769764216365,-0.5380577427821522,0.06922784328642062,-0.06579177602799646,0.5043069694596709,0.5407801418439717,0.0230618253189403,-0.12080536912751672,-0.17005267118133938,0.00240963855421672,0.020025839793281763,0.558974358974359,-0.01388888888888895,0.0376808405302822
2019-03-31,0.023474056358531836,0.020545863473345083,0.021712250853157977,-0.013301226923517984,0.02535118525021951,0.02520636792452824,0.37379576107899815,0.37379576107899815,0.3728813559322035,0.4035087719298247,-0.6574450772986168,-0.07692307692307687,-0.6007604562737643,-1.2102272727272727,-0.013162575595873305,0.005057126802771927,-0.11608537220197812,-0.0932105868814731,0.020623501199040772,-0.019083969465648942,-0.3513145965548503,0.0027736686390531506,0.0018999366687777464,-0.0921052631578948,0.0,0.034298134011874426
2019-06-30,0.02649158009702579,0.013997260110786724,0.01849162552037953,0.03707147007553746,0.03564165685539966,0.03508267433501078,-0.06311360448807857,-0.06311360448807857,-0.06172839506172845,-0.0625,0.4299287410926367,2.59375,-2.019047619047619,1.9729729729729728,-0.03893294881038212,0.14349608647036916,-0.043580683156654976,-0.025380710659898553,0.03336466165413521,0.12062256809338523,0.25716282320055894,0.002581596902083705,0.008849557522123908,-0.017210144927536253,0.0,-0.02224386243657428
