Quarter end,Assets,Current Assets,Liabilities,Current Liabilities,Shareholders equity,Revenue,Earnings,Earnings available for common stockholders,EPS basic,EPS diluted,Cash from operating activities,Cash from investing activities,Cash from financing activities,Cash change during period,Cash at end of period,Price,ROE,ROA,Book value of equity per share,P/B ratio,P/E ratio,Cumulative dividends per share,Equity to assets ratio,Net margin,Asset turnover,Current ratio
1994-12-31,0.07203900936738106,0.09596981462240928,0.09301718674272075,0.16911994989038526,0.025695931477516032,0.10384366925064592,-0.21601941747572817,-0.22680412371134018,-0.231578947368421,-0.22222222222222232,-0.9500657030223391,0.23127340823970033,1.1568228105906315,-2.1847826086956523,-0.14437086092715234,0.022964509394572064,-0.00958247775496246,0.026315789473684292,0.023569023569023573,0.08484848484848495,0.0689424364123159,1.0570840833119055,-0.04332477535301671,-0.022522522522522515,0.0,-0.06251091321808966
1995-03-31,0.07203900936738106,0.09596981462240928,0.09301718674272075,0.16911994989038526,0.025695931477516032,0.10384366925064592,-0.21601941747572817,-0.22680412371134018,-0.231578947368421,-0.22222222222222232,-0.9500657030223391,0.23127340823970033,1.1568228105906315,-2.1847826086956523,-0.14437086092715234,0.022964509394572064,-0.00958247775496246,0.026315789473684292,0.023569023569023573,0.08484848484848495,0.0689424364123159,1.0570840833119055,-0.04332477535301671,-0.022522522522522515,0.0,-0.06251091321808966
1995-06-30,0.029996169683041307,0.02409939127831562,0.024387748141073695,0.029895526386284565,0.043198972217761256,0.06359424530602298,0.7120743034055728,0.7633333333333334,0.7534246575342467,0.7285714285714286,38.5,-0.11863117870722428,-1.489140698772427,-0.19266055045871555,-0.13622291021671828,0.10816326530612241,-0.00958247775496246,0.026315789473684292,0.03947368421052633,0.08484848484848495,0.0689424364123159,0.5,0.01308285810130827,-0.022522522522522515,0.0,-0.005680759918048062
1995-09-30,0.00427658338175485,0.005554202192448177,-0.007525055771984146,-0.006658690110804777,0.03155788177339902,0.027694988307579438,0.21157323688969254,0.2230623818525519,0.2265625,0.20661157024793386,-0.06595602931379085,-0.15616911130284727,-0.021235521235521193,-0.5284090909090908,-0.06989247311827962,0.12338858195211788,-0.00958247775496246,0.026315789473684292,0.028481012658227778,0.07821229050279332,0.0689424364123159,0.3333333333333335,0.02715231788079464,-0.022522522522522515,0.0,0.012363023321157574
1995-12-31,0.13045893216690962,0.15722660981636705,0.17620022142449754,0.14935847080387532,0.02872705566333389,-0.024539329853210168,-0.29850746268656714,-0.31066460587326117,-0.3184713375796179,-0.3013698630136986,-0.6847360912981455,1.112474437627812,-4.378698224852071,-2.072289156626506,0.08574181117533719,0.04262295081967227,-0.00958247775496246,0.026315789473684292,0.027692307692307683,0.015544041450777257,0.0689424364123159,0.25,-0.08994197292069628,-0.022522522522522515,0.0,0.006846146729577285
1996-03-31,0.013450436064365467,0.042873890470607856,0.01029692803559712,0.01872693306602269,0.021469500253862295,0.11622375703242915,-0.225531914893617,-0.23542600896860988,-0.23364485981308425,-0.23529411764705876,1.4841628959276019,-0.5484027105517909,-1.0239346176298891,0.3932584269662922,0.11002661934338942,0.09905660377358494,-0.00958247775496246,0.026315789473684292,0.014970059880239583,0.06632653061224492,0.0689424364123159,0.19999999999999996,0.007793127878143791,-0.022522522522522515,0.0,0.023706698520628455
1996-06-30,0.030018382724279258,0.06174722980568492,0.03348390739695084,0.0547455049646659,0.02130227934388973,0.10867070971971815,0.9038461538461537,0.9618768328445748,0.9512195121951221,0.9358974358974359,0.663023679417122,-0.08681672025723475,13.195121951219512,2.161290322580645,0.3133493205435651,0.012875536480686733,0.04422944022114739,0.026315789473684292,0.020648967551622377,0.0,-0.005635566687539173,0.16666666666666674,-0.008435852372583375,0.013824884792626557,0.015306122448979664,0.006552374113634185
1996-09-30,0.0046480613465649245,-0.01932239280042347,-0.012511610118559835,-0.02374692562123648,0.04832093443648744,-0.010533707865168496,0.18326118326118324,0.18983557548579966,0.18749999999999978,0.185430463576159,-0.2825848849945235,0.4342723004694835,-0.8402061855670103,-1.0127551020408163,-0.001217285453438799,-0.021186440677966156,0.0397088021178027,0.026315789473684292,0.046242774566473965,-0.04306220095693769,-0.08249370277078083,0.1428571428571428,0.043247075505139954,0.022727272727272707,0.005025125628140614,0.004547886570358539
1996-12-31,0.29123882403466994,0.18974358974358974,0.3996348345689942,0.6084614716358265,0.03137020825043102,0.0314519442680512,-0.3524390243902439,-0.36180904522613067,-0.35789473684210527,-0.35754189944134085,-1.1900763358778625,9.034369885433716,-132.752688172043,50.6,-0.1505179768433882,0.0,-0.003182686187141903,-0.05555555555555547,0.03038674033149169,-0.04500000000000004,-0.06451612903225801,0.125,-0.20115528372409108,-0.026666666666666616,-0.030000000000000027,-0.2602751886373724
1997-03-31,-0.07896288457177414,-0.14661654135338342,-0.10811558682847766,-0.11795841209829871,0.01588322294386213,-0.006410024263933667,0.28248587570621475,0.2913385826771653,-0.3688524590163934,-0.3565217391304347,-7.807228915662651,-1.3816669385092155,-1.4899208357137028,-2.441860465116279,0.266857962697274,0.12842712842712856,0.10408684546615588,0.07466063348416285,0.008042895442359255,0.09947643979057608,0.09977989728539982,0.11111111111111116,0.10293492131008075,0.10045662100456632,-0.020618556701030966,-0.032521300852034085
1997-06-30,-0.003167985292669262,-0.011051192465441284,-0.015911709954791187,-0.04932337272671605,0.033232054690467194,0.04946056276425126,0.09251101321585908,0.09908536585365857,0.10389610389610393,0.09459459459459474,0.7309734513274335,-1.2553418803418803,-0.7501249375312344,-0.3575268817204301,0.13533408833522076,0.0843989769820972,-0.011567379988432602,-0.021052631578947434,0.03457446808510656,0.07619047619047614,-0.043362241494329545,0.125,0.03663709988430397,0.004149377593360981,-0.02631578947368407,0.04031257752418749
1997-09-30,-0.004001383194190633,-0.028723935332744532,-0.01799306400036027,-0.04263952851760011,0.03406236598664458,-0.04101691383322337,0.2486559139784945,0.2552011095700417,0.24705882352941178,0.2222222222222221,-0.4175187457396047,0.13723849372384933,-0.22399999999999998,-4.405857740585774,-0.44239401496259356,-0.06839622641509435,0.011702750146284302,0.0,0.028277634961439535,-0.10176991150442483,-0.0850767085076709,0.0888888888888888,0.03831845238095255,0.03305785123966953,-0.027027027027027084,0.014427089543340932
1997-12-31,0.0595013722183646,0.1401968924208279,0.06870456578072326,0.048205335217142764,0.035724865217133805,0.10687382297551795,-0.29709364908503766,-0.30386740331491713,-0.2924528301886793,-0.29292929292929293,-0.6553540081919251,-0.35908756438557765,-2.4132302405498285,-2.6744471744471747,1.2191413237924866,0.14556962025316467,0.01330248698669756,0.05161290322580636,0.03499999999999992,0.11330049261083741,0.1105182926829269,0.10204081632653073,-0.022572554639914144,0.019999999999999796,0.03333333333333344,0.08779971791255292
1998-03-31,-0.005133806663025653,-0.02045840701827384,-0.013775937171426778,-0.02008985879332481,0.017904129962246884,-0.01603245754670679,-0.19601837672281774,-0.2047619047619048,-0.21333333333333337,-0.19999999999999984,1.558573853989813,0.4420206659012629,-1.6778115501519757,-1.6338958180484227,-0.34824667472793225,0.15580110497237576,-0.08105022831050224,-0.0633946830265848,0.012077294685990614,0.11946902654867264,0.11118737131091283,0.07407407407407396,0.02309384164222883,-0.07450980392156858,0.010752688172043001,-0.00032414910858991064
1998-06-30,0.0015527950310558758,-0.005699316789974818,-0.012336546202214915,-0.022237505731315887,0.03742624332677713,0.06058590762477967,0.598095238095238,0.6267465069860279,0.6440677966101696,0.607142857142857,0.48374253483742535,-0.21496815286624205,0.32376681614349767,-0.7384259259259259,-0.13976499690785404,0.1013384321223707,0.0031055900621117516,0.01965065502183405,0.038186157517899666,0.0869565217391306,0.1661519456454601,0.0862068965517242,0.03582945180938735,0.004237288135593209,0.015957446808510634,0.016861219195849486
1998-09-30,0.24377104377104386,0.2119766448305327,0.3219147905009472,0.4364093116730865,0.051622338984887106,0.04521084809531284,0.6209773539928487,0.6392638036809817,0.6185567010309279,0.6333333333333333,-0.4405187835420393,3.983772819472617,-3.486449864498645,-1.0309734513274336,-0.03666427030913011,-0.13020833333333337,0.11145510835913308,0.06638115631691655,0.05057471264367841,-0.1636363636363637,-0.15519067796610164,0.07936507936507953,-0.1546177793151159,0.10126582278481022,-0.02617801047120405,-0.15625
1998-12-31,0.09764419989675277,0.14576111861817753,0.10625427033512747,0.14723439977614028,0.07103121458741124,0.16180220175780669,-0.4139705882352941,-0.42140718562874246,-0.42038216560509556,-0.41496598639455784,1.3964828137490009,-0.477004477004477,-0.5847411444141689,277.85714285714283,1.4567164179104477,0.010978043912175828,-0.0016713091922004875,-0.0381526104417671,0.06783369803063444,-0.03478260869565197,-0.1228840125391849,0.0588235294117645,-0.024140752864157178,-0.019157088122605415,-0.021505376344086002,-0.0012597631645250296
1999-03-31,-0.039632467651647296,-0.07755614808737565,-0.06120542910082405,-0.15195739664213992,0.029240609820612606,0.0018589760140454992,0.23337515683814303,0.2406209573091851,0.24175824175824157,0.2209302325581397,0.05970647098065385,-1.649805447470817,-4.576771653543307,-1.3094262295081966,-0.18347509113001215,0.2092793682132279,0.08258928571428581,0.05845511482254695,0.026639344262294973,0.1306306306306304,0.15868477483917087,0.06944444444444442,0.07169811320754715,0.0625,0.0,0.08779011099899114
1999-06-30,-0.008540270660885585,0.013785819505822916,-0.022753530166880642,-0.026844350702267428,0.03284893229288355,0.08007112852099074,0.1302136317395728,0.13242961418143895,0.1238938053097347,0.1333333333333333,-0.2477179729304375,-1.2976047904191617,-0.6156668501192442,-0.6655629139072847,-0.07514880952380953,0.12408163265306116,0.02319587628865971,0.005917159763313418,0.031936127744510934,0.09561752988047822,-0.004935225169648505,0.06493506493506485,0.04186228482003118,0.0,0.005494505494505475,0.04174397031539878
1999-09-30,0.037780401416765086,0.055106237148732085,0.04170634790318872,0.05083493423969254,0.026963445530220786,0.0009544261512766106,0.17461746174617465,0.149171270718232,0.15748031496062986,0.15966386554621836,-0.3497907949790795,1.8088531187122738,-1.0701670644391408,-2.50990099009901,0.11102172164119062,0.0036310820624547713,-0.0584382871536524,-0.03137254901960784,0.025145067698259194,-0.029090909090909167,-0.060136391816491,0.060975609756097615,-0.010514457378895892,-0.07352941176470584,0.0382513661202184,0.004007123775601196
1999-12-31,0.020791251654245224,0.036195920488502065,0.01415466095015927,0.021094079594993653,0.03933920704845817,0.02939213349225267,-0.24137931034482762,-0.22596153846153844,-0.23129251700680276,-0.2318840579710144,-0.1795366795366795,-0.09598853868194845,1.6122448979591835,0.3016393442622951,0.14373642288196953,-0.13531114327062232,0.014981273408239737,0.04251012145748989,0.039622641509434064,-0.1573033707865168,-0.11807387862796836,0.06896551724137945,0.01821631878557861,0.01984126984126977,0.026315789473684292,0.014745011086474413
2000-03-31,-0.0013078139037676628,0.015096042930939468,-0.008439539944047225,-0.005026855804985519,0.018140974017717193,0.00926290438366939,-0.10303030303030303,-0.10559006211180122,-0.10619469026548667,-0.10377358490566047,0.6564705882352941,0.1450079239302695,-4.604166666666666,-2.8060453400503778,-0.22697056030389362,-0.07949790794979072,-0.05007907221929364,-0.03300970873786413,0.014519056261343088,-0.11111111111111116,-0.11817501869857894,0.06451612903225801,0.019381289601192897,-0.05058365758754857,0.01538461538461533,0.02032120616191402
2000-06-30,-0.02153317087613016,-0.035400197628458474,-0.03755662491966705,-0.054651994371006096,0.021023271304275504,0.0071128651079548355,0.5022522522522523,0.5150462962962963,0.5148514851485149,0.5263157894736843,0.5184659090909092,-0.6622837370242214,1.03757225433526,-0.8591352859135286,-0.04135954135954134,0.042727272727272725,0.02663706992230863,0.04216867469879526,0.019677996422182487,0.02499999999999991,0.06530958439355405,0.05050505050505061,0.043510054844606794,0.040983606557376984,0.005050505050504972,0.020344790662811807
2000-09-30,0.09721042280074954,0.09539785386841504,0.11592645070927188,0.10059056078871587,0.050354725597325345,-0.0684847242157064,0.13343328335832094,0.13598166539343004,0.130718954248366,0.12413793103448278,-0.7302775179295291,3.725409836065574,-1.7152482269503546,-6.702970297029703,0.1772746689448954,-0.09241499564080213,0.021621621621621623,0.023121387283236983,0.047368421052631504,-0.10731707317073158,-0.14171974522293007,0.05769230769230771,-0.04274702172389622,0.06299212598425208,-0.03015075376884424,-0.004722426277678604
2000-12-31,0.012134068731438186,-0.009281773122603587,-0.029801952743034765,0.01733924611973392,0.02810449904895007,0.08944163181451326,-0.3220899470899471,-0.32750504371217215,-0.32947976878612717,-0.32515337423312873,0.9710982658959537,-0.0711188204683435,-0.3886960832920179,0.3819444444444444,0.2888243831640058,0.020172910662824117,-0.021693121693121653,-0.013182674199623379,0.028475711892797406,-0.02732240437158473,-0.029684601113172393,0.05454545454545445,0.016105417276720324,0.0,-0.015544041450777257,-0.026149304091100833
2001-03-31,0.004988262910798014,0.01779351032448373,0.03328970922273866,-0.05110936750795514,0.02737398527468371,0.03304597701149414,-0.19024390243902434,-0.19099999999999995,-0.18965517241379304,-0.19090909090909092,0.22521994134897372,-0.30532212885154064,-2.1565287915652878,-2.0364321608040203,-0.2322635135135135,0.1487758945386064,-0.04218496484586265,-0.03435114503816794,0.01791530944625408,0.1179775280898876,0.13957934990439758,0.051724137931034475,0.021974063400576282,-0.025925925925925908,-0.0052631578947368585,0.07254222607189265
2001-06-30,0.014556830031282608,-0.0019476454357856277,0.007977871597030228,0.005627397386131383,0.03116501286291795,0.026186543810848395,0.6445783132530121,0.661310259579728,0.6382978723404256,0.6292134831460674,1.0631881282910483,1.0705645161290325,-0.3211781206171108,-1.3163636363636364,0.09570957095709565,0.12295081967213117,-0.02540937323546022,-0.02371541501976282,0.025600000000000067,0.10050251256281406,0.1367449664429532,0.049180327868852514,0.016566795911173715,-0.011406844106463976,-0.01058201058201047,-0.0074702200686453946
2001-09-30,0.018695527051471705,0.05563944709025437,0.0003321875270805297,0.046023479968936964,0.06401026445220603,-0.015459223650494458,0.14505494505494498,0.1473214285714286,0.1428571428571428,0.14482758620689662,-0.622737819025522,-0.7101590392729633,-1.1952479338842976,2.532567049808429,0.25368139223560915,-0.00583941605839422,-0.024913093858632718,-0.002024291497975783,0.060842433697347875,-0.031963470319634646,-0.005904059040590437,0.0546875,0.044382801664355265,-0.019230769230769273,0.016042780748662944,0.009153783563873086
2001-12-31,0.059355294355042165,0.012015845070422637,0.07478956411255977,-0.0013101294844640732,0.023547933275273047,0.03626508356456082,-0.23288547664747283,-0.2360570687418937,-0.23295454545454541,-0.2349397590361445,-0.3388683886838868,6.696528555431131,23.666666666666668,-2.2321041214750545,-0.3032568072610785,0.07415565345080766,0.0011883541295305555,0.012170385395537497,0.02205882352941191,0.014150943396226356,0.06755753526354868,0.04444444444444429,-0.03386454183266929,0.015686274509803866,-0.0052631578947368585,0.01330376940133049
2002-03-31,-0.010266862225947193,0.00017396598964891652,-0.025039964535672588,-0.03117825830290577,0.025722420394672207,-0.0014944890715486991,-0.042535446205171024,-0.041595925297113756,-0.059259259259259345,-0.047244094488189003,1.0083720930232558,-0.8370435035646734,-1.3191763191763193,-0.6047535211267605,-0.17203065134099615,0.1449077238550922,0.02908011869436189,0.044088176352705455,0.014388489208633004,0.12093023255813962,0.1084840055632823,0.049645390070921946,0.03642611683848784,0.05405405405405417,-0.01058201058201047,0.03242490551024457
2002-06-30,0.050250192455735254,0.05165891203200412,0.04291993331220634,0.04931055494121095,0.06722394154994737,0.0928177944080657,0.5270034843205575,0.5358724534986714,0.5433070866141732,0.5289256198347108,0.49837887911069934,0.6375,0.0040322580645162365,-0.7928730512249443,-0.04303563165201296,0.005970149253731405,0.028835063437139485,0.042226487523992384,0.06666666666666665,-0.008298755186721962,-0.052070263488080304,0.04054054054054057,0.016246684350132767,0.04761904761904767,0.0,0.0022157996146434655
2002-09-30,0.023006725183705612,0.02257597684515189,0.012735824129366469,0.03368031658637305,0.04624813153961127,-0.00738063534335176,0.08670849971477468,0.08823529411764697,0.08163265306122458,0.08648648648648627,0.057496136012364696,-0.460741548527808,0.20481927710843384,-7.795698924731183,0.2669245647969052,-0.05519287833827902,0.019618834080717518,0.02946593001841613,0.0438829787234043,-0.11297071129707115,-0.11780277961614816,0.045454545454545414,0.022512234910277318,0.03146853146853146,0.0,-0.010766125156205009
2002-12-31,0.05469624640627657,0.041425740972868,0.058273324984345676,0.14206649744080568,0.04686115952795955,-0.006688130006515691,-0.2629921259842519,-0.2649708532061473,-0.26415094339622647,-0.2636815920398009,-0.9587839812920199,1.8665318503538928,-2.9944444444444445,0.4177215189873418,0.34198473282442743,-0.035175879396984966,-0.010995052226498103,0.003577817531305927,0.04585987261146518,-0.07547169811320764,-0.08852213053263314,0.04347826086956519,-0.007338864071474216,0.016949152542372836,-0.010695187165775444,-0.0881352638227576
2003-03-31,0.021560801630434723,0.01807380947758741,0.013744560728769839,0.007451266168700954,0.03886781122908545,0.061698145968784424,-0.05840455840455838,-0.06056236481614996,-0.06410256410256421,-0.05405405405405406,15.191489361702128,-0.5040564373897707,-1.449025069637883,-1.8203125,-0.20904436860068254,0.01106770833333326,-0.01945525291828798,-0.007130124777183555,0.03654080389768555,-0.0357142857142857,-0.02139917695473248,0.04166666666666674,0.01703632272581168,-0.006666666666666599,-0.005405405405405461,0.01054987212276215
2003-06-30,0.07236136626239609,0.07164105106593954,0.0676208078990248,0.12018300511763313,0.08260424056120441,0.08300775926296078,0.43721633888048417,0.44435917114351486,0.4452054794520548,0.4285714285714286,-0.49934296977660975,0.3435277382645803,-1.3114143920595533,-0.6680272108843537,-0.08773822366055373,0.0341274951706374,-0.02947845804988669,-0.019748653500897606,0.07873090481786127,0.0,0.005046257359125228,0.040000000000000036,0.009481668773704266,-0.010067114093959773,-0.005434782608695676,-0.04334071496361913
2003-09-30,0.017588601903816947,7.117564369463203e-05,0.009806489823346531,-0.09853902655581559,0.0341706103628201,0.006677964395375824,0.1594736842105262,0.16099893730074388,0.15165876777251208,0.15999999999999992,2.606299212598425,0.872948650079407,-4.691235059760956,4.200819672131147,-0.4635396137169886,0.15068493150684947,-0.004088785046728827,0.00366300366300365,0.025054466230936878,0.06349206349206349,0.12552301255230125,0.0439560439560438,0.016280525986224204,0.01016949152542379,-0.005464480874316946,0.10945767195767186
2003-12-31,0.04140988626754938,0.023094852587940196,0.025186104218362315,0.026396375423076268,0.07516485579517984,0.06406987016017474,-0.25329096686336816,-0.2553775743707094,-0.6296296296296297,-0.6293103448275862,-0.39835031538088306,-0.328151498021481,-1.8429573664328116,-2.3120567375886525,1.2233651726671564,0.14123376623376616,-0.02111436950146639,-0.0018248175182482562,0.029755579171094615,0.11442786069651767,0.09219330855018582,0.047368421052631726,0.032347504621072165,-0.016778523489932917,0.01098901098901095,-0.003278688524590012
2004-03-31,0.03272644814898795,0.04387749778264727,0.02857205725413392,0.044421181191660164,0.04096822070892259,0.036966839491862524,-0.04133738601823711,-0.03073140749846348,-0.07777777777777783,-0.04651162790697683,0.42661290322580636,0.11274716028607479,-2.059539052496799,-1.4576576576576576,-0.2518175809649703,0.121384542437174,-0.017375674056321122,-0.005484460694698434,0.03302373581011353,0.08928571428571419,0.08509189925119132,0.045226130653266416,0.008057296329453845,-0.0068259385665528916,0.010869565217391353,-0.0004984051036683868
2004-06-30,-0.010334105380959469,-0.014994002399040363,-0.03146860626805004,-0.035331852124087515,0.03109470991550123,0.02601169166628914,0.40963855421686746,0.40963855421686746,0.40963855421686746,0.4024390243902438,0.2603165630299604,-0.22003780718336485,1.0858006042296071,0.3858267716535433,-0.4664310954063604,-0.07441860465116268,0.0018292682926828174,0.023897058823529438,0.029970029970030065,-0.10245901639344257,-0.10351317440401508,0.03846153846153855,0.04203670811130866,0.013745704467353903,0.010752688172043001,0.021142914131844215
2004-09-30,0.08004351435687496,0.07854678303227125,0.09163095816583477,0.14321338274512518,0.05870749959329746,-0.005211783931805103,0.22807017543859653,0.22807017543859653,0.22222222222222232,0.20869565217391295,-0.012558869701726816,1.9161415414444982,-1.5921205098493627,-1.4081439393939394,0.4031456953642385,-0.007309273640931924,0.01947656725502145,0.03231597845601453,0.058195926285159905,-0.0365296803652968,-0.04478656403079073,0.04629629629629606,-0.019886363636363757,0.04067796610169494,-0.005319148936170137,-0.05664615685125507
2004-12-31,0.017494102367004993,0.02473027223685853,-0.011260053619302934,-0.02199466795928262,0.07208574227378373,0.0023679497994641974,-0.3831501831501831,-0.3831501831501831,-0.3846153846153846,-0.37410071942446044,-0.6166250283897343,-0.6944813829787234,-0.8840508806262231,-0.7981438515081206,-0.36342182890855457,0.0740911182696733,-0.04179104477611939,-0.024347826086956625,0.06782768102658121,0.014218009478673022,0.01611721611721606,0.04424778761061954,0.05362318840579716,-0.00651465798045614,-0.016042780748663166,0.04783103840977332
2005-03-31,-0.009117670044546333,0.00980947279822475,-0.025580157983055685,-0.04273279226813709,0.019707610720940183,0.018677376013229274,0.20249406175771978,0.20249406175771978,0.20454545454545459,0.1954022988505748,0.14277251184834117,-4.129488574537541,-26.666666666666668,14.74712643678161,1.2696941612604262,0.01799485861182526,0.008722741433021763,0.035650623885918,0.014592274678111528,-0.04672897196261683,0.015140591204037657,0.04237288135593231,0.02916093535075648,0.04262295081967227,-0.005434782608695676,0.05483647860883312
2005-06-30,-0.0035163130635960105,0.019125268996453837,-0.014595934139784994,0.01640643960844601,0.015022137887413134,0.02358176073281726,0.2577777777777779,0.2577777777777779,0.2547169811320755,0.2596153846153846,0.7998963193364437,-1.3518776077885952,-0.9926023343744863,0.024087591240876005,0.5728868926092283,-0.0702861952861954,-0.002470660901791155,0.01721170395869187,0.012690355329949332,-0.08333333333333326,-0.11576704545454553,0.04065040650406515,0.01844426623897366,0.028301886792452713,-0.010928961748633892,0.0027163731734731744
2005-09-30,0.06484272456847373,0.06156316916488214,0.05397370047526695,0.08906541014661173,0.04864032126845652,-0.04490165814701008,0.1142520612485276,0.1142520612485276,0.10526315789473673,0.11450381679389299,0.0,1.2796442687747036,-11.2,-2.734853884533143,-0.5552959501557633,0.07062019013128107,-0.025386996904024683,-0.005076142131979711,0.04594820384294063,0.05882352941176472,0.032931726907630576,0.0390625,-0.015223097112860962,0.012232415902140525,-0.016574585635359185,-0.025221858944418418
2005-12-31,0.3099217065979534,0.25149885134756533,0.49999494474607453,0.2747098547081006,0.014212376817814176,0.11602668643439595,-0.41719520789288234,-0.41719520789288234,-0.41496598639455784,-0.4178082191780822,-0.9464285714285714,4.5097529258777636,53.99782135076253,-0.9847986852917009,-0.021599532983070602,0.13192389006342498,-0.026683608640406642,-0.08843537414965985,0.007987220447284393,0.08080808080808088,0.11508553654743392,0.041353383458646586,-0.22574626865671643,-0.030211480362537846,-0.061797752808988804,-0.018207954000958426
2006-03-31,0.0020853134353766567,-0.0015893980434733557,-0.0026287409005122386,-0.02807081919089993,0.040818983757039184,0.08494075136829804,-0.00241837968561065,-0.00241837968561065,-0.011627906976744207,-0.0117647058823529,18.946236559139784,-0.9099205412634725,-1.0617968626208207,2.7837837837837838,-0.08114558472553701,0.07396339185655587,-0.06919060052219317,-0.11940298507462688,0.03645007923930277,0.06542056074766345,0.07880055788005591,0.03971119133573997,0.0388984509466439,-0.08099688473520239,-0.041916167664670545,0.027232796486090782
2006-06-30,0.040770101925254876,0.047533632286995475,0.023653443265526874,0.02442189712128373,0.08037529319781078,0.027305007958858818,1.0484848484848484,1.0484848484848484,1.0352941176470587,1.0357142857142856,0.8221024258760108,-0.09606986899563319,0.5576923076923077,-17.142857142857142,1.4675324675324677,0.1377391304347826,0.046984572230013955,0.0021186440677967155,0.07721712538226289,0.09649122807017552,0.1887524240465417,0.03819444444444464,0.0377733598409542,0.04745762711864421,-0.04375000000000007,0.0225199543899659
2006-09-30,-0.006120783460282886,-0.008561643835616417,-0.0383574305142933,-0.06184498445237818,0.06455348096685487,-0.0285578069129917,0.06390532544378691,0.06390532544378691,0.06358381502890187,0.06432748538011701,0.0,-0.527536231884058,0.5818930041152264,-1.558849557522124,-0.22894736842105268,-0.059920513604402315,0.02746148693904904,0.00634249471458781,0.06316536550745222,-0.1279999999999999,-0.1375747688961393,0.03678929765886285,0.07120051085568346,0.032362459546925404,-0.02614379084967322,0.05677910974816469
2006-12-31,0.012545048127366343,0.0020509499136442955,0.0035699574351228947,-0.013503560029462292,0.030319510537049732,0.0073125245386729265,-0.5494994438264739,-0.5494994438264739,-0.548913043478261,-0.5494505494505495,-0.7751479289940828,1.8425357873210633,-1.2211238293444329,-0.6753760886777513,-0.13993174061433444,0.037723577235772465,-0.05410691003911339,-0.014705882352941346,0.026702269692923997,-0.022935779816513846,-0.03341740226986123,0.041935483870967794,0.017585692995528923,-0.02507836990595602,0.01342281879194629,0.015828350334154084
2007-03-31,0.013110470355018888,0.01723580738985242,0.0036940757969625704,0.09221005475360866,0.03127474267616792,0.03434835566382466,0.40740740740740744,0.40740740740740744,0.3975903614457832,0.3902439024390243,1.9934210526315788,-0.4064748201438849,-5.352941176470588,0.9512195121951219,-0.31746031746031744,0.14948292071450964,0.01102687801516189,0.046908315565032055,0.027308192457737412,0.11737089201877926,0.15590345727332022,0.04334365325077405,0.01786760398359699,0.05144694533762051,-0.0066225165562914245,-0.06864612188365649
2007-06-30,0.035220349535286966,0.0745525786296728,0.02031079607415487,0.06881622422239952,0.06321177223288554,0.04934055581723973,0.736842105263158,0.736842105263158,0.732758620689655,0.736842105263158,-0.4725274725274725,0.17575757575757578,-0.9216216216216216,-1.2125,0.09883720930232553,0.15158124318429667,0.005453306066802943,0.0386965376782078,0.06012658227848089,0.12184873949579833,0.08860045146726869,0.03857566765578624,0.027050359712230243,0.03669724770642202,0.0,0.005390835579514919
2007-09-30,0.03548262382404732,0.0714496895634178,0.015230460921843658,0.057456561134207496,0.07197015284631125,0.01122208506340483,0.17676767676767668,0.17676767676767668,-0.6119402985074627,-0.6111111111111112,3.4416666666666664,1.134020618556701,6.862068965517241,23.941176470588236,2.566137566137566,0.0797821969696968,0.041355932203389845,0.06666666666666665,0.07164179104477597,0.01872659176029967,0.02903058579574913,0.037142857142857144,0.03530400672457268,0.0678466076696167,0.0,0.013219931589165013
2007-12-31,-0.012528521053723263,-0.059142752023546685,-0.030596131069877575,-0.0673387096774194,0.018300213315370017,0.05249139940073233,-0.4957081545064378,-0.4957081545064378,-0.4871794871794871,-0.49350649350649345,-0.8330206378986866,-0.4057971014492754,-0.1271929824561403,-1.6297169811320755,-0.39614243323442133,0.04428853321640003,0.011718750000000222,0.040441176470588314,0.01838440111420625,-0.02573529411764719,-0.037279596977330076,0.04132231404958686,0.0311231393775373,0.01933701657458564,0.020000000000000018,0.008759124087591275
2008-03-31,0.034281393101709856,0.037149281454687655,0.019751578090001942,0.02821011673151741,0.057883131201764026,-0.008224377899620383,0.2297872340425533,0.2297872340425533,0.22499999999999987,0.23076923076923062,0.6741573033707866,-0.016260162601625994,0.1557788944723617,-0.348314606741573,-0.4275184275184275,-0.17111064455175318,-0.005791505791505891,0.0229681978798586,0.05853391684901532,-0.18490566037735845,-0.21507064364207218,0.042328042328042326,0.022834645669291387,0.021680216802167918,0.006535947712418277,0.00868306801736618
2008-06-30,0.02534627726552663,0.04562164200207364,0.014842917997869964,0.023441606223063127,0.04179260031266274,0.04879863916648941,0.5190311418685121,0.5190311418685121,0.510204081632653,0.5208333333333333,0.8523489932885906,0.1900826446280992,0.047826086956521685,-1.132183908045977,0.09871244635193133,-0.014184397163120477,-0.014886731391585695,0.010362694300518172,0.040826873385012785,-0.06944444444444464,-0.05733333333333335,0.04060913705583746,0.01616628175519641,0.0026525198938993633,0.006493506493506551,0.02170014347202298
2008-09-30,-0.010141425345640331,-0.03759127377625526,0.020725388601036343,0.007600657354149609,-0.057222889155662315,-0.05656360871768884,-0.9635535307517085,-0.9635535307517085,-0.972972972972973,-0.9589041095890412,0.6304347826086956,0.7152777777777777,-0.06639004149377592,6.869565217391305,0.5,-0.04701952723535452,-0.3245729303547963,-0.32136752136752145,-0.05759682224428997,-0.08457711442786053,-0.074964639321075,0.03658536585365857,-0.04747474747474756,-0.3201058201058201,-0.006451612903225823,-0.04484816570124617
2008-12-31,-0.10737583543442586,-0.18349569127013865,-0.10100880293002634,-0.1293577981651376,-0.1178904923599321,-0.21177608251853441,-39.0,-39.0,-52.0,-35.0,-1.3522222222222222,-0.2773279352226721,-3.1866666666666665,-2.0055248618784534,-0.47395833333333337,-0.29576705311404694,-0.8579766536964981,-0.8589420654911839,-0.11801896733403594,-0.2500000000000001,0.023700305810397504,0.03764705882352937,-0.011930010604453867,-0.8521400778210116,-0.038961038961038974,-0.06220711200955631
2009-03-31,-0.026004304160688663,-0.030400367098772474,-0.011936244728754208,-0.09998829176911372,-0.04968122218212434,-0.1391766630316249,-0.6825657894736843,-0.6825657894736843,-0.6764705882352942,-0.6764705882352942,-1.5741324921135647,-0.5014005602240896,-0.7865853658536586,-1.598901098901099,0.5396039603960396,-0.12136294027565087,-3.6575342465753424,-3.625,-0.049581839904420444,-0.007246376811594013,5.510828976848394,0.034013605442176686,-0.024148108398175383,0.0,-0.060810810810810856,0.07730746619635509
2009-06-30,0.0341557724176027,0.033956460009465284,0.01540798611111116,0.033302979055548354,0.04139240506329123,0.10514647664291377,-1.8445595854922279,-1.8445595854922279,-1.8181818181818183,-1.7878787878787878,1.7142857142857144,-0.2191011235955056,-2.1714285714285717,1.1284403669724772,0.7459807073954985,-0.10239651416121998,0.8943298969072164,0.8503401360544218,0.038969201759899486,-0.058394160583941646,0.0,0.03508771929824572,0.006873797085509947,0.0,-0.05755395683453224,0.0006366530241019852
2009-09-30,0.07219798807086253,0.12438494106877207,0.050723088979126585,0.09731839355407268,0.11073295247356274,0.12723885943544921,0.8404907975460123,0.8404907975460123,0.7777777777777777,0.8846153846153846,0.12955465587044523,0.1079136690647482,0.5934959349593496,-0.10344827586206895,0.4014732965009209,0.37475728155339794,-0.45170068027210875,-0.4522058823529411,-0.014519056261343088,0.3255813953488371,0.0,0.03177966101694918,0.0360458765701801,0.0,-0.038167938931297773,0.02472277767678599
2009-12-31,-0.011748588508801117,-0.015265621819662067,-0.03390060343074108,-0.037746672785681556,0.02352812431604301,0.06876827253082496,0.16666666666666674,0.16666666666666674,0.08333333333333348,0.061224489795918435,0.44802867383512535,0.2012987012987013,2.0255102040816326,-0.8557692307692308,0.03942181340341655,0.09781073446327682,-2.7766749379652604,-2.8053691275167782,0.022713321055862545,0.11695906432748537,0.0,0.03285420944558526,0.035582498682129815,4.526315789473685,0.015873015873015817,0.023328011353556777
2010-03-31,0.00016803192606595907,0.023563455973542702,-0.004631903993262632,0.051031358054131504,0.005773548594034006,-0.010823025689819188,-0.2171428571428572,-0.2171428571428572,-0.21153846153846156,-0.23076923076923073,-0.7363861386138614,0.0,-0.9173693086003373,-1.7,-0.026548672566371723,0.17047282084271465,0.6815642458100559,0.7174721189591078,0.004201680672268893,0.14136125654450282,-0.6289286533608627,0.029821073558647937,0.0055993891575463195,0.638095238095238,0.046875,-0.026176649042212063
2010-06-30,0.011634255953630879,0.021607431340872285,0.02968342381724609,0.024617129892229084,-0.001275645795684066,0.026812552603102002,0.5255474452554745,0.5255474452554745,0.5121951219512195,0.5249999999999999,1.004694835680751,0.5405405405405406,-0.9183673469387755,-7.571428571428571,0.17922077922077917,0.008518823852706747,0.19518272425249172,0.21212121212121215,-0.0017931858936043321,0.004587155963302614,-0.43214837712519316,0.030888030888030826,-0.01265502404454566,0.17732558139534893,0.02985074626865658,-0.002937249666221553
2010-09-30,0.06879515070995601,0.0527772287013244,0.06587236373596284,0.09720992028343667,0.07195316657796691,0.058548009367681564,0.07416267942583743,0.07416267942583743,0.08064516129032273,0.11475409836065587,-0.8454332552693209,0.0982456140350878,61.25,-4.594202898550725,-0.3832599118942731,-0.06730245231607646,0.08408617095204995,0.09285714285714275,0.07005988023952114,-0.06392694063926951,-0.2291780076211214,0.029962546816479474,0.0028197897974877595,0.07407407407407396,0.021739130434782705,-0.040439207284413636
2010-12-31,0.009711377850289304,0.005914382275628904,-0.007773352177823489,-0.012209889001009055,0.03574620196604106,0.054977876106194756,-0.16481069042316254,-0.16481069042316254,-0.16417910447761186,-0.19117647058823528,0.606060606060606,0.17891373801916943,-1.0240963855421688,-0.5181451612903225,-0.4267857142857143,0.22524101665205953,-0.01089743589743597,-0.004901960784313597,0.03133743704532721,0.14634146341463428,0.12005649717514122,0.03454545454545466,0.02581799591002043,-0.016091954022988464,0.007092198581560183,0.018327286259187003
2011-03-31,0.10291232254837834,0.13915072328511435,0.13706701197798643,0.03912554908570853,0.052248106605311095,0.06364684911397722,-0.05600000000000005,-0.05600000000000005,-0.07142857142857151,-0.07272727272727275,-0.41509433962264153,1.3468834688346885,147.0,-1.3347280334728033,0.24922118380062308,0.1320934668574154,0.01231367465975386,0.003284072249589487,0.05046120455778613,0.09787234042553195,0.11664564943253475,0.033391915641476144,-0.045850984301021636,0.0,0.007042253521126751,0.0962908825141604
2011-06-30,0.041893400306962425,0.028838276257578288,0.04714724974376505,0.09653952025167123,0.035076530612244916,0.021687697160883257,0.008474576271186418,0.008474576271186418,0.019230769230769162,0.019607843137254832,5.338709677419355,0.05773672055427248,-0.47860360360360366,-1.825,-0.1645885286783042,-0.01832350463352983,-0.0825864276568502,-0.08837970540098206,0.03305785123966953,-0.06589147286821706,-0.06380575945793354,0.03231292517006801,-0.006529119874640887,-0.08177570093457931,-0.006993006993006978,-0.06175000000000008
2011-09-30,-0.006461548762931479,-0.04323936932632588,0.005764002175095095,-0.03335126412049494,-0.028078514215297945,0.040910845233500526,0.5070028011204482,0.5070028011204482,0.49056603773584895,0.5,0.3104325699745547,-0.4694323144104804,-1.2548596112311015,0.18181818181818188,-0.23283582089552235,-0.11649860544947432,0.03489183531053719,0.021543985637342944,-0.028999999999999915,-0.1452282157676349,-0.0814234016887816,0.0313014827018121,-0.021819137749737205,0.012722646310432628,0.007042253521126751,-0.010214050981436906
2011-12-31,0.0002358808464753004,-0.014814814814814836,-0.004919982698961989,-0.06297532925245775,0.008603513856185518,-0.03439006303299963,-0.2379182156133829,-0.2379182156133829,-0.2405063291139241,-0.23076923076923084,-1.188349514563107,0.2983539094650205,-6.771186440677966,-0.7948717948717949,-0.0622568093385214,-0.15468674113647396,0.0053944706675659315,-0.010544815465729274,0.008753861997940149,-0.1310679611650486,-0.19041365725541692,0.03514376996805124,0.008331093791991373,0.0,-0.006993006993006978,0.051328068916008496
2012-03-31,0.0434592190816292,0.044352454169130695,0.044716109752784616,0.04473918638028307,0.04112418065906431,0.014207545358548623,-0.1121951219512195,-0.1121951219512195,-0.09999999999999987,-0.11666666666666659,-3.5051546391752577,-0.3977812995245642,-0.7709251101321586,-0.9375,-0.004149377593360981,0.1476587187589773,-0.008048289738430636,-0.014209591474245165,0.041347626339969246,0.13966480446927365,0.12327656123276554,0.03240740740740744,-0.002132196162046851,-0.005025125628140725,-0.014084507042253502,-0.0003414134516899203
2012-06-30,0.0009362993575048328,0.01650218411260318,0.0016122321614311375,0.02425390810042627,8.624407072010953e-05,0.0015144344533837284,0.14560439560439553,0.14560439560439553,0.12962962962962954,0.15094339622641506,1.5473251028806585,0.1763157894736842,0.012820512820512775,-363.0,1.5083333333333333,-0.11013767209011283,0.030425963488843744,0.027027027027026973,-0.005392156862745079,-0.1470588235294118,-0.11696750902527075,0.03288490284005974,-0.0010683760683760646,0.030303030303030276,0.0,-0.007599043715846965
2012-09-30,-0.003806206051222505,0.008515040585707512,-0.004050054519964652,0.0040699287762464564,-0.003535701966195237,-0.017862205840657785,-0.9160671462829736,-0.9160671462829736,-0.9180327868852459,-0.9344262295081968,0.28271405492730217,-0.2527964205816555,-5.987341772151899,-1.930939226519337,-0.5598006644518272,-0.1088607594936708,-0.2985564304461943,-0.29824561403508776,-0.003449975357318835,-0.10344827586206895,-0.14063777596075233,0.03039073806078152,0.0002673796791443639,-0.2843137254901962,-0.02142857142857124,0.0044738879807277865
2012-12-31,0.011267970470146382,0.012230726741892184,0.0019811271570824296,-0.008014739751266653,0.02622241453916052,0.0028868360277136684,9.114285714285714,9.114285714285714,9.4,12.0,-0.6246851385390428,0.09281437125748493,-1.1967005076142132,-1.1454005934718101,0.18490566037735845,0.04797979797979801,-0.06080449017773615,-0.05750000000000011,0.02522255192878342,0.0512820512820511,0.48334919124643205,0.032303370786516794,0.014969259556268266,-0.044520547945205435,-0.014598540145985384,0.020385438972162717
2013-03-31,0.020011526639344357,-0.000155908949173722,0.03153129715385816,0.12379271916790491,-0.0050598751897452665,0.0007676069852236012,-0.5819209039548023,-0.5819209039548023,-0.5769230769230769,-0.5961538461538463,-0.27181208053691275,-0.09589041095890416,0.735483870967742,2.4081632653061225,0.5318471337579618,0.1798192771084337,-0.18824701195219118,-0.19098143236074272,-0.00578871201157749,0.15243902439024382,0.23540731237973067,0.0312925170068028,-0.024756386621016535,-0.18279569892473124,-0.007407407407407418,-0.11029967262654239
2013-06-30,-0.0033587594563204703,-0.012240760954311591,-0.021992433795712474,-0.026196182133708,0.027123241227326567,0.0384467881112176,2.858108108108108,2.858108108108108,2.7727272727272725,2.9523809523809526,3.764976958525345,-0.18787878787878787,-4.182156133828997,-1.5389221556886228,-0.18711018711018712,0.07352565739086026,0.1484662576687117,0.1573770491803279,0.02814167879670082,0.07936507936507953,0.32191069574247133,0.029023746701847042,0.030785849311369073,0.15350877192982448,0.0,0.014340975563732261
2013-09-30,-0.0073070866141732305,0.0812218801799669,-0.022951157873020822,0.028258655804480615,0.01617428618583916,0.019942756901486502,-0.8161120840630472,-0.8161120840630472,-0.8192771084337349,-0.8192771084337349,0.09961315280464222,-2.4291044776119404,-0.08644859813084116,-8.422222222222222,1.6982097186700766,0.12294887039239,0.047008547008547064,0.056657223796034106,0.015101462954223654,0.09313725490196068,-0.03142183817753341,0.029487179487179382,0.023578726748755496,0.049429657794676674,0.00746268656716409,0.051530090224165326
2013-12-31,-0.021765340440383252,-0.07095926412614983,0.0050675675675675436,-0.025914005116778105,-0.06358616209192791,-0.012582601611297206,3.466666666666667,3.466666666666667,3.666666666666667,3.5999999999999996,-1.247141600703606,-2.12532637075718,-0.9002557544757033,-2.212574850299401,-0.7677725118483412,0.15713680643795014,0.10510204081632635,0.101876675603217,-0.033937703393770335,0.13901345291479816,0.08272506082725051,0.03362391033623924,-0.04274379319170718,0.08333333333333326,0.014814814814814836,-0.04626271561256079
2014-03-31,0.012487026466009299,0.026166902404526127,0.011449579831932732,0.02956875370668466,0.013442025843378724,-0.04079574624129079,-0.4434968017057569,-0.4434968017057569,-0.44285714285714284,-0.4347826086956521,-3.597864768683274,-0.4849187935034803,5.743589743589744,-0.9555555555555556,-0.14693877551020407,0.054904831625183004,0.08956602031394278,0.09245742092457432,0.012993262752646784,0.09055118110236227,-0.04044943820224711,0.031325301204819356,0.0008021390374333137,0.0869565217391306,0.007299270072992581,-0.0033388981636061077
2014-06-30,0.05948681807989242,0.029711310207519714,0.08936545851074884,-0.0007406188281764425,0.01103884990587023,0.03335563413934817,-0.32567049808429116,-0.32567049808429116,-0.33333333333333337,-0.33333333333333337,-0.021917808219178103,7.576576576576576,-3.1749049429657794,0.36111111111111116,-0.23444976076555024,-0.025676613462873088,-0.27627118644067794,-0.28953229398663705,0.008551068883610347,-0.036101083032491044,-0.11085089773614365,0.030373831775700966,-0.045685279187817285,-0.28,-0.007246376811594013,0.030522985296854488
2014-09-30,-0.00816351212432731,-0.025284450063211117,0.012536345869679222,-0.036976035576052,-0.042657638595006375,-0.015445800961894185,0.7556818181818181,0.7556818181818181,0.8076923076923075,0.7692307692307692,0.7254901960784315,-0.9810924369747899,-1.832167832167832,-6.081632653061225,1.55625,0.015669515669515688,0.22833723653395777,0.19122257053291536,-0.04286387187941587,0.0074906367041198685,0.4043020193151887,0.030612244897959107,-0.034714445688689866,0.2136752136752138,-0.021897810218978075,0.012100415387394037
2014-12-31,-0.03344104377514934,-0.055390249485008036,-0.02923453535448639,-0.026252779203010057,-0.04314384227742907,0.001972757162987282,0.6407766990291262,0.6407766990291262,0.6382978723404256,0.6521739130434783,-1.12987012987013,6.055555555555555,-1.240546218487395,-1.9678714859437751,-0.589242053789731,-0.06100981767180924,0.046711153479504386,0.023684210526315752,-0.030511811023622104,-0.018587360594795488,-0.2225695529853079,0.03410341034103426,-0.010150812064965153,0.035211267605633756,-0.014925373134328401,-0.029889364739471902
2015-03-31,-0.02072097644053361,-0.015184556982473119,-0.01711847146113188,0.05137437428646696,-0.022174997690104448,-0.1376336021001313,0.04339250493096647,0.04339250493096647,0.051948051948051965,0.05263157894736836,-3.25,-0.21259842519685035,-1.9694323144104804,-0.983402489626556,-0.023809523809523836,0.07598954443614647,0.2440801457194901,0.21593830334190245,-0.018274111675126825,0.10984848484848486,0.035383996783272975,0.03297872340425534,-0.0014649868151186407,0.2517006802721089,-0.030303030303030276,-0.06327600478248874
2015-06-30,0.029565217391304355,0.06142868859181494,0.042431418985592995,0.013448045439358403,0.006803363885476754,0.04457490758860616,-0.6635160680529301,-0.6635160680529301,-0.6666666666666667,-0.6625,0.8416666666666666,0.24,0.6216216216216217,-13.25,0.2987804878048781,0.07617560298455661,0.028550512445095322,0.010570824524313016,0.007755946225439514,0.09556313993174048,-0.11728155339805824,0.0319258496395467,-0.022007042253521125,0.032608695652173836,-0.015625,0.047324496809032945
2015-09-30,-0.07179054054054057,-0.14286818111574717,-0.09437712987504732,-0.13500370889310143,-0.026184889723134708,-0.19785595337218986,0.9606741573033708,0.9606741573033708,1.0,0.962962962962963,0.11161387631975872,-5.725806451612903,3.0777777777777775,6.836734693877551,1.8028169014084505,-0.12850693324733964,0.04839857651245527,0.05230125523012541,-0.01641867624422766,-0.1370716510903427,-0.13242410910690727,0.03093812375249505,0.049204920492049276,0.10526315789473695,-0.04761904761904767,-0.009093465829192904
2015-12-31,0.04536110268594351,-0.015505273595961433,0.023413818333855918,0.0767984754645068,0.012528912875867437,0.15855715583236019,0.28939828080229235,0.28939828080229235,0.2777777777777777,0.3018867924528301,-1.01763907734057,-1.3276450511945392,-1.145776566757493,-1.4765625,-0.3065326633165829,-0.04995374653098972,-0.029192124915139117,-0.031809145129224614,0.011476264997391628,-0.032490974729241784,-0.07809330628803246,0.03388189738625358,-0.031455533314269424,0.011904761904761862,-0.04166666666666674,-0.08571428571428563
2016-03-31,0.00580289499983877,0.01254463876934353,0.025431518741701575,0.04344748252367037,-0.04968589377498567,0.011423451674319685,-2.177777777777778,-2.177777777777778,-2.1884057971014492,-2.1884057971014492,-49.76923076923077,-0.39322916666666663,-3.0934579439252334,-0.6939890710382514,-0.13526570048309183,-0.2967867575462513,-0.6986013986013986,-0.7043121149897331,-0.04951005673027342,-0.30597014925373134,-0.275027502750275,0.03183520599250933,-0.05521110126956008,-0.7011764705882353,-0.008695652173913104,-0.0295943708609272
2016-06-30,0.02179557037084523,0.07135105805751496,0.05104581673306763,0.0927747625508819,-0.03856169871794868,0.05370390875871989,-1.7226415094339622,-1.7226415094339622,-1.7195121951219512,-1.7195121951219512,-0.8817034700315457,0.09012875536480691,-1.6116071428571428,-2.946428571428571,0.3044692737430168,0.08889504292439776,0.49651972157772617,0.4652777777777779,-0.022788931090613085,0.14516129032258052,2.7207890743550833,0.03176043557168784,-0.05906250000000013,0.45669291338582685,0.0,-0.01962038814246103
2016-09-30,0.9841588506540355,0.4441630792605722,0.7971570717839374,0.2643954679497129,1.5125533909782267,0.07166876839007985,-4.057441253263708,-4.057441253263708,-2.88135593220339,-2.88135593220339,14.986666666666666,-0.937007874015748,-4.551094890510949,0.9908256880733946,0.4646680942184154,0.15946083418107837,-1.9937984496124033,-2.0473933649289098,0.42976124375347013,0.187793427230047,-0.2153344208809136,0.6130167106420406,0.26635669212886093,0.0,-0.1578947368421052,0.14215792908418545
2016-12-31,-0.22868480546377246,-0.3590507919808288,-0.25563552954203905,-0.2966918308476033,-0.1882826104983829,-0.30515787409295936,-1.2809564474807855,-1.2809564474807855,-1.3153153153153152,-1.3153153153153152,-2.58465387823186,19.6875,-3.0339157245632067,-1.9308755760368663,-0.44883040935672514,-0.0726036411493749,-0.02496099843993771,0.02262443438914019,-0.18990291262135928,-0.3517786561264822,0.0,0.26172300981461283,0.05245213742460009,0.0,-0.14583333333333337,-0.08865822302637838
2017-03-31,0.016786914815118514,0.20636512857924494,0.03559664222718095,-0.0625709049655293,-0.009654186034632528,0.025543324865932915,-1.4498480243161094,-1.4498480243161094,-1.4571428571428573,-1.4571428571428573,-1.191578947368421,-0.5740181268882175,-1.110156644770086,-1.1732673267326732,0.09283819628647216,0.006859035004730396,-0.4656,-0.44690265486725655,-0.00910834132310634,0.24390243902439024,0.0,0.010803802938634366,-0.026164963867430835,0.0,-0.14634146341463417,0.28683385579937304
2017-06-30,0.02175096256576703,0.05540857207649852,0.022026130378274944,0.07196052876559289,0.017691355477615023,0.057245080500894385,-4.75,-4.75,-4.6875,-4.6875,-0.40934065934065933,1.5531914893617023,-1.7064220183486238,0.3142857142857143,0.11165048543689315,-0.012684989429175508,-0.37125748502994005,-0.344,0.02370585389453317,-0.004901960784313819,0.0,0.010688328345446862,-0.003838280450358278,0.0,-0.12857142857142856,-0.015428339423467441
2017-09-30,0.02363571794972974,-0.1196103710070191,0.014189143966267359,0.029439861050803318,0.03628807460341599,0.058961343225302665,0.5765765765765767,0.5765765765765767,0.6101694915254237,0.5762711864406782,5.2,-0.1527777777777778,-8.779220779220779,-3.9782608695652173,-0.29912663755458513,-0.035212943135855435,-4.876190476190476,-4.914634146341463,0.04395085066162574,-0.054187192118226535,0.0,0.010575296108290999,0.012329822758798015,1.8864864864864868,-0.016393442622950838,-0.1448247422680412
2017-12-31,-0.04080255955593248,0.011145460462089085,-0.07473767570778067,-0.05129070355997978,0.004303809849855789,-0.08616027531956738,-0.7371428571428571,-0.7371428571428571,-0.736842105263158,-0.7311827956989247,-1.096774193548387,-6.81639344262295,0.2020033388981637,-2.686131386861314,0.719626168224299,-0.04932182490752157,-0.0724815724815725,-0.06853582554517124,0.00362154821186067,-0.08854166666666663,-0.4142411642411642,0.010883214734198399,0.046942400405988405,-0.0730337078651685,0.0,0.06586941845886773
2018-03-31,0.003717322723893357,-0.012712205326253168,-0.007275061517064252,-0.022585808287391096,0.016508400292184033,0.005379959650302579,0.9043478260869566,0.9043478260869566,0.8799999999999999,0.8799999999999999,-6.131782945736434,-1.0992108229988726,-0.43472222222222223,-2.229437229437229,-0.5144927536231885,-0.021789883268482413,0.36291390728476824,0.38795986622073597,0.016689219666215394,-0.02857142857142858,0.0390417036379771,0.010766045548654235,0.012845370819195345,0.3797979797979798,0.016666666666666607,0.010133912414042712
2018-06-30,-0.010930493273542563,0.015809632466791568,-0.016919926716240985,0.0281113537117903,-0.004838555140366019,0.08628762541806023,0.6506849315068493,0.6506849315068493,0.6595744680851066,0.6595744680851066,0.09969788519637457,0.6704545454545454,-0.6633906633906634,-1.0528169014084507,0.05597014925373145,-0.07478122513922036,0.06608357628765793,0.08674698795180724,-0.003549245785270605,-0.08823529411764697,-0.3347566182749787,0.010651372388365443,0.006221584111031353,0.06442166910688152,0.016393442622950838,-0.012002866356144781
2018-09-30,-0.012326438084443225,-0.05150421179302045,-0.0375283198129065,-0.004512874966817071,0.01882250998892787,0.030788177339901468,0.06639004149377592,0.06639004149377592,0.07692307692307687,0.0512820512820511,0.7197802197802199,-0.6972789115646258,3.467153284671533,-6.533333333333333,-0.29328621908127206,0.049871023215821264,-0.05378304466727435,-0.03104212860310418,0.019590382902938464,0.05161290322580636,-0.03273427471116819,0.010539116335630316,0.03139120095124848,-0.05226960110041268,0.016129032258064502,-0.04723481414324571
2018-12-31,-0.016005082279648364,0.01116467901547824,0.01025095865446679,0.0358222222222222,-0.050179550179550225,-0.3471923536439665,-0.5395590142671856,-0.5395590142671856,-0.5357142857142857,-0.5365853658536586,-0.9089456869009584,1.2696629213483148,-1.2001633986928104,-2.3493975903614457,0.56,-0.11438711438711446,0.06262042389210021,0.06636155606407312,-0.03842794759825319,-0.1288343558282209,-0.07232913072329128,0.010429201764941887,-0.03458611943739898,0.12772133526850515,-0.04761904761904767,-0.023789133123988893
2019-03-31,0.009850883038986957,0.07369301547469687,0.021759555037769163,0.15343688320604132,-0.003283255397472873,0.05765007320644222,0.45070422535211274,0.45070422535211274,0.46153846153846145,0.4999999999999998,3.307017543859649,0.03960396039603964,-2.273469387755102,-1.4821428571428572,-0.17307692307692313,0.023427866831073008,0.04442429737080689,0.0429184549356223,0.013169845594913632,0.06338028169014098,-0.030758226037196024,0.0103215561730845,-0.013135896823501358,0.09652509652509633,-0.050000000000000044,-0.06911004971244772
2019-06-30,-0.11177792901482808,0.016048613275163603,-0.2033249963219067,-0.3124023510155495,0.016320622878818192,0.11628309396089298,7.139805825242718,7.139805825242718,7.43859649122807,7.403508771929825,-0.5458248472505092,-61.13809523809524,29.346153846153847,-64.75925925925927,13.344961240310077,0.1611445783132528,1.4800347222222223,1.549382716049383,0.14701927386822056,0.14569536423841067,0.1158671586715867,0.010216110019646507,0.14424007744433687,1.6267605633802815,-0.0350877192982455,0.47769633507853415
