Quarter end,Assets,Liabilities,Shareholders equity,Revenue,Earnings,Earnings available for common stockholders,EPS basic,EPS diluted,Cash from operating activities,Cash from investing activities,Cash from financing activities,Cash change during period,Cash at end of period,Price,ROE,ROA,Book value of equity per share,P/B ratio,P/E ratio,Cumulative dividends per share,Equity to assets ratio,Net margin,Asset turnover
1996-03-31,0.09082378771491628,-0.028173677167309674,0.195173409522843,0.018774319182892185,0.15764626922785951,0.04671695952389299,0.026315789473684292,-0.019607843137254943,0.05222656119513891,-0.76949508062212,0.6256965901347351,-260.0911000863942,4.992217207923027,0.015765765765765716,0.03711133400200617,-0.023160762942779356,0.19354838709677402,-0.12371134020618557,-0.07520621057738963,1.0,0.09572072072072069,0.022785531187695662,0.0
1996-06-30,0.09082378771491628,-0.028173677167309674,0.195173409522843,0.018774319182892185,0.15764626922785951,0.04671695952389299,0.026315789473684292,-0.019607843137254943,0.05222656119513891,-0.76949508062212,0.6256965901347351,-260.0911000863942,4.992217207923027,0.015765765765765716,0.03711133400200617,-0.023160762942779356,0.19354838709677402,-0.12371134020618557,-0.07520621057738963,1.0,0.09572072072072069,0.022785531187695662,0.0
1996-09-30,0.004340389534780442,0.004640912809364517,0.004126105893152765,-0.037858864594770614,0.07562953384468951,0.08441561078058402,0.07692307692307687,-0.019607843137254943,-0.19417106649183002,1.8851257138600146,-1.2733487104075698,-1.511957039571378,-0.42652004324646864,0.04878048780487809,0.03711133400200617,-0.023160762942779356,0.003603603603603789,-0.12371134020618557,-0.07520621057738963,0.5,-0.00034258307639600805,0.022785531187695662,0.0
1996-12-31,-0.012286650917656905,-0.042813279268867466,0.001780283103838265,0.05787323743486228,-0.010382040369497747,-0.013525496022108063,0.0,-0.019607843137254943,0.010284922240943795,-0.6771223531895392,0.41403652539227065,-0.5787785429601807,-0.3132792906835238,0.11522198731501065,0.03711133400200617,-0.023160762942779356,0.0,0.11176470588235299,-0.07520621057738963,0.33333333333333326,0.014222069910897917,0.022785531187695662,0.0
1997-03-31,0.0010829056412509086,0.010748870574011526,0.002199572556229157,0.046169827715475176,0.049777139301451,0.0650552162631981,0.04761904761904767,-0.019607843137254943,0.2886402222419062,0.10500713778869719,-0.03770767211726689,-0.3593102934464898,-0.29228012799715786,0.048341232227488096,0.03711133400200617,-0.023160762942779356,0.0017953321364452268,0.05291005291005302,-0.07520621057738963,0.26923076923076916,0.0011826322013854806,0.022785531187695662,0.0
1997-06-30,0.058366004075591116,0.13792086521672542,0.0036753059997856052,0.0017905394932842267,0.021384399245729213,0.02754699513243275,0.022727272727272707,-0.019607843137254943,-0.1175004891451853,3.383902138009357,-2.661587300378401,-0.6749913426197982,-0.13422481936311703,-0.04068716094032554,0.03711133400200617,-0.023160762942779356,0.0,-0.045226130653266416,-0.07520621057738963,0.2272727272727273,-0.05163685453931821,0.022785531187695662,0.0
1997-09-30,0.231757873706121,0.2450176475491026,0.22142308306280234,0.12250084983866039,-0.019187514608658085,-0.024568770763796155,-0.022222222222222254,-0.019607843137254943,0.6586395750242138,0.4042742437363034,2.7932652644161555,-29.047882313958834,4.348382838070824,0.06691800188501418,-0.042553191489361764,-0.023160762942779356,0.10035842293906794,0.06842105263157894,0.02990556138509981,0.17283950617283939,-0.008362989323843495,-0.04177109440267324,0.0
1997-12-31,0.007026594499179195,0.008815999628454918,-0.0004889329015589361,0.13404675189997595,0.14074459461528277,0.18121150156699306,0.11363636363636354,-0.019607843137254943,-0.43134651297434157,-0.05768234580789755,-1.1455547079428672,-1.919301940125262,-0.7474178458189434,-0.028268551236749095,0.008080808080808133,-0.023160762942779356,-0.0016286644951140072,-0.11822660098522153,-0.03922567498726437,0.14736842105263182,-0.007536335905257485,-0.01540249927346704,0.0
1998-03-31,0.09467104321097009,0.2176796913813921,0.0027092438486699955,0.09501838337547253,0.08228718810525937,0.10231681415742266,0.061224489795918435,-0.019607843137254943,0.4058914685631434,0.14118922689812297,-4.33701086550219,-1.0370819205367172,0.10972940371121886,0.05181818181818176,0.02004008016032066,-0.03347280334728031,-0.05057096247960846,0.05586592178770933,0.011134676564156898,0.14678899082568808,-0.084071596456337,-0.016233766233766267,0.0
1998-06-30,0.718956343207487,0.43705653093529584,0.993462529215329,0.09870392830278885,0.08029303058779869,0.0772021867431345,-0.019230769230769273,-0.019607843137254943,0.007204167523874094,-0.23530125778984068,-0.38815778426007363,-1.1339861503399165,-0.013248473306368913,0.09334485738980125,-0.1719056974459725,-0.1601731601731602,0.49828178694158076,0.14814814814814814,0.052962768746722455,0.1279999999999999,0.15988945913936026,-0.024602460246024527,-0.17647058823529405
1998-09-30,0.1367452638814386,0.26052922296322545,0.04985172316964537,0.41453207812209447,0.13532343932369728,0.03877153991116655,-0.1960784313725491,-0.18000000000000005,0.5545973628068284,2.7337960076954144,4.365844392846145,5.896644622437687,-0.09259677812715172,0.006324110671936722,-0.10320284697508897,-0.097938144329897,0.03325688073394484,-0.3271889400921659,-0.019422310756971983,0.1134751773049647,-0.07658270932607225,-0.08581974776991685,0.0
1998-12-31,0.0614320850856378,0.10533056080962311,0.016127052979435064,0.1037351292601465,0.21569267717468565,0.3226579326968462,0.24390243902439024,0.2682926829268293,-0.38896227008375006,-0.5591574729558171,-0.5382483600129311,-5.183188939540531,0.426877278768212,-0.030636292223095052,-0.039682539682539764,-0.06095238095238098,-0.025527192008879096,-0.06164383561643827,-0.01574403250380918,0.1146496815286624,-0.04257279764098787,-0.03061911170928666,0.0
1999-03-31,0.031545706517042804,0.07628638387340736,-0.001042796429780224,0.0426387387474183,0.039242073344783135,0.06385561316789579,0.07843137254901977,0.03846153846153855,0.7811054912044622,-0.3105465137183021,-0.7359724323340867,-1.2347092694940356,-0.07023009551065673,0.02998379254457051,-0.02754820936639124,-0.04665314401622711,-0.002277904328018221,0.058394160583941535,0.01393188854489158,0.10857142857142854,-0.031568816169393554,-0.02082610204790003,-0.07142857142857151
1999-06-30,-0.09497081746059488,-0.1924294658019109,0.0012997626575284027,-0.060278535738332306,0.07478221231766602,0.08984695895579153,0.07272727272727253,0.09259259259259256,-0.07644250900259608,-1.2125951244679478,-3.758455384005025,1.7610246433203631,-0.20851699480850228,-0.0007867820613691734,0.10339943342776214,0.0787234042553191,-0.006849315068493178,0.0,-0.01577608142493636,0.10309278350515472,0.10634068773603667,0.02481389578163773,0.0769230769230771
1999-09-30,0.022868749903458552,0.03610980039458722,0.012319732765493585,-0.00026397164190361533,0.07476261162555087,0.08866554997208254,0.0847457627118644,0.0847457627118644,0.17749043361564,-2.4794478992871225,-0.5798525798525799,-1.0717557251908396,0.018904118065653952,-0.03779527559055107,0.1193838254172015,0.09270216962524636,0.012643678160919603,-0.034482758620689724,-0.0796277145811789,0.09345794392523343,-0.010420409629895877,0.10653753026634383,0.0
1999-12-31,0.03219938647569487,0.06128973593682896,0.0002984505494232348,0.026819056240805716,0.07938352260270976,0.09285567750538526,0.109375,0.078125,-0.1162672498767866,2.509671245984553,-2.15432891171017,-8.947626841243864,-0.14745536256528602,-0.09738134206219318,0.08027522935779818,0.07039711191335751,-0.0011350737797957144,-0.1071428571428571,-0.1882022471910113,0.08547008547008561,-0.030864197530864,0.08283838699593615,0.0714285714285714
2000-03-31,0.022188040735819703,0.05593514923911669,0.0013516585847448415,0.03184923958562935,-0.010683456890423493,-0.01234249243259733,-0.028169014084507116,0.0,0.11193990832883105,-0.5384907497565725,-1.1462251328308415,-3.1598023064250413,0.3735574868214846,0.06165004533091589,0.057324840764330975,0.059021922428330376,0.001136363636363713,0.06400000000000006,-0.0117647058823529,0.0866141732283463,-0.020419632821281453,0.06264434180138578,0.0
2000-06-30,0.006401327692418857,0.002202371333443809,0.010231991067457535,0.022348606215956357,0.045925804266152115,0.05428713976859667,0.05797101449275366,0.04347826086956519,0.017193818375599523,-0.04002363018756461,5.628527970255197,-2.889969488939741,-0.514002696815683,0.12382578992314253,0.048192771084337505,0.02547770700636942,0.0034052213393869213,0.12030075187969924,0.059523809523809534,0.07971014492753636,0.0038248231019315515,0.032599837000814924,0.0
2000-09-30,0.016838376345597927,-0.01612566342661159,0.04667209341561307,0.00747821393437631,0.011109802536018565,0.012754642148909312,-0.013698630136986356,-0.01388888888888895,0.20125117490254096,-0.20995604395604395,-0.5674511103745443,-2.2636464534355767,1.3364635577846546,0.037234042553191404,0.02011494252873547,0.010869565217391353,0.016968325791855143,0.033557046979865834,-0.01189689358889634,0.0738255033557047,0.029338921699371356,0.013417521704814472,0.0
2000-12-31,0.008063303624529228,0.004918648336351694,0.002639641568795481,0.006325285588372642,0.04554278614691731,0.05220061412487209,0.04166666666666674,0.04225352112676051,-0.43708311954848644,0.7465157036748546,-0.6583554376657825,-1.9858272117534335,-0.5638958666362184,0.022710622710622852,0.011267605633802802,0.00921658986175089,-0.0011123470522802492,0.006493506493506551,-0.0033444816053510573,0.07187499999999991,-0.0053673884878771005,0.00986500519210809,0.0
2001-03-31,0.011023072838427073,0.02261495332504837,0.009305660434925311,0.04416184375483012,0.040755319543986035,0.04643884283539168,0.040000000000000036,0.04054054054054057,0.6675857354449128,-0.5003504189098786,5.133022774327122,-1.253756125217673,0.3281143635125936,0.025071633237822244,0.0241411327762302,0.0243531202435312,0.00445434298440972,0.02580645161290329,0.007382550335570448,0.06997084548104948,-0.0016747301823595295,0.020822622107969035,0.0
2001-06-30,0.008921481605311588,-9.353296902581132e-05,0.016709694634167382,-0.030706984317563135,0.058855012220576874,0.06664780535122472,0.0641025641025641,0.06493506493506485,0.023011122953731755,-1.6966431827600497,0.09120319576898184,8.245132460900095,2.2840358001813668,0.028651292802236217,0.026291931097008225,0.028231797919762158,0.008869179600886845,0.025157232704402288,0.0006662225183211579,0.06539509536784749,0.007642124883504131,0.03852933769831268,0.0
2001-09-30,0.015238131744582661,0.026997889591162227,0.0052465975163284995,-0.030305344159094583,-0.0017185604528912046,-0.0014209389564624475,-0.012048192771084376,-0.012195121951219412,0.4114284187748778,-5.723745023566559,0.34262290855654953,-1.8568789918867599,-0.5959564429183726,0.06657608695652173,0.030918727915194344,0.024566473988439474,0.00219780219780219,0.06134969325153383,0.0312916111850865,0.0613810741687979,-0.009803921568627416,0.042919495635305616,0.0
2001-12-31,0.03062354511974741,-0.02605750920983485,0.07506033436872017,0.004882103329104437,0.04443881856540077,0.08167795548978307,-0.2804878048780488,-0.2962962962962964,-0.680811598591816,-0.5694094625489208,-2.361662090285912,-2.2126150808839826,1.7885838236168063,-0.11210191082802545,0.020565552699228773,0.01833568406205921,-0.0065789473684209065,-0.11560693641618491,-0.14009038089089731,0.057831325301204606,0.0431533719409678,0.05184840734712859,-0.06666666666666654
2002-03-31,0.008320779584132465,0.02106006781850467,0.002770776325285107,0.009908317588569693,-0.015981772053714316,-0.012751701396197301,-0.08474576271186429,-0.07017543859649111,1.3112250948766602,1.2399154086706115,-1.6454578785571257,-2.1194158789227986,-0.7179877886346926,0.1212338593974176,0.007556675062972307,0.0041551246537394615,0.002207505518763808,0.130718954248366,0.08183183183183185,0.05922551252847397,-0.005551575931232122,0.04442970822281156,0.0
2002-06-30,0.039140413420323705,0.08132855216911716,0.00535951429863335,-0.004422756938038286,0.0026439386474856885,0.0028604423914009303,0.0,0.018867924528301883,-0.1482046874398676,0.37205962114059576,-2.5554924407934982,-1.014737092058592,0.037519836771707116,0.03710812539987196,-0.004166666666666652,-0.016551724137930934,0.0033039647577091102,0.034682080924855585,0.029146426092991007,0.05591397849462365,-0.03241491085899517,0.022010582010582036,0.0
2002-09-30,0.040061727994739726,0.08500116998405893,0.0013587134783432653,-0.037903323576785164,-0.004897223814593454,-0.005297098111469389,0.0,-0.01851851851851849,0.3012650602409639,-0.14976757805351193,-0.357032500912947,15.149043303121854,0.5839979605957974,-0.08760024676125855,-0.005020920502091908,-0.02244039270687248,0.001097694840834329,-0.0949720670391061,-0.08496291301416048,0.05295315682281054,-0.03722315280104227,0.0225719610685442,-0.07142857142857151
2002-12-31,0.01850861314311869,-0.014000816606656752,-0.00038782684893834407,-0.02558032780983066,0.03632563039041403,0.03928972162359523,0.03703703703703698,0.05660377358490565,-0.4424563677607518,-0.6182218931345032,-1.2482633579448643,-1.469755550012472,-0.17319232095643178,0.011494252873563315,0.003364171572750152,-0.021520803443328518,-0.0010964912280702066,0.012345679012345512,0.016212232866617438,0.04835589941972929,-0.018557896771699056,0.020656136087484844,0.0
2003-03-31,0.03678213665708596,0.12005058070983865,0.011201009999328937,0.1459740067800368,0.12702698410177415,0.13707949891179538,0.125,0.125,0.7605762444472122,1.9931667493572687,-6.948086229652442,-3.6139652196999865,0.5475501918691952,0.10762032085561501,0.0402347024308467,0.007331378299120228,0.007683863885839859,0.10975609756097571,0.11240029006526475,0.04981549815498165,-0.0246208390781959,0.0259920634920634,-0.07692307692307698
2003-06-30,0.03010682237827167,0.04479315205871526,0.0151335723899928,-0.046162402669632896,-0.13549696312058734,-0.2567217265493128,-0.25396825396825407,-0.26984126984126977,-0.1729549366849813,0.01092500922974926,-0.01887573964497047,-0.883398506932101,0.04125563761162909,0.1152685576342789,-0.03706688154713944,-0.02911208151382827,-0.0065359477124183885,0.10439560439560425,0.06584093872229468,0.047451669595782064,-0.014539579967689842,-0.035969831754012804,0.0
2003-09-30,-0.0071457197460229605,-0.0845437128733112,0.07406991235417903,0.016258925930620727,0.4916049946206762,0.7964029360476905,0.7446808510638299,0.7391304347826086,0.17727564331028578,-1.7308102226230315,-2.9845606416983292,20.346254355400696,0.8457609277122988,0.08982683982683981,0.11297071129707126,0.09895052473763122,0.043859649122807154,0.09950248756218905,0.130275229357798,0.04530201342281881,0.08176229508196742,0.11875626880641921,0.0
2003-12-31,0.155702003759858,0.2591509500675524,0.01566693613581238,-0.027033319751536222,-0.0812642070292009,-0.08395507647158418,-0.09756097560975607,-0.10000000000000009,-0.13910147735529188,-5.829167304064046,-3.611674162766669,-2.1971190140988757,-0.5485415108451758,0.06901688182720966,0.0563909774436091,0.019099590723056004,0.0126050420168069,0.02262443438914019,-0.0487012987012988,0.043338683788122,-0.12123508240197012,0.06688183611260534,0.0
2004-03-31,0.035451489761453514,0.04898904720200736,0.010777462420043404,0.19587549569260232,-0.15081838511681023,-0.15620340820878054,-0.16216216216216217,-0.1527777777777778,0.5121179300353058,-0.894622025493956,-1.146041267283184,-1.12610785383147,0.1532264744864149,0.10404087320018562,-0.01992882562277598,-0.04953145917001356,0.008298755186721962,0.09292035398230114,0.03583617747440293,0.04307692307692301,-0.023712006898038318,-0.024705882352941022,-0.08333333333333326
2004-06-30,-0.09344237982472092,-0.1730392693593369,0.00518605841495412,-0.06361174040749817,0.0005743181722674962,0.0005987149532711289,0.0,0.0,-0.2247886066176129,-3.8813403074209902,3.530665498077804,-1.0460873090958238,-0.006123511771149448,-0.04543542280185098,0.03994190268700071,0.014084507042253502,0.00411522633744843,-0.05668016194331993,-0.03789126853377267,0.04277286135693226,0.10863325237359223,0.04015164570049978,0.09090909090909083
2004-09-30,0.01282600687509139,0.004361549050876379,0.018982876518217617,-0.05916383007952619,0.09913201735965282,0.1033405817194728,0.09677419354838723,0.09836065573770503,0.2387923586445233,-1.1677261851769418,-0.9980831204688441,-231.74780058651027,1.4216926245799155,0.0647862494490965,-0.0544692737430168,-0.061111111111111116,0.01127049180327866,0.06437768240343344,0.006849315068493178,0.03960396039603942,0.006174068910575592,-0.04804506295559974,-0.08333333333333326
2004-12-31,0.08509686053700172,0.1662550235644673,0.011371370556539251,-0.004331813683339569,-0.03444103374049501,-0.03579270389672229,-0.05882352941176472,-0.0746268656716419,0.0,0.0,0.0,0.0,0.0,0.13617549668874163,-0.03914327917282123,-0.035502958579881616,0.007092198581560405,0.12096774193548376,0.19217687074829937,0.042176870748299455,-0.06789390340459223,-0.03880960668290978,0.0
2005-03-31,0.018743695517746017,0.015669661298272075,0.020421659810409665,0.07579436206615608,0.1447491656443336,0.1505569578577699,0.15625,0.17741935483870974,0.0817156805765431,0.8409288824383163,20.461009174311926,-0.2638876533011374,-0.28269579425655256,0.0014571948998178819,0.039200614911606424,0.049079754601227155,0.015090543259557387,-0.003597122302158251,0.04136947218259612,0.039164490861618884,0.0014865151836909174,0.07007061379684942,0.0
2005-06-30,0.031248566224020058,0.04832750412027442,0.01380500431406384,-0.02958127276720457,-0.033913344088499664,-0.03508960188861465,-0.04054054054054057,-0.04109589041095896,-0.2625456694605631,3.3476370680722622,-7.614513198674789,-1.8419053538440289,-0.507213363705391,0.021826118588577748,0.025147928994083024,0.0029239766081869956,0.009910802775024763,0.0036101083032489267,-0.024657534246575352,0.03894472361809043,-0.016751484308736297,0.04720812182741119,0.0
2005-09-30,0.03580368197502848,0.05362853100453724,0.013485190668121927,0.017980754973192736,0.01796342903491288,0.018609134045077136,-0.49295774647887325,-0.48571428571428565,0.5337267616237418,-0.19561263982508592,-0.16774381180120213,-1.462697891887458,0.4762437469658274,0.1132075471698113,0.006493506493506551,-0.020408163265306145,0.012757605495584023,0.10431654676258995,0.07631086142322085,0.03990326481257567,-0.021565667457407844,0.00759411859751169,-0.09090909090909083
2005-12-31,0.07084486800364354,0.12040993832995994,0.018099825398951053,0.01136912473838736,0.261591460342383,0.27079845694737603,0.2777777777777779,0.3055555555555556,-0.28376891225347767,1.0827675937495975,3.644263249854397,-0.7193192394628374,0.09054904203603087,-0.024304445155100662,0.08172043010752672,0.0535714285714286,0.013565891472868241,-0.03583061889250816,-0.04175728577642446,0.10930232558139519,-0.049371831606788597,0.08017960230917254,0.0
2006-03-31,0.15198325599009577,0.08201673092907513,0.19900310571234914,0.08172129407840889,-0.10655905190028603,-0.10950103573030923,-0.10869565217391308,-0.14893617021276584,0.47158569612557333,0.6219422435814175,0.9811642547214767,12.043581241117954,1.0830175815819492,0.21304490331038983,-0.03313452617627566,-0.04519774011299449,0.13766730401529625,0.19594594594594605,0.08715388107126643,0.03459119496855356,0.040806862972408986,0.006235154394299336,0.0
2006-06-30,0.060547933689345745,0.08773548238060713,0.010831586181211605,0.06164465155390486,0.13045376578824253,0.13452179319512036,0.07317073170731714,0.07499999999999996,-0.19619611348561905,-0.6016439515852254,-0.86204124520515,-1.44224925851946,-0.22993743627185637,0.010267495271548244,0.009595613433858619,-0.011834319526627168,0.010084033613445342,-0.11299435028248583,-0.012108559498956173,0.033434650455927084,-0.04678102027177544,0.024048391856004825,-0.10000000000000009
2006-09-30,0.053529137735974563,0.07843510158378164,0.008241511364264875,0.015095510290293213,-0.15924556757154418,-0.16362262011621864,-0.15909090909090906,-0.16279069767441867,0.12830816387559807,0.05994974273064502,0.24127858071423103,-0.4648253585897295,-0.15980089255063512,0.06071142016581965,-0.03665987780040725,-0.06137724550898194,0.005823627287853572,0.05095541401273884,0.009721048182586678,0.03529411764705892,-0.043000701098387495,-0.02521250540267983,0.0
2006-12-31,0.10464546620163429,0.06202086907414528,0.15420456785362302,-0.051401595692799895,0.44260448226453897,0.4571273639259812,0.3783783783783785,0.5000000000000002,-0.21569017210820118,-4.199918717543463,-7.912778304850852,-13.391693519513069,2.3568266939053455,0.12531517902168443,-0.02466525722339674,-0.028708133971291905,0.10918114143920588,0.11818181818181817,0.1255755546253663,0.03409090909090895,0.044932844932844995,0.03680165533550106,-0.11111111111111105
2007-03-31,0.014734639001281025,0.008673366397854876,0.02333054842663662,0.08495105700419514,0.1658238117261719,0.16958180211192264,0.17647058823529416,0.09259259259259256,1.074807806031934,-1.4578604672166544,-0.8270254951448004,-1.9288025756387501,-0.6521119209424311,0.08872955411158423,0.0859826589595376,0.07224958949096871,0.01938851603281133,-0.01897018970189701,0.044626255113425106,0.03296703296703285,0.008413180649684548,0.10919458303635077,0.0
2007-06-30,0.08015034255114228,0.14385908515161683,0.015815066091773966,0.07902601135983112,-0.1674123982206498,-0.17064068144907363,-0.16666666666666663,-0.1694915254237288,-0.0007532726643457721,1.1574911388503621,-6.081630550145806,-0.9532799160967198,-0.08757622205191429,-0.10187281333607745,-0.007318695941450404,-0.02143950995405819,0.015362106803218811,-0.11878453038674042,-0.19081523673905298,0.03191489361702149,-0.05955967555040553,0.008739236601979172,0.0
2007-09-30,0.03166609663488007,0.05782417842656118,-0.004213139245880626,0.0171385074801651,-0.3906906625423755,-0.3997746037582026,-0.4,-0.40816326530612246,-0.14671875636689624,-0.5185771959348455,-0.7863155141263329,5.096452011794921,-0.585149409756142,-0.06828597616865273,-0.06702412868632712,-0.0782472613458528,-0.00648414985590795,-0.08150470219435735,-0.09634843818741756,0.03436426116838476,-0.034746180384425784,-0.05707733469231757,0.0
2007-12-31,0.022412848723666334,-0.04440821766453429,0.11744241529390798,0.029168969328543737,0.0645343247227741,-0.03980238627889632,-0.06666666666666654,0.034482758620689724,-0.3692686974325914,-0.5662606270122702,-0.21649269311064723,-1.6562441490357611,0.9256365677061555,0.0137727496310871,-0.15086206896551724,-0.1307300509337861,0.11675126903553301,0.020477815699658786,0.05063291139240511,0.03322259136212624,0.09292826142455968,-0.16105931630860693,0.0
2008-03-31,0.03668759623188689,0.06987491070082275,-0.0036119483157850407,0.06577394436706774,0.18579221811438007,0.20161704134133984,0.2142857142857142,0.13333333333333353,0.45463837519638095,1.1396954189699522,1.6950197417823318,0.5088445078459343,0.7252882890090173,-0.16084425036390093,-0.17681895093062605,-0.1601562500000001,-0.00649350649350644,-0.24749163879598668,-0.04031510658016668,0.032154340836012985,-0.039009577201588375,-0.19004670639394428,0.0
2008-06-30,0.017245549081687406,0.03171772932988226,-0.004799630563738222,-0.03360484522772356,-0.04156722556795678,-0.047238732760113145,-0.02941176470588236,-0.05882352941176472,-0.23486662329212749,-0.37651836101740976,-0.7770147898812225,-1.4377107560429865,-0.1840077900914806,0.10581092801387681,-0.1397738951695786,-0.11162790697674418,-0.0065359477124183885,0.11111111111111116,0.30082085948817006,0.031152647975077885,-0.02163344676713652,-0.13481805527937962,0.0
2008-09-30,0.016928479840937927,-0.053353561822796935,0.10187312817947314,0.03458332201917069,0.15057113187954307,0.17213392770617308,0.15151515151515138,0.15625,0.768709449749577,-0.3098765622035211,-2.461606674996977,-1.032687738498092,0.0073711469926855955,0.01098039215686275,0.016726403823178027,0.06282722513089012,0.051315789473684204,0.016000000000000014,0.14847809948032675,0.0332326283987916,0.08347826086956522,0.044357618938175136,0.0
2008-12-31,-0.03684815564995492,0.021715084088968828,-0.06579036421369655,0.015879015028634758,-1.4744990053783247,-1.6546474855831836,-1.631578947368421,-1.6486486486486487,-0.5755040816915222,0.03309752400202126,-1.8661647500068943,12.310572687224669,0.09739626564376147,-0.39720713731574875,-0.40423031727379544,-0.3546798029556649,-0.08260325406758451,-0.4251968503937008,-0.4334195216548158,0.032163742690058506,-0.030038981884888738,-0.41219190140845074,0.0
2009-03-31,-0.00044460302685489506,0.02258398943694373,-0.02850745570322688,0.0018963664172626515,-1.7457640277157775,-1.4199542189596652,-1.4166666666666667,-1.4166666666666667,0.3013613300715774,-0.42583401665875453,-1.3387035150280182,0.14223068012576534,0.1013754158191178,-0.4161304161304161,-0.29585798816568043,-0.24045801526717558,-0.3001364256480219,-0.3630136986301369,-0.01711351968054764,0.031161473087818692,-0.02789598108747038,-0.29951329090228385,0.0
2009-06-30,-0.005815200710233337,-0.12199005626819182,0.1526004921260098,-0.023775754918899383,-4.504346241932126,-6.50608976768664,-5.0,-5.0,-0.27725512379792006,-0.4564541992383243,-0.9663470577176161,1.8209344440420137,0.25965115813897666,-0.2645113886847906,-1.5854341736694677,-1.2060301507537687,0.1520467836257311,0.053763440860215006,0.0562971561230412,0.0,0.159046692607004,0.0,0.0
2009-09-30,-0.005387034771785593,-0.029682527215181276,0.019482563213755855,0.013741183928996037,-1.2978663359351212,-1.19311408928608,-1.175,-1.175,0.4930822305441498,-2.573015580344796,334.7737430167598,-2.2368846776057314,-0.2549583167923779,0.20079920079920077,0.7607655502392345,1.8048780487804876,0.018612521150592087,0.04081632653061229,0.0,0.0,0.02496852706672259,0.0,0.0
2009-12-31,0.09411715559825806,0.11786617187957527,0.06938691594633783,0.10388980957443472,0.30091253615238855,0.426677508307997,0.5714285714285714,0.5714285714285714,-0.3416400529049324,-5.223794871794872,-1.7817390002246125,-0.6117962132536123,-0.13284596858415565,0.0715474209650584,-0.6847826086956522,-0.9652173913043478,-0.006644518272425071,0.0490196078431373,0.0,0.019230769230769162,-0.022517911975435068,0.0,0.0
2010-03-31,0.009865772241359094,0.022146987321606693,-0.00441502559358975,0.07167844547990998,-0.025700979358721288,-0.03323008301325736,-0.09090909090909083,-0.09090909090909083,0.7539995590072763,-0.8907567106294706,-1.5124746596006193,-1.8224503984170277,0.12599747660948069,0.11956521739130421,-0.2844827586206896,-3.25,-0.004180602006689016,0.1308411214953269,0.0,0.010781671159029615,-0.014240837696334996,0.0,0.0
2010-06-30,-0.036975139398797374,-0.06078422991497234,-0.004534779440208303,-0.05748356857147896,-0.5158745770713667,-0.672194596811401,-0.7,-0.7,-0.3955554313969243,-5.3345294042931535,1.3382131547526348,-1.140061122309643,-0.01567263546206621,0.03190013869625519,-4.048192771084337,17.777777777777775,-0.005037783375314908,0.03305785123966953,0.0,0.0,0.03377947737412357,-0.23784072688401914,0.125
2010-09-30,-0.006930987704450664,-0.04053454433902315,0.027588568534382185,-0.01605477787385201,0.23249766364633695,0.36609586363280955,0.3333333333333335,0.3333333333333335,0.48437861071313026,-1.2265151681648023,-0.668226726760063,-11.600278551532034,0.16877952144763197,-0.006720430107526987,-0.10671936758893286,-0.07100591715976334,0.02700421940928277,0.0,1.6197802197802198,0.0,0.034730785039046363,-0.10939691444600286,0.0
2010-12-31,0.0019733031956366,0.005197347920808282,-0.0013123370201248985,-0.0591392741782254,0.2226947548874163,0.27342453208173545,0.25,0.25,-0.05245582626294076,0.17034282018111258,0.5860647509937498,-2.443612315508256,-0.20846720129525154,0.15087956698240879,-0.1681415929203539,-0.08280254777070062,-0.0024650780608052036,0.11999999999999988,0.27411912751677847,0.03333333333333344,-0.003376365441906448,-0.1519685039370079,0.0
2011-03-31,0.00623182621296281,0.02248046926627878,-0.0067107091353409976,0.13101933659817244,-0.2190735547886109,-0.3652463142754405,-0.4,-0.4,-0.05659199382244462,0.4714676541299361,-0.6733498725802913,-1.6942539894423883,0.1828467328251595,0.0723104056437387,-0.27659574468085113,-0.14583333333333326,-0.007413509060955503,0.0714285714285714,0.36477366255144017,0.011612903225806326,-0.012754085292945416,-0.2692664809656453,0.0
2011-06-30,-0.019249616832798466,-0.03898313703387335,-0.0019240343980554409,-0.021359604679918376,0.33649829092290173,0.6901288769296134,1.0,1.0,-0.12059176956165862,-4.1336200420673075,6.022035649702919,-1.173527355357455,-0.02682419378808143,0.009320175438596534,0.16176470588235303,0.12195121951219501,-0.0024896265560166997,0.020000000000000018,0.4802798214931856,0.011479591836734748,0.017561566410980944,0.15883100381194404,0.0
2011-09-30,-0.01279063297295735,0.009043845498508674,-0.029187952635509107,-0.014404568592749412,0.42036735642873757,0.6817496229260935,0.6666666666666667,0.6666666666666667,0.5058469398869228,-1.2041364265637455,-0.6987488181647616,-10.09871568874339,0.2507930337967752,-0.053775122216186744,0.3037974683544302,0.18840579710144945,-0.02911813643926786,-0.05228758169934644,-0.21143974578342706,0.01134930643127352,-0.016663360444356345,0.2839912280701753,0.0
2011-12-31,0.0035452031934279926,0.022174851360149628,-0.013488164622338705,-0.007955460528142666,-0.15610847383641624,-0.21380169407075234,-0.20000000000000007,-0.20000000000000007,-0.4693713834823777,1.9448946039574895,-0.41742889591754495,-2.863109241371675,-0.37356685423811586,-0.09644087256027567,0.10679611650485432,0.06097560975609739,-0.01371036846615259,-0.06896551724137923,-0.3223806571605704,0.011845386533665847,-0.01694573330643523,0.07173356105892403,0.0
2012-03-31,0.022055088368462927,-0.04125235299557106,0.08551920392387657,0.07929221539566811,0.1560412086727876,0.2061600861905064,0.125,0.125,0.9439639148429948,-0.6762105095255659,-1.105292946232051,-2.9225444173747697,1.146489254265516,0.14675984752223648,0.20614035087719285,0.149425287356322,0.08601216333622941,0.16296296296296298,0.01936566026227493,0.011706715958102354,0.06217935563308008,0.2087649402390439,0.0
2012-06-30,0.020709780070655492,0.06340181257878696,-0.014262176042359132,0.010706443749027406,0.2884895037100563,0.2681536359815049,0.33333333333333326,0.33333333333333326,-0.24424697527952366,2.4608208380799903,25.93111686243281,0.09280780107867526,0.5836937680561287,0.028254847645429182,0.17818181818181822,0.1499999999999999,-0.014399999999999968,-0.05732484076433131,-0.1587135377711293,0.011571254567600331,-0.034196290571870014,0.1628213579433091,0.0
2012-09-30,0.008564744955444459,0.010109044058433936,0.011587944660878868,-0.04903927161692323,-0.20502951730524366,-0.4384413001595161,-0.41666666666666663,-0.41666666666666663,0.11471178663607695,-1.1319614960321696,-1.74803917944927,-0.6761625974870783,0.11935506568437626,0.07165948275862077,-0.09876543209876543,-0.017391304347826098,0.009740259740259605,0.08783783783783794,-0.09317211948790904,0.0114388922335944,0.0030006001200237886,-0.08843537414965985,0.0
2012-12-31,-0.03708678233321239,-0.010567134489166241,-0.06062963890948381,0.055687470206776224,0.6086236394743547,1.1850813443022097,1.0,1.0,-0.4592533179981537,4.329333243443673,3.33010840885059,-7.280655021834061,-0.6696963418069559,-0.018099547511312153,0.18493150684931492,0.18584070796460184,-0.06109324758842438,-0.024844720496894457,0.06372549019607843,0.012499999999999956,-0.024331870761866603,0.16417910447761197,0.0
2013-03-31,0.03295702296534575,0.06186936128417986,0.004737511437181485,0.0273866981328994,-0.23320623210871116,-0.10187233036754406,-0.07142857142857151,-0.07142857142857151,1.0973497145415876,-3.044237824161923,-1.0838285771667489,-1.0869760198015672,0.1763453744493393,0.0727086533538146,0.10693641618497107,0.04850746268656714,0.0025684931506850806,0.14012738853503182,-0.08055299539170502,0.012345679012345512,-0.027391659852820993,0.07638888888888884,0.0
2013-06-30,-0.007291314158898499,0.003382855986276523,-0.013672853656269579,0.020524260090057922,-0.24540357090157883,-0.31263041148936965,-0.3076923076923077,-0.3076923076923077,-0.2284551489475264,-1.3969442502026648,-6.179058560888623,-1.4174427435149286,-0.06257864273131453,0.08210023866348459,-0.04960835509138384,-0.06405693950177938,-0.015371477369769515,0.0837988826815641,-0.012028869286287103,0.012195121951219523,-0.006305170239596425,-0.07444168734491319,0.0
2013-09-30,-0.003543285053338008,-0.001921891776844542,-0.00522756731768792,-0.018815413118377422,0.0904202272238408,0.1264562708527046,0.11111111111111116,0.11111111111111116,1.3201836687045474,1.6149816821264324,0.002833382396231876,-24.485254691689008,1.5677852348993286,-0.05337450374944863,0.10164835164835151,0.0076045627376424285,-0.005203816131829853,-0.04123711340206182,0.012784090909090828,0.012048192771084487,-0.0016920473773265332,0.05844504021447716,0.11111111111111116
2013-12-31,-0.029081352614602984,-0.043579063875565316,-0.013873079945086686,-0.0978355838788888,0.10483654035830203,0.1418790968681718,0.09999999999999987,0.09999999999999987,-0.865105306116364,-0.988380688931548,0.5259394771742036,-2.031319308545336,-0.6296816269633834,-0.04380242311276805,-0.05735660847880286,-0.10188679245283006,-0.01482127288578905,-0.037634408602150615,-0.10619114405930674,0.012471655328798015,0.015677966101694807,-0.04761904761904756,0.0
2014-03-31,0.017598666339667446,0.03995402615376076,-0.0032825196868071504,0.13314361775370642,0.4121313444464283,0.5398860398860399,0.6363636363636362,0.6363636363636362,4.015002486599989,-3.9892252437147255,-0.8091959945724052,-1.4749448533771872,0.8075863088836308,0.031189083820662766,0.11904761904761907,0.08823529411764697,-0.005309734513274433,0.04469273743016755,0.10311589329746695,0.012318029115341522,-0.020650813516896127,0.10159574468085109,0.0
2014-06-30,0.03627069249744008,0.07004772754181565,0.0020395429188746483,0.03403705473958807,0.02887356321839074,0.03466939124911983,0.0,0.0,-0.20345099249089593,27.51922416752489,-0.006931441739881916,-1.6386389552449998,-0.28532860314379105,0.06427221172022679,0.198581560283688,0.14671814671814687,0.001779359430605032,0.06951871657753994,-0.0465352570615728,0.012721238938053103,-0.03301384451544198,0.1830033800096571,0.0
2014-09-30,0.010091780751477986,0.002955166916185803,0.018554982159793232,-0.028611608384486065,1.1752167307176693,1.4037871306947078,1.4444444444444446,1.3888888888888888,0.2719803021081171,-1.60116880224853,4.833807719501804,-0.5048352622250025,-0.19769178335232562,0.007104795737122638,0.5897435897435899,0.4579124579124578,0.01687388987566596,0.004999999999999893,-0.1519607843137255,0.012561441835062803,0.008370044052863568,0.5791836734693878,0.0
2014-12-31,-0.0007269840285990536,-0.013719085794322572,0.013222351312208502,-0.01700157675913494,-0.7289222836247098,-0.7878979654148277,-0.7954545454545454,-0.7674418604651163,-0.3510994627748657,0.9902488837274492,-0.11430853328443968,-1.872055378622378,0.2148777482327,0.04938271604938271,-0.03101736972704716,-0.03464203233256358,0.010480349344978324,0.034825870646766344,-0.3355114350339281,0.012944983818770295,0.013979903888160727,-0.04884983199793236,0.0
2015-03-31,0.14079314560913914,0.2159564801625249,0.04992664591180551,0.16284393319686097,4.8798052329436725,6.741225429895046,7.0,6.1,0.8145100470931304,-4.324510306944738,-2.677243126412261,0.01578534347458649,0.17966389425694795,0.12899159663865545,0.5774647887323943,0.4569377990430623,0.050129645635263564,0.1153846153846152,0.14183055975794256,0.012779552715654896,-0.07970702283498488,0.5532608695652175,0.0
2015-06-30,-0.022719153276390625,-0.030317326164269742,-0.007896793528411328,0.03741321404380216,-0.5907740492746711,-0.6198824082307477,-0.625,-0.6197183098591549,-0.4324143345340353,-1.1936357061367275,-1.6820307057639727,-3.232803446738969,-0.3400580150875431,-0.07815407517677708,0.044642857142857206,0.02791461412151075,-0.009053497942386968,-0.1206896551724137,-0.4223252732692945,0.012618296529968598,0.015215355805243247,0.02519244226731976,0.0
2015-09-30,-0.004649741560876053,-0.001400087559556229,-0.009223123919039455,-0.019312319552745816,-0.3891968503937008,-0.43964528093785304,-0.44444444444444453,-0.40740740740740744,0.44696310158252306,-0.8999335807774956,-0.5228464074840886,-1.4668441014039524,0.24055762795545554,-0.035930561162696883,-0.19580419580419595,-0.19169329073482433,-0.009966777408637828,-0.02941176470588236,-0.09346330275229364,0.012461059190031154,-0.0046114825916532265,-0.2165529010238907,0.0
2015-12-31,-0.006116444529797871,-0.025045947364611965,0.024065114168557722,0.043303673599600634,3.88837467127314,4.714693884029905,4.8,4.375,-1.132608707876225,41.284085584882085,2.2738037077987197,-0.7542544397252073,0.0476527391619177,0.07453936348408718,0.6096618357487924,0.5375494071146245,0.02348993288590595,0.08585858585858586,0.3086654016445287,0.01333333333333342,0.030345147092888602,0.55173164887824,0.0
2016-03-31,-0.008357596161059244,-0.03789179214719551,0.027013653567960594,-0.012191311862266074,-0.6289223920822994,-0.641247708460641,-0.6436781609195402,-0.6395348837209303,-6.807403638213968,-0.76398086760605,-0.5438869319007394,2.765920426864633,0.17129380480547018,0.04949337490257211,-0.20708283313325337,-0.18123393316195358,0.012295081967213184,0.027906976744185963,-0.3494441759304011,0.013157894736842035,0.035746402877697925,-0.20971364402021353,0.0
2016-06-30,0.012718144612836157,0.002681471041943384,0.0253748153202078,-0.019225980982631397,0.44555940105036496,0.4854209572771335,0.4838709677419355,0.4838709677419355,-0.42396828178393065,0.43618253235473614,-0.36879875329326883,2.5672703751617076,0.5216891891891893,0.08020794652803565,0.10068130204390613,0.10832025117739397,0.02429149797570851,0.0678733031674208,0.3506686478454679,0.012987012987013102,0.01258953766008264,0.12184724689165205,0.0
2016-09-30,-0.016355594661438433,-0.029634840494914383,-0.002384210990817537,-0.02199747502470084,-1.2140760733300886,-1.2871975564752365,-1.2826086956521738,-1.2826086956521738,1.8986703172731998,-1.3438138460448823,1.2700599496668326,-2.4442861460087206,-0.49515267232064886,0.04125128910278453,-0.17400275103163687,-0.14730878186968843,-0.014229249011857736,0.01271186440677985,-0.06930693069306915,0.012820512820512775,0.014147909967845651,-0.15626979100696647,0.0
2016-12-31,0.002186130377895834,0.009405016524583587,-0.008548216084747984,0.04191864625573527,-2.7975198070961076,-2.2108529945553537,-2.1538461538461537,-2.1538461538461537,-0.35468495139474987,0.31302887205653973,-0.7212830073037437,-0.832253243259401,-0.16452549180568177,-0.11554968636513696,-0.47377185678601164,-0.4418604651162791,-0.009623095429029727,-0.10041841004184104,0.05555555555555536,0.01314508276533588,-0.010779961953075512,-0.46687933946331395,0.0
2017-03-31,0.0015866471960537254,0.00889584033369717,-0.008524127691448058,-0.011574744298478934,-0.019674728194907565,-0.023082226685452234,0.0,0.0,0.06425425221928571,-0.21101858556601494,-0.2809128049240587,-1.8898392672582771,0.17523125078955126,-0.11123553564762978,-0.19303797468354444,-0.1696428571428571,-0.008906882591093068,-0.10232558139534886,0.6875699888017919,0.012974531475252293,-0.010042735042735007,-0.18972192889827533,0.0
2017-06-30,0.027550627337050715,0.042268763547071986,0.003835485532977634,0.012221207951278679,0.8690263641458043,1.0230906133971587,1.0666666666666669,1.0666666666666669,-0.08958816188268859,0.2553422562141492,0.27822332818660156,-1.975448574174944,-0.14544292760997046,-0.15917681646367066,-0.22156862745098038,-0.19354838709677424,0.004084967320261423,-0.15025906735751293,0.05441274054412748,0.012808349146110176,-0.023095186704079396,-0.22719374456993913,0.0
2017-09-30,0.012451723087784305,0.039972792884007236,-0.0034390917937967558,-0.007843836648989133,-0.15609137055837563,-0.22678426524901218,-0.22580645161290325,-0.22580645161290325,0.35528947699710445,0.5941536286981528,-0.4199064138197939,-1.5538493122562103,0.09426341204341049,-0.029970029970029843,0.7632241813602016,0.6311111111111114,-0.0032546786004881145,-0.03658536585365846,0.27312775330396466,0.012646370023419173,-0.01568714096332302,0.7380550871275997,0.0
2017-12-31,0.005254121838714543,-0.008366096109594823,0.034701799156470425,0.06912106360969328,-0.2985540775014459,-0.2794511411673548,-0.29166666666666663,-0.29166666666666663,-0.37886387796596177,-0.8776418072445712,-0.5464984635290312,5.073467269627104,0.5231882392009606,-0.03347064881565409,0.011428571428571344,0.0027247956403269047,0.03510204081632651,-0.03164556962025322,-0.45427582797825017,0.012950971322849059,0.029180695847362603,0.0032341526520052177,0.0
2018-03-31,-0.033256809959701594,-0.05967164388164936,0.005621176943423345,-0.03536204298516932,0.6972531096871466,0.7627577758116109,0.7647058823529409,0.7647058823529409,0.5974660407925891,-5.961644177911045,12.012883380884452,-1.246566981995728,-0.08469140046873758,-0.14597762386787416,0.16101694915254217,0.15489130434782616,0.007097791798107211,-0.17647058823529416,-0.16530797101449268,0.012785388127853903,0.040348964013086075,0.1624758220502902,0.0
2018-06-30,-0.007097734517874765,-0.011496503047342066,-0.0024621324544673584,-0.03510612408658309,0.14779651606634747,0.16487131373502906,0.19999999999999996,0.19999999999999996,-0.16939967443142512,0.8724976707879033,-0.24232883986228393,-5.32,0.39971966854928476,-0.02932002495321273,0.034063260340632784,0.05176470588235271,0.005481597494126911,-0.031746031746031744,-0.1725447639717851,0.012623985572588037,0.004612159329140386,0.0465890183028288,0.0
2018-09-30,-0.016141117837634722,-0.02649268471901034,-0.0060910591161681404,-0.03518368932832994,-0.3943985585236961,-0.4323973165751863,-0.4722222222222222,-0.4722222222222222,0.029040680746617253,-0.9824911749873928,0.4746256239600666,-2.824245966263293,-0.5209521659025385,0.07969151670951158,-0.04352941176470604,-0.029082774049216886,-0.006230529595015577,0.07377049180327866,0.02950819672131133,0.012466607301869992,0.01022537562604331,-0.026232114467408585,0.09999999999999987
2018-12-31,-0.00993931241499968,-0.01224582175792377,-0.008264026402640234,0.003960011304224853,-0.11978074642065539,-0.1401125852564702,-0.10526315789473684,-0.10526315789473684,-0.2600626730353829,7.790322580645162,-0.5483534678358987,-0.9823796571414213,-0.019161668465563664,-0.06547619047619058,0.0036900369003691758,0.025345622119815614,-0.00783699059561127,-0.06106870229007644,-0.01974522292993619,0.012313104661389573,0.0016525511258005388,0.026938775510204183,-0.09090909090909083
2019-03-31,0.006464165249884024,0.015328433702677557,-0.0026110820720071093,0.038032941474519744,0.31769149623983384,0.38040392790688204,0.4117647058823528,0.4117647058823528,0.2767402656140783,-1.6789864569681083,-0.05211133740665308,-1.0327985739750445,0.0006407533030137191,0.04968152866242037,-0.05882352941176483,-0.04943820224719098,-0.003949447077409185,0.05691056910569103,0.0500324886289798,0.012163336229365829,-0.008867807795421623,-0.05590885002649715,0.0
2019-06-30,-0.0026464743184404504,1.6638175266647792e-05,-0.004882631684905547,-0.03436154706620109,-0.130344584183388,-0.005982191174300211,-0.16666666666666663,-0.16666666666666663,0.019406407399296555,4.467571741088663,-0.2624763650948261,-323.6304347826087,-0.2065941408615397,0.09769417475728148,-0.11588541666666652,-0.13238770685579182,-0.0055511498810467685,0.09999999999999987,0.16584158415841577,0.012017167381974225,-0.002288805659592219,-0.11451024417625599,0.0
