Quarter end,Assets,Current Assets,Liabilities,Current Liabilities,Shareholders equity,Revenue,Earnings,Earnings available for common stockholders,EPS basic,EPS diluted,Cash from operating activities,Cash from investing activities,Cash from financing activities,Cash change during period,Cash at end of period,Price,ROE,ROA,Book value of equity per share,P/B ratio,P/E ratio,Cumulative dividends per share,Equity to assets ratio,Net margin,Asset turnover,Current ratio
1993-12-31,0.4346086569962406,0.5626216782228992,0.10696432843526105,0.1623103672284001,0.6386403732308779,0.09771051202550485,0.4353146853146854,0.4353146853146854,0.3333333333333335,-0.44067796610169485,-4.63337947399644,0.5335775335775337,-0.8779091119302493,-0.6228261845610464,1.4184604933554112,0.4642857142857142,0.07128712871287135,0.09688826025459685,0.4347826086956521,-0.23551401869158872,-0.3049522154648132,inf,0.1423239208049334,0.08452830188679239,0.009345794392523477,0.3443798013564334
1994-03-31,0.4346086569962406,0.5626216782228992,0.10696432843526105,0.1623103672284001,0.6386403732308779,0.09771051202550485,0.4353146853146854,0.4353146853146854,0.3333333333333335,-0.44067796610169485,-4.63337947399644,0.5335775335775337,-0.8779091119302493,-0.6228261845610464,1.4184604933554112,0.4642857142857142,0.07128712871287135,0.09688826025459685,0.4347826086956521,-0.23551401869158872,-0.3049522154648132,inf,0.1423239208049334,0.08452830188679239,0.009345794392523477,0.3443798013564334
1994-06-30,0.08309924620576759,0.09439664828621619,0.07136519780694761,0.07806618118455444,0.08803544768977534,0.0,0.0,0.0,0.0,-0.44067796610169485,-4.63337947399644,0.5335775335775337,-0.8779091119302493,-0.6228261845610464,0.22121765387451275,0.09639953542392576,0.07128712871287135,0.09688826025459685,0.06926406926406936,-0.23551401869158872,-0.3049522154648132,inf,0.004546100298337796,0.08452830188679239,0.009345794392523477,0.015158398087268266
1994-09-30,0.07167646235656311,0.07827835736474476,0.08994776404637528,0.43414351498886883,0.06410797688471392,0.3273597702066544,0.4281917838556084,0.4281917838556084,0.3500000000000001,-0.44067796610169485,-0.5462065962773484,0.031050955414012815,-1.1043894830659537,-0.803706055074994,0.035557695901556885,0.1790254237288138,0.07128712871287135,0.09688826025459685,0.06072874493927127,0.10268948655256716,-0.3049522154648132,inf,-0.007071135624381331,0.08452830188679239,0.009345794392523477,-0.24814526955415817
1994-12-31,0.060437758800298225,0.007183965469006015,0.16912137151763096,0.18459608310119724,0.014324740968511218,0.2588634150446627,-0.9266552953946349,-0.9266552953946349,-0.9259259259259259,-0.44067796610169485,0.7387862796833773,14.601930501930502,-2.819637139807898,-5.897109359207601,-0.1681508679627689,0.09793351302785269,0.07128712871287135,0.09688826025459685,0.007633587786259444,0.03325942350332611,-0.3049522154648132,inf,-0.04344110525566158,0.08452830188679239,0.009345794392523477,-0.14976662594367696
1995-03-31,0.09812914047727861,-0.031807915769702655,0.09833197247171355,0.1059273353916852,0.09802994804930232,0.12826732625989634,21.027484143763214,21.027484143763214,20.5,-0.44067796610169485,-0.8753621189129535,0.6004355465366626,0.08739002932551321,1.4817964170725668,-0.5016729663654493,0.1407528641571194,0.07128712871287135,0.09688826025459685,0.08712121212121215,0.1330472103004292,-0.3049522154648132,inf,-0.00014889815366292414,0.08452830188679239,0.009345794392523477,-0.12453024832363135
1995-06-30,0.36128858632272465,0.23254551043409943,0.07967441437067602,0.07817851287961175,0.4990463255703492,0.15440740803439934,0.1486706977637009,0.1486706977637009,0.2093023255813955,-0.44067796610169485,-2.2767017155506366,0.190205962394854,59.16774541531823,-1.5378218348745927,0.5414329487802019,0.24892395982783366,0.07128712871287135,0.09688826025459685,0.4006968641114981,0.14962121212121215,-0.3049522154648132,inf,0.10126582278481022,0.08452830188679239,0.009345794392523477,0.1431697668546419
1995-09-30,0.04426171892161035,0.030004683036048307,-0.02155599429482813,-0.02309354088414839,0.06745072022853238,0.09306076959174092,0.14162767379679142,0.14162767379679142,-0.5,-0.44067796610169485,-12.710446467273515,-0.5930261260441974,-1.1903165368306874,-1.811448540326571,-0.2850237347787832,0.2297530155083285,0.07128712871287135,0.09688826025459685,0.06467661691542315,-0.12191103789126856,-0.3049522154648132,inf,0.022177146720757213,0.08452830188679239,0.009345794392523477,0.05433662199970546
1995-12-31,0.0924526185150647,0.13244911959753036,0.13484945317717356,0.14466455545025148,0.07876080952281561,0.11184898977702651,0.09181731684110361,0.09181731684110361,0.09615384615384603,-0.44067796610169485,-1.6390287237192775,-1.240886164847092,-1.101789919924635,-0.7112313731468425,-0.11511698571862661,-0.16487622606258767,0.2000924214417743,0.22759509993552562,0.0747663551401867,-0.21575984990619146,-0.3049522154648132,inf,-0.012567799973541516,0.24565066109951283,-0.01851851851851849,-0.010649441340782162
1996-03-31,0.08192638851894518,0.07219845250001788,0.12899429251192762,0.13722586464545827,0.0659357667999485,0.13118552036199094,0.06643204290263105,0.06643204290263105,0.07017543859649122,-0.44067796610169485,-1.2352293790546802,-3.2190564537503312,-0.3669597408607126,0.5331925564207469,-0.19945744552993494,-0.2762863534675615,-0.03195995379283778,-0.017331932773109404,0.0608695652173914,-0.3277511961722488,-0.47125000000000006,inf,-0.014737406216505766,-0.012290502793296021,0.0,-0.05717310746426674
1996-06-30,0.057092347940606025,0.09357052963698242,-0.016259023449760157,0.0015330523723837697,0.08348660487403503,0.026950195739597005,0.0027972467548793567,0.0027972467548793567,0.0,-0.44067796610169485,11.529918739226792,-1.0449089280382204,7.228070175438596,-6.403976930360678,1.3464161626560287,-0.06259659969088094,-0.0031821797931583795,0.0016034206306789756,0.07786885245901631,-0.11387900355871883,-0.13869188337273441,inf,0.024884416644003204,-0.015837104072398356,0.018867924528301883,0.09189593861126699
1996-09-30,0.03935760663999144,0.013220303955555401,0.024743196048381044,0.016967784259144247,0.0441322366351542,-0.14746010065075021,-0.24851125180216882,-0.24851125180216882,-0.24590163934426224,-0.44067796610169485,-0.425654429683201,-45.74734042553192,-0.8070362473347548,-1.0366051801586542,-0.021004716463749018,-0.1854905193734543,-0.08898643256185146,-0.08804695837780152,0.04372623574144496,-0.24497991967871502,-0.21774931381518747,inf,0.004643757463181464,-0.0482758620689655,-0.04629629629629628,-0.0037024340075418882
1996-12-31,0.02420814632335566,-0.04520240599579273,-0.056653286335383024,-0.05064100328928256,0.05013557140539682,-0.07604444606893523,-0.11035575760103433,-0.11035575760103433,-0.13043478260869568,-0.44067796610169485,2.317775876817793,0.37105497771173845,0.5529465930018416,-24.531331592689295,0.5048736765447315,0.47672064777327927,-0.12483574244415241,-0.11585722644821528,0.041894353369763104,0.4148936170212767,0.5169590643274853,inf,0.02535657686212356,-0.05374396135265691,-0.06796116504854377,0.005746335420824256
1997-03-31,0.03892276730819666,-0.0710439621428377,0.04110186473042732,0.04269098922624881,0.038295112912781315,0.04015269893387652,0.11124654259059574,0.11124654259059574,0.09999999999999987,-0.44067796610169485,-0.5423361729337266,0.21473469741633422,-0.7352505188259709,-1.214664817383264,-0.07201841408106413,0.28923920493488686,-0.12112112112112117,-0.10986101919258773,0.03321678321678334,0.23684210526315774,0.3947571318427139,inf,-0.0006439979392065531,-0.03318442884492667,-0.07291666666666663,-0.10910397208252087
1997-06-30,0.7040728562512368,0.9388872230626504,0.860707613925842,0.9065541817840244,0.6588347431994532,2.538504446599603,0.534930813364833,0.534930813364833,-0.5454545454545454,-0.44067796610169485,0.4820849107625744,-0.14608425673143832,19.92721164613662,-4.217780840799449,0.8668141977495938,0.17809675704412564,-0.13496583143507968,-0.13680297397769525,0.018612521150592087,0.13981762917933138,0.2824765063571033,inf,-0.026549813120247512,-0.32607260726072607,0.2808988764044942,0.016973886328725207
1997-09-30,0.0741751513243063,0.07424707008198772,0.06608882425599494,0.06924382065028278,0.07679479762234465,-0.4403462322521935,0.366589709762533,0.366589709762533,1.8000000000000003,-0.44067796610169485,-1.0583861697760344,-0.09470076897358748,-0.043182791095890405,-1.7990736774469909,-0.10689229116304055,0.4115523465703972,0.04410796576695186,0.04306632213608963,0.07308970099667778,0.3866666666666667,0.7978448275862069,inf,0.0025155567324242067,0.08814887365328117,-0.04385964912280682,0.004682425798655743
1997-12-31,0.02890750665131847,-0.004545060939969314,-0.013067288402103805,-0.013186920786319445,0.042370461223032674,0.04462262339158829,0.04698121555850521,0.04698121555850521,0.08928571428571419,-0.44067796610169485,-0.5,0.5260594589603915,-1.072646943683239,0.9514524072771133,-0.23356110001684194,-0.14066496163682873,0.0580075662042876,0.056977704376548255,0.049535603715170407,-0.19999999999999996,-0.19443778470390793,inf,0.01307448494453256,0.07560756075607555,-0.01834862385321101,0.008757423137638165
1998-03-31,0.013592346794785826,-0.04102924882103298,-0.04520324545018184,-0.03634517114682523,0.031447435549572855,-0.15993638945829924,-0.443486111644704,-0.443486111644704,-0.44262295081967207,-0.44067796610169485,-22.992708333333333,-0.2777735763442487,-4.279445727482679,-1.0095973903339341,0.0029246650238314853,-0.2433035714285714,-0.098927294398093,-0.09609375000000009,-0.002949852507374673,-0.27884615384615385,-0.3235119047619047,inf,0.017598748533437458,-0.04937238493723839,-0.04672897196261683,-0.004880956816572968
1998-06-30,0.028945289163824217,0.0844093848930978,0.06201602035099407,0.06201602035099407,0.019648673544270023,-0.07580864008403732,-0.884539712125919,-0.884539712125919,-0.8529411764705882,0.0,-0.6734002747122626,-0.6751204188481675,3.4422535211267604,42.43112701252236,0.12665108611731313,-0.17010816125860373,-0.22949735449735442,-0.2247191011235955,0.01479289940828421,-0.16666666666666663,-0.11570611526616803,inf,-0.00909556751217011,0.012323943661971759,-0.23529411764705876,0.021117268234236874
1998-09-30,-0.00494834335122063,-0.058323600360111305,-0.04980281336705805,-0.04980281336705805,0.008184758631860412,-0.19003078380298366,2.0433482810164425,2.0433482810164425,1.4,-0.6666666666666667,2.935320136320789,1.0014181654096563,-1.131843162122173,-0.3468572370046956,0.07342223456961605,-0.20675355450236954,-0.3115879828326181,-0.306577480490524,0.007288629737609353,-0.21999999999999997,-0.12935323383084585,inf,0.01318681318681314,-0.22347826086956524,-0.10256410256410264,-0.00898357289527707
1998-12-31,-0.01049044774085095,-0.05333602785723168,0.01129890942266032,0.01129890942266032,-0.01650328732431927,-0.05778394971495393,-2.7285854616895877,-2.7285854616895877,-2.666666666666667,-2.8181818181818183,-0.8329709610849056,0.482575367173409,0.5735470941883767,-4.418111874881756,-0.23379934175052952,0.2554144884241971,-0.7394014962593516,-0.7379421221864952,-0.02170767004341534,0.24615384615384617,0.7788571428571427,inf,-0.005997192803368523,-0.6987681970884658,-0.12857142857142856,-0.06389906389906397
1999-03-31,0.010967012381179808,0.04666427386758443,0.011816619829486896,0.011816619829486896,0.010725932961656026,0.09085126518454167,-2.180996760811502,-2.180996760811502,-2.2,-2.0999999999999996,2.78742415885273,-1.8031326714605376,1.0741212429954152,-2.2464530174720023,0.3803440937700562,0.6008328375966687,-0.33492822966507174,-0.3312883435582822,0.007396449704141883,0.6378600823045266,4.961773209123033,inf,-0.00025673940949932916,-0.2788104089219331,-0.08196721311475397,0.034426877470356
1999-06-30,0.028293146269493308,0.05603120776563242,0.03329373982666839,0.03329373982666839,0.026872677195464156,0.10762353097340926,0.24372052737946293,0.24372052737946293,0.20833333333333326,0.2272727272727273,-0.2812745754813154,-0.9365684762909465,-0.8043718531253837,-0.6106662324782782,0.1072781777025511,0.008547008547008517,1.3381294964028778,1.3211009174311927,0.010279001468428861,0.002512562814070307,0.6248720297429817,inf,-0.0014124293785312547,1.3969072164948453,-0.0357142857142857,0.022009094035382537
1999-09-30,0.0480800050476371,0.15069491829390858,0.05889298557832867,0.05889298557832867,0.04498926238638701,0.16841222216991025,0.5283011568073663,0.5283011568073663,0.517241379310345,0.5555555555555554,-0.7558356297617118,14.14456289978678,-11.272441933458882,0.7253165038208569,0.16715655940594054,0.25350036845983803,0.716923076923077,0.7154150197628459,0.04069767441860472,0.23809523809523814,-0.43593314763231195,inf,-0.0029574386010029485,0.6172043010752688,0.07407407407407396,0.08670131229670619
1999-12-31,0.07070005333808527,0.04743961112079442,0.10321230023641936,0.10321230023641936,0.061283225003027963,0.2116129221323937,0.246747000151891,0.246747000151891,-0.38636363636363635,-0.38095238095238093,8.384232365145229,-2.20484879202568,0.7130285993644585,-0.16156541283797188,0.1200780133114947,0.30540858318636066,0.9068100358422937,0.9009216589861753,0.0405027932960893,0.2550607287449391,-0.26455026455026454,inf,-0.008769667268506587,0.716755319148936,0.10344827586206917,-0.050574554462258337
2000-03-31,0.10034792543555349,0.13334794873691225,0.19529801662410606,0.19529801662410606,0.07176011780791258,0.24870221945416127,0.4893094276025909,0.4893094276025909,0.4814814814814814,0.46153846153846145,-0.3266183233109303,0.09878707144359522,-0.0272902397260274,-0.3497332387184946,0.06971187710964233,0.5814005854537267,0.31954887218045114,0.3054545454545454,0.05771812080536898,0.5209677419354837,-0.21486810551558755,inf,-0.026021337496747177,0.16421378776142515,0.125,-0.05181910421800251
2000-06-30,0.12595100190851882,0.20548645438351576,0.005848155300335334,0.005848155300335334,0.1662799944029787,0.1671408198694,0.25022154962029797,0.25022154962029797,0.22499999999999987,0.21052631578947367,2.9891524177238464,-0.10322018036413139,-1.4018777276561412,2.983186484520249,0.25957962387399247,0.007831411077886985,0.2407407407407407,0.24048282265552445,0.15736040609137047,-0.047720042417815356,-0.2683771126043576,inf,0.03580016029922506,0.12641383898868952,0.09722222222222232,0.19850187265917607
2000-09-30,0.05748483210596955,0.028967220319715548,0.07757256576540894,0.07757256576540894,0.051667489916169096,0.10899514364722251,0.15395856052344592,0.15395856052344592,0.16326530612244894,0.17391304347826098,-0.8445407199151956,1.8404288119915564,-0.11881730242745026,-2.023408961766377,-0.21090855101921324,-0.24682113591410004,0.1595866819747418,0.158682634730539,0.0592105263157896,-0.34855233853006684,-0.4337600890620652,inf,-0.005416559195254078,0.07383343177790902,0.07594936708860756,-0.04512117346938782
2000-12-31,0.006105989646253418,-0.007217994067779676,0.03808053832246827,0.03808053832246827,-0.0033818245157513083,0.07195420789764118,0.03296225594889335,0.03296225594889335,0.03508771929824572,0.05555555555555536,-0.08449451526830709,-1.0830069889195981,10.199357912178955,-0.25287777987090887,-0.1996910055041301,-0.37216282123429,0.11336633663366324,0.11175710594315258,0.005175983436852993,-0.40854700854700854,-0.49840255591054305,inf,-0.009465767634854738,0.044004400440043945,0.07058823529411762,-0.04364668559024876
2001-03-31,0.04099643448064949,0.050408187340357236,-0.0022835793661261095,-0.0022835793661261095,0.05437320828507963,-0.07724550480232295,-0.16372385779371668,-0.16372385779371668,-0.15254237288135586,-0.1578947368421052,4.871992968171725,-2.0395332461522986,-1.0511276943989791,-2.796600047774504,0.44828294133424285,0.19778906483418002,-0.014228546020453425,-0.006972690296339401,0.04943357363542722,0.1936416184971097,0.007349338559529572,inf,0.012828904306846578,-0.009483667017913588,0.0,0.052831901669111
2001-06-30,0.12458046695958336,0.1392487470609609,0.7819459559296191,0.7819459559296191,-0.06767719241756154,-0.1162446339756803,-3.6239032928563613,-3.6239032928563613,-3.6,-3.7083333333333335,0.8574321077137612,15.929940003870719,8.777898354132754,-0.3182647491154593,0.21101559284832416,0.1648790222000498,-0.8335588633288227,-0.8414277355178467,-0.08145240431795875,0.10895883777239712,0.10797665369649811,inf,-0.1709965102753006,-0.8313829787234043,-0.06593406593406603,-0.36068455440947234
2001-09-30,-0.042873679519892294,-0.10264815129160243,-0.15731872754894138,-0.15731872754894138,0.021100095088459447,0.0759884533329338,-1.3604946404225957,-1.3604946404225957,-1.353846153846154,-1.3384615384615384,-0.9177390758476769,-0.08223875990260299,-1.9417520624468203,-3.0640886731531842,-0.359660847993294,-0.025481798715203507,-0.2899728997289973,-0.3136531365313654,0.03632478632478642,0.061135371179039444,5.888937664618086,inf,0.06688493919550997,-0.280757097791798,-0.03529411764705881,0.06489935671301117
2001-12-31,-0.008116847273688,-0.03012639904877612,-0.05297550857983524,-0.05297550857983524,0.012577241362429659,-0.19625640372927733,-0.43274157173422767,-0.43274157173422767,-0.4347826086956522,-0.43181818181818177,0.8536660822934927,-0.7432395401268015,-0.4846699271305953,-0.8102129625255245,-0.10659814665758571,-0.052296198637661995,-1.2709923664122138,-1.2688172043010753,0.0030927835051548502,-0.08436213991769548,0.4465048110622569,inf,0.02089726728043262,0.0,-0.1097560975609756,0.024114580796024576
2002-03-31,0.017235450344647685,-0.04547392828111885,-0.03789191673914072,-0.03789191673914072,0.041020293689612464,-0.11639300454289025,-0.303763660088077,-0.303763660088077,-0.3076923076923077,-0.31999999999999995,2.5735744089012518,3.128993135566498,-2.75641269962267,-1.0953118517494123,0.011372336774295722,0.36007419429631327,4.436619718309859,4.28,0.029804727646454143,0.3550561797752809,0.0,inf,0.02333237904380181,0.0,-0.1095890410958904,-0.007896489392065442
2002-06-30,0.0253728775446449,0.027551113003539074,-0.09011740634028653,-0.09011740634028653,0.07142431184550846,0.045045196411169774,0.36179683153240205,0.36179683153240205,0.38888888888888884,0.4117647058823528,-0.21979450455359228,-0.9754444091971849,-0.5109910379098583,34.797446314567615,0.40252298816819043,-0.044834640300034034,-3.968911917098445,-4.090909090909092,0.07185628742514982,-0.07296849087893875,0.0,inf,0.04490138480906425,4.7894736842105265,-0.04615384615384621,0.12936325278097427
2002-09-30,-0.004291468062543657,0.03761838536443185,-0.03477141485694335,-0.03477141485694335,0.006029864626041936,0.006232683269291606,0.10237829003956644,0.10237829003956644,0.08000000000000007,0.08333333333333348,-0.3537557491045863,2.290909090909091,-2.9234967827823386,-0.952771607840594,0.013554511190730922,-0.34927717294306626,-0.18935427574171027,-0.1691176470588236,0.007448789571694592,-0.3935599284436493,-0.8539647577092511,inf,0.010441767068273045,-0.09242424242424241,-0.08064516129032262,0.0749766494013755
2002-12-31,0.016552139553704492,0.017068175690675425,-0.018897353014308615,-0.018897353014308615,0.02806944532845046,-0.1081220707285897,-0.4298644299229494,-0.4298644299229494,-0.44444444444444453,-0.42307692307692313,-0.4884754920879969,-3.1727246292526896,-1.6647210815300144,15.297459663577069,0.21794989509831386,-0.013439385628085665,-0.13993541442411195,-0.1224188790560472,0.020332717190387983,-0.020648967551622488,0.17948717948717952,inf,0.011261261261261257,-0.06677796327212027,-0.07017543859649111,0.03665086887835711
2003-03-31,0.012386734844480607,0.035959203712838894,0.013545914644917056,0.013545914644917056,0.012027330208910225,-0.09142536382039779,-0.06462980703435062,-0.06462980703435062,-0.06666666666666654,-0.06666666666666654,1.6930645258646706,-2.8078827623126337,-0.9049734494846077,-0.6058831583271019,0.0705264844184359,0.015290519877676045,-0.06883604505632046,-0.05378151260504194,0.011775362318840576,-0.0030120481927710108,0.13913043478260856,inf,-0.0002620201755534346,-0.00536672629695889,-0.037735849056603765,0.022135019811033274
2003-06-30,0.029328311046636912,0.020364553295400656,-0.01334820508468415,-0.01334820508468415,0.04258005436092027,0.013194302953026371,0.0738871209627272,0.0738871209627272,0.1428571428571428,0.0714285714285714,-0.33750224134839524,0.12173816485916267,13.018261504747992,0.03917586381978033,0.06846109968733272,0.17113910186199344,-0.1303763440860215,-0.12255772646536423,0.02327663384064449,0.1570996978851964,0.21553659631791655,inf,0.012842353557856123,-0.06744604316546754,-0.05882352941176472,0.03414215960341416
2003-09-30,0.0304001573991739,0.0285399054353368,-0.009019193433437378,-0.009019193433437378,0.041983876624264616,0.03132206556324246,0.25470894785244735,0.25470894785244735,0.1875,0.19999999999999996,-0.4970228026253468,-0.10595261664356892,0.5161794591214632,-0.041170571142026935,0.06143650632802933,0.23871872808043015,-0.13292117465224107,-0.1255060728744939,0.03762029746281703,0.21148825065274135,0.3980421130402658,inf,0.011256307413636923,-0.06460945033751198,-0.06249999999999989,0.037916741755271266
2003-12-31,0.0401832658370298,0.05777268012855119,0.044083548259101324,0.044083548259101324,0.03909323482450944,0.064685347674309,0.20843173982680452,0.20843173982680452,0.21052631578947367,0.22222222222222232,0.12689177372704652,0.22690533308728544,-0.22861463381104585,-0.5541221906345546,0.025807643408999548,0.07134767836919598,0.08734402852049916,0.09490740740740744,0.030354131534570117,0.032327586206896575,0.20953890870656622,inf,-0.0010235414534287557,0.12164948453608249,-0.04444444444444451,0.013126367329930222
2004-03-31,0.08100192909007298,0.130540000763252,0.23684804327623943,0.23684804327623943,0.03723767689522339,0.15133899296386222,0.48673480849151973,0.48673480849151973,0.4782608695652175,0.5,1.68045483033396,-1.0838672803296934,-0.5763644464245934,5.943398496240602,0.1746845557146186,-0.012861169837913966,0.23278688524590163,0.22410147991543328,0.036006546644844484,-0.04175365344467641,-0.11305297651556523,inf,-0.040599385245901676,0.2003676470588236,0.023255813953488413,-0.08596401028277634
2004-06-30,0.06559859284269498,-0.013646457727036654,0.09416531740706913,0.09416531740706913,0.05603277638293447,0.15564483852098143,0.45306881025052137,0.45306881025052137,0.44117647058823506,0.45454545454545436,1.1892132629656849,-29.474892395982785,-1.4782562969974233,-0.7710379957378242,0.03404839690408212,-0.14706407281813316,0.31914893617021267,0.30569948186528495,0.056872037914692086,-0.17864923747276684,-0.33115763546798027,inf,-0.00894406621278876,0.24655436447166923,0.045454545454545414,-0.09854876814039826
2004-09-30,0.014361522827751827,0.0579675491968521,-0.007130093491979794,-0.007130093491979794,0.02181804342448279,0.15170789320616818,0.2104464109309847,0.2104464109309847,0.20408163265306123,0.20833333333333326,-0.526334794682182,-1.7274084244470198,5.843210555250137,4.527355278093076,0.18200075248106962,-0.13329148357396936,0.278225806451613,0.26455026455026465,0.02690582959641241,-0.17771883289124668,-0.36972933161480404,inf,0.007408405172413923,0.16953316953316966,0.08695652173913038,0.06560173052123619
2004-12-31,0.048929988158797455,0.06297804909818172,0.014982394774667451,0.014982394774667451,0.05710985750562969,0.027140965316236665,0.04872642927709281,0.04872642927709281,0.05084745762711873,0.051724137931034475,-0.15872998829630747,-1.6283475475128792,-1.5140346085252012,-0.7037744373254478,0.04561187900915509,0.07701593433124088,0.18848580441640372,0.17991631799163166,0.05094614264919928,0.048387096774193505,-0.19047619047619035,inf,0.007755047466238896,0.11292016806722693,0.06000000000000005,0.047275140537164306
2005-03-31,0.05151041011072155,0.32585558041918317,0.06356115773547111,0.06356115773547111,0.04815251579251867,0.016436052719980943,0.008896024640186129,0.008896024640186129,0.016129032258064502,0.0,1.317498404594767,1.4188863320058975,-0.7466008189291408,-0.5817446562680532,-0.18737128808184345,0.04303967720242108,0.09223623092236233,0.09308510638297873,0.04639889196675906,-0.009230769230769154,-0.1602309635510646,inf,-0.003184290831896086,0.057102406795658256,0.037735849056603765,0.24661721400082004
2005-06-30,0.006751881548737959,-0.019891701788811722,-0.046281636258127534,-0.046281636258127534,0.023657776890346538,-0.09175404487722738,-0.14706527122593638,-0.14706527122593638,-0.1428571428571428,-0.14754098360655732,-0.1536546680177997,-0.8550139283700104,-8.26902676699149,2.7761325966850827,0.08478207206749033,-0.07887384483129167,-0.01761846901579578,-0.010543390105433925,0.01985440105890146,-0.11801242236024856,-0.19209282337773959,inf,0.016770930387328686,-0.0008928571428571397,0.0,0.027659001883802325
2005-09-30,0.011094298274220371,0.006115570099090029,-0.08099053293298797,-0.08099053293298797,0.039032830398222584,-0.016376779775408856,-0.27008091385054733,-0.27008091385054733,-0.2777777777777778,-0.2692307692307693,-0.9221609099664229,0.04023417547444108,-1.060105209570677,-1.1569468016620823,-0.012266311724636325,0.11175921605226313,-0.12121212121212122,-0.11065573770491799,0.040233614536015594,0.0880281690140845,0.09255319148936159,1.0,0.027621416415761324,-0.06925826630920462,-0.054545454545454564,0.09479748603351967
2005-12-31,0.03323030478355826,0.03917875534063198,0.003889583017083309,0.003889583017083309,0.041674120024449035,0.008494192535030809,-0.00037820496100571255,-0.00037820496100571255,0.0,0.0,3.935963885637853,-1.7921813031161473,2.7707509881422925,-10.360119325067586,0.1162399772164735,0.04533053515215113,-0.139338494018297,-0.128110599078341,0.03056768558951961,0.006472491909385036,0.14410905550146058,0.5,0.00815286624203826,-0.08641382621219407,-0.03846153846153855,0.03513527879657685
2006-03-31,0.04725184270228433,0.05366593857381008,0.09000710695679182,0.09000710695679182,0.035547199258248785,0.06206529089903068,0.28042114052368583,0.28042114052368583,0.2564102564102564,0.26315789473684204,0.8694024795068085,4.964382777857245,-3.22911051212938,1.0830727247375656,-0.0022744527000958525,0.02770528006424411,-0.09730171708912516,-0.08879492600422834,0.037530266343825724,-0.003215434083601254,0.15234042553191474,0.33333333333333326,-0.011119535001263614,-0.05465055176037836,-0.040000000000000036,-0.03332648659751458
2006-06-30,0.04920370401791385,0.00427133249985201,0.06976721850983147,0.06976721850983147,0.045366929698603675,0.12018191781667742,0.31422516124430677,0.31422516124430677,0.3265306122448981,0.29166666666666674,0.21208222727561,-0.15676587444340517,1.421234717183931,-0.2006043422757503,0.17380131913367536,-0.12619652275835125,0.0253623188405796,0.030162412993039567,0.04200700116686118,-0.15806451612903227,-0.061669128508124005,0.25,-0.0037055967288525116,0.021122846025569686,0.0,-0.061221779548472854
2006-09-30,0.02519104938885386,0.029856264444747316,-0.06037421158106737,-0.06037421158106737,0.04964950864506101,0.0840974194759716,0.053805957420415274,0.053805957420415274,0.04615384615384621,0.08064516129032273,-0.20045445711808407,-1.3239161555161594,-0.9373656100436984,-0.5766764755137683,0.06268027286792055,-0.04605410239213048,0.1077738515901061,0.11261261261261257,0.049832026875699986,-0.08429118773946354,-0.09720582447855175,0.19999999999999996,0.023855328972681944,0.08002177463255311,0.04166666666666674,0.09602489743952458
2006-12-31,0.03230421836027286,-0.04316926877299754,0.07241519517345263,0.07241519517345263,0.022538276272716207,0.031630394541782625,-0.3374950339165109,-0.3374950339165109,-0.3382352941176471,-0.34328358208955223,0.39892304240520526,12.685661603301432,4.308305647840531,-5.755503122439176,-0.2804947461142746,0.12819310991328803,-0.0071770334928230595,-0.007085020242914908,0.022400000000000198,0.07531380753138062,-0.023975588491717548,0.16666666666666674,-0.009394964299135777,-0.03931451612903225,0.020000000000000018,-0.10777252897596734
2007-03-31,-0.10364715920448142,-0.15590697994131475,0.019172039530019225,0.019172039530019225,-0.13534021891350656,0.10309732468772626,0.718897489144799,0.718897489144799,0.7333333333333334,0.7272727272727273,0.3272387062282811,-1.4786269402349883,27.39329077481537,-0.2306014825378433,-0.29994533139367885,0.053178230162027385,0.1333333333333333,0.12640163098878698,-0.09859154929577463,0.027237354085603238,0.02456453774006251,0.1428571428571428,-0.03540718259989872,0.038300104931794365,0.0980392156862746,-0.17179724568915633
2007-06-30,0.06507013810610185,0.10369865175058668,0.04241813787958848,0.04241813787958848,0.07211309783565567,0.028176172285146128,-0.04808605485027617,-0.04808605485027617,0.0,-0.02631578947368418,-0.21720172399903326,-1.542025423918143,-1.111325168772465,-1.4560215934015013,0.1953869520330369,0.08500986193293869,0.03685329553508154,0.03348416289592748,0.06365740740740722,0.20454545454545459,-0.037053182214472624,0.12500000000000022,0.006685894074462517,-0.022738756947953576,0.05357142857142838,0.05879270593167041
2007-09-30,-0.09325671189243756,-0.13378285775420407,0.05719772606775764,-0.10564877046087107,-0.13874033039609113,-0.05889286626072121,-0.401677729364336,-0.401677729364336,-0.39743589743589747,-0.3783783783783784,0.3196243648292274,-2.6851897648959673,-9.085035046266352,-2.765189042719844,-0.2885215588413187,0.06853299400109081,-0.04442925495557082,-0.06567425569176877,-0.08650707290533188,0.0062893081761006275,0.019465821638750658,0.13888888888888884,-0.050266961843990154,-0.11116856256463281,0.05084745762711873,-0.03147579926754418
2007-12-31,-0.009130268839006694,-0.0018796098531874694,-0.021634208596570392,-0.01972444948240515,-0.004490258079455578,-0.08259069002337593,-0.04790262936999479,-0.04790262936999479,-0.02127659574468077,-0.021739130434782594,-0.3837698989091547,-0.8566138523776213,-0.8018932306717736,-1.1611436246761968,0.06534760169710796,-0.10922082340932293,0.046494992846924266,0.027179006560449803,0.007147111375819026,-0.025000000000000022,-0.031083481349911124,0.12195121951219501,0.004799122446181414,-0.008144269924374559,0.032258064516129004,0.01822517458695261
2008-03-31,-0.010308571015870904,-0.012661477575373947,0.010692349686409308,0.04570769014934761,-0.017967467414684135,-0.05279159713298409,0.32221361768034784,0.32221361768034784,0.34782608695652173,0.3555555555555554,0.17231287620524105,0.6750477620087336,0.6434481621888908,-0.5284889259347464,0.028922126275694238,-0.21543162719633313,-0.0690362269309639,-0.08029197080291972,0.039621525724423234,-0.22115384615384615,-0.21860678276810264,0.10869565217391308,-0.0077783842794760805,-0.053372434017595394,-0.03125,-0.05583807293409171
2008-06-30,0.17936854856659146,0.09329845262473246,0.6638158862302403,-0.03411532496254688,-0.002462287853493894,-0.01913755627105751,-0.3151018201477743,-0.3151018201477743,-0.29032258064516125,-0.29508196721311475,0.27097670903840454,-5.6913175421088,-4.080575279817066,34.647705031883326,1.002026684082189,0.0367575462512173,-0.12628487518355358,-0.17658730158730152,-0.021046643913537944,-0.004115226337448652,0.1055718475073315,0.09803921568627438,-0.15417411635263367,-0.11771995043370498,-0.06451612903225812,0.13192303603699385
2008-09-30,-0.07551847108009047,-0.13458292541844497,-0.0776863488798174,-0.18387889705913307,-0.07416130903871243,-0.09849600639248068,-0.7462307591106434,-0.7462307591106434,-0.75,-0.7441860465116279,-0.5681091870427979,0.11603766622239386,-1.3353241654132402,-1.6989554110346,-0.3498314874666033,-0.1493308288330596,-0.17142857142857149,-0.20481927710843373,-0.049970947123765264,-0.12809917355371903,-0.014323607427055851,0.08928571428571441,0.0014634146341463428,-0.136938202247191,-0.06896551724137923,0.060418231905835285
2008-12-31,-0.1396964513557597,-0.04207974872126319,-0.08868489805685953,-0.1237180660816467,-0.17150975457880369,-0.2552501065701682,-23.513038519363366,-23.513038519363366,-24.363636363636363,-24.363636363636363,-1.437577590127463,-1.0113783566152015,-0.7414451807082696,-0.8045620516562904,-0.10515788885268296,-0.3626828595086944,-1.8397565922920893,-1.7984848484848484,-0.1761467889908257,-0.33175355450236965,-0.2233584499461786,0.08196721311475397,-0.03701899659035568,0.0,-0.09259259259259267,0.09316880203105637
2009-03-31,-0.05698176885256656,-0.04969264697117204,-0.0652839265705607,-0.11300968759564001,-0.05128652447105131,-0.21931268895506428,-0.8092660056096201,-0.8092660056096201,-0.8093385214007782,-0.8093385214007782,-3.148567415730337,-9.092307692307692,-0.49694898706370516,-1.1114885451645944,0.013101640942818404,-0.14161974880900818,0.9975845410628019,0.903225806451613,-0.05196733481811444,0.042553191489361764,0.0,0.07575757575757569,0.006069802731411222,0.0,-0.12244897959183676,0.07137456116662144
2009-06-30,-0.007377695204498158,0.0029377932932512785,-0.02822164368504243,-0.06443639717530902,0.006710196918471079,-0.09079105461028647,-0.6912118029145086,-0.6912118029145086,-0.7142857142857142,-0.7142857142857142,-0.03988808848331138,7.748964934516266,-0.5122606650990931,-17.27654378416095,-0.21049164647654106,0.25580221997981845,0.34643288996372434,0.3389830508474576,0.002349256068911565,0.3265306122448979,0.0,0.07042253521126751,0.01424501424501412,0.0,-0.09302325581395343,0.07201371209638796
2009-09-30,0.01848768457348271,0.034538235991823596,0.03138485460437046,0.07282311700884603,0.01007328354983894,0.21735191934693177,-1.7978182671254301,-1.7978182671254301,-1.857142857142857,-1.857142857142857,-0.0025735994988970168,-0.8062611063895542,0.876492194674013,-1.1134022091710607,0.03023428139292572,0.22498995580554437,0.060170633138751706,0.05286671630677575,0.008593749999999956,0.2205128205128204,0.0,0.06578947368421062,-0.008261731658955718,0.0,-0.07692307692307698,-0.03569245238655061
2009-12-31,0.013456846205528894,0.04263617280303822,0.01968400012518079,0.013306250351208249,0.009308392509776109,0.2850064344430925,0.06807155109041907,0.06807155109041907,0.08333333333333348,0.08333333333333348,1.233491242201259,2.9033922384786024,-0.3674251692357883,-1.591922883064516,-0.01737115851482607,0.12561495572318804,-0.8725116476069462,-0.871994342291372,0.0023237800154918276,0.11764705882352944,0.0,0.06172839506172845,-0.004165278240586434,0.0,0.05555555555555558,0.02894274846386402
2010-03-31,0.017205704851732895,0.034131075295457336,0.048047547149165926,0.12013765994405534,-0.0035519687606367922,0.08616684266103491,1.6161328806093422,1.6161328806093422,1.5384615384615383,1.5384615384615383,-0.21961357204418064,-0.7943208520637515,4.2036487880350695,-2.283767961681746,0.022694771227071975,-0.05011655011655003,-2.1063122923588042,-2.0994475138121547,0.008500772797527034,-0.052631578947368474,0.0,0.05813953488372081,-0.02041157771457247,-0.611879576891782,0.10526315789473673,-0.07677907059408984
2010-06-30,0.03092765007539877,0.05976228590052135,0.057055514282021935,0.12380562698576791,0.012432042195127169,0.16960102362747986,0.9833906271923671,0.9833906271923671,1.0,0.9696969696969697,-0.3477191553355473,-1.030300208003477,0.18408305355616394,-2.126523505513639,-0.024998850056577204,-0.030981595092024583,1.8648648648648645,1.8241206030150754,0.02605363984674325,-0.039682539682539764,3.975744975744975,0.05494505494505497,-0.017933390264731064,1.4444444444444442,0.1428571428571428,-0.05698298210939701
2010-09-30,0.024522044219484007,0.03452555400965984,0.0007004146478806206,-0.010584526559789142,0.04212834353610839,0.2197333304732232,0.36354069947384704,0.36354069947384704,0.39393939393939403,0.3999999999999999,0.14709767285477549,13.503073770491802,0.15617610747243083,-1.6230956060940605,0.015976056672919237,-0.012345679012345734,0.6058700209643606,0.5960854092526691,0.04630321135175497,-0.037190082644628086,-0.6466573816155989,0.08680555555555558,0.01721739130434785,0.3739279588336193,0.16666666666666674,0.045591877840986506
2010-12-31,0.04136936918931822,0.06577778868676587,0.02444559727685469,0.03970440717741064,0.05338029955703272,0.12308343909652342,0.20296246335832313,0.20296246335832313,0.2065217391304348,0.19780219780219777,1.0300330793065906,-5.065206640762981,-0.26890185964436,5.817859673990078,0.10720972391452932,0.1923076923076925,0.43537859007832913,0.43255295429208473,0.05281941470378304,0.14163090128755362,-0.27394560504532905,0.07987220447284349,0.01145494956402815,0.27965043695380754,0.125,0.02506898526578838
2011-03-31,0.067382662330294,0.0974247283779508,0.04353062194407675,0.07909947514727245,0.08384565292668911,0.08838524546309867,0.13095443469260126,0.13095443469260126,0.12612612612612595,0.11926605504587151,0.2577594430836663,2.080409432945797,-0.6715187523208318,-0.261018711018711,0.07155462805148094,0.1948924731182795,0.239199636198272,0.24824902723735387,0.07932203389830517,0.13157894736842102,-0.19001085776330084,0.07396449704142016,0.015551048005409074,0.13707317073170744,0.09523809523809512,0.016989613225994793
2011-06-30,0.050834022011789104,0.0714447063459609,0.021562483463058113,0.029508472261615903,0.07028612238530463,0.06999504831193004,0.16795450536983458,0.16795450536983458,0.17599999999999993,0.180327868852459,0.1881464960579884,-0.21657941057002306,2.102042354359786,0.7013879120363857,0.11361266708205608,-0.044994375703037104,0.1277064220183486,0.14526184538653375,0.07600502512562812,-0.1129568106312292,-0.26474530831099186,0.06887052341597788,0.01847536617842871,0.07335907335907321,0.05797101449275366,0.04072816261299517
2011-09-30,-0.02357042134983456,-0.02151544745525724,-0.101346391657133,-0.16756914257985667,0.025761886236220555,-0.10752891794285102,-0.2164013109294457,-0.2164013109294457,-0.217687074829932,-0.2152777777777778,-0.24436339293724685,-0.64924459550934,0.616578800320692,-0.5229774978986097,0.04866665073404852,-0.08386336866902244,-0.009111617312072995,0.01469787697332614,0.028021015761821477,-0.14981273408239693,-0.2388331814038287,0.09020618556701043,0.05049844745873511,0.011191047162270262,0.013698630136986356,0.17546848381601365
2011-12-31,0.02971776111056479,0.04229731055939823,0.06242265695808369,0.13042566318768656,0.01154401203573241,-0.19334418111782403,-0.4229172634704029,-0.4229172634704029,-0.417391304347826,-0.4159292035398229,-0.14500079914149366,-0.7548657304754866,-0.29494289149383834,1.2831763822288984,0.10595792998698306,0.11056826947801479,-0.12972085385878485,-0.11587982832618027,0.010789324247586718,0.0792951541850222,0.05988023952095811,0.08274231678486998,-0.017579340385812214,-0.05415019762845841,-0.06756756756756765,-0.07797509695856308
2012-03-31,0.04939727563652574,0.06355408117076844,0.02419775632663712,0.05105544711920773,0.06410469763568605,0.3082405421474843,0.8533534301470256,0.8533534301470256,0.835820895522388,0.8333333333333333,0.39983549820543507,21.54036850921273,-0.45451832589071606,-1.7726944925922645,-0.0740291350398673,0.17318823801805983,-0.046415094339622764,-0.031553398058252524,0.06067415730337067,0.16326530612244894,0.2870056497175142,0.07641921397379914,0.013935075217735626,-0.007939824488090275,-0.02898550724637672,0.011910560106265455
2012-06-30,0.03387332046272573,0.044319414986531136,0.005789998979959243,-0.010830453198525825,0.04964915085484356,0.06179976466977033,0.207118716702541,0.207118716702541,0.2032520325203253,0.18181818181818188,0.042778545102138965,-0.2601734464872256,0.6805126802391466,-0.7933784159939744,-0.016518896785366888,-0.016380501282810322,-0.03324099722991691,-0.018170426065162837,0.05455508474576276,-0.0736842105263158,-0.014047410008779626,0.07099391480730244,0.015305325628611532,0.0037910699241785473,-0.014925373134328401,0.05574516496018189
2012-09-30,-0.006829391479887148,-0.0055441310284259915,-0.04008991921950478,-0.08784955968603803,0.011074030453055883,-0.19245124458662244,-0.45389447185499254,-0.45389447185499254,-0.45270270270270263,-0.4405594405594405,-0.1021309448017973,-0.1606641521563349,0.43736920429707493,2.276963309295507,-0.05504103586611897,-0.006019261637239204,-0.10519852640196481,-0.09827696234843653,0.011049723756906049,-0.05681818181818177,-0.0044523597506679335,0.07575757575757569,0.017997231195200802,-0.052035249685270735,-0.045454545454545525,0.0902271220159152
2012-12-31,0.0006489024920857123,-0.0011246192607168304,-0.0032320314926066462,-0.006814881444693888,0.0026322132307494694,-0.06618205128560906,-0.21228955358396062,-0.21228955358396062,-0.2098765432098766,-0.21250000000000002,-0.6844123508005526,-1.5847200531351535,-0.07303184476385371,-2.387381505126717,0.08081082679993568,-0.06257569640694394,-0.03522415370539789,-0.02406227883934897,0.004967709885742799,-0.07228915662650603,0.013416815742397059,0.07042253521126773,0.0019643396796615864,-0.015936254980079667,-0.015873015873015928,0.0057403535449533916
2013-03-31,0.02480092282870583,0.030789836327152376,0.023695455740627258,0.048956362561833444,0.025362555992973768,0.08323489512058502,0.5603676263715651,0.5603676263715651,0.5625,0.5555555555555556,4.355977945069276,-2.592699475025328,-0.24892235737596202,1.9089261124958603,0.21749664087536646,0.1240310077519382,-0.07633949739212897,-0.06816533720087015,0.027187345526445972,0.11688311688311681,0.13239187996469548,0.06578947368421062,0.0006032272658722526,-0.0211426000899686,-0.048387096774193616,-0.017330662231629934
2013-06-30,0.01788131346529287,0.0206036790960622,0.03267280288772323,0.05063853035580146,0.010378707183734459,-0.012341072851697277,-0.1899965140459906,-0.1899965140459906,-0.18000000000000005,-0.18367346938775508,-0.576720839571535,-0.8945751974144965,0.21059541097879753,-0.6932733330137577,0.0547944179036417,0.03716475095785432,-0.18223819301848054,-0.17976653696498057,0.011068334937439861,0.011627906976744207,0.09898674980514421,0.061728395061728225,-0.007385079125847849,-0.12178308823529416,-0.06779661016949146,-0.02857967112222315
2013-09-30,-0.0007196412120460405,0.000743421296044211,-0.007099470697233823,-0.030668622871814377,0.0025877675644256914,-0.0856836918359184,-0.17491281442457518,-0.17491281442457518,-0.18292682926829262,-0.17500000000000004,0.009563191679624605,7.329351535836178,0.18743402237960893,-2.5714508976537926,-0.08163366788784132,0.07757665312153672,-0.05461393596986808,-0.05502846299810249,-0.002855782960495157,0.06513409961685812,0.2886524822695038,0.06540697674418605,0.0033404190707562176,-0.023024594453165848,-0.036363636363636376,0.032410065532875176
2013-12-31,0.029749305012991334,0.03508730031519702,0.05475262345394882,0.11122965836835874,0.01691241571934632,0.07107605982954013,0.2522460138313083,0.2522460138313083,0.25373134328358193,0.25757575757575735,-0.3496626196064272,-0.07717973483185525,-0.21131791842111647,0.3869419823224476,-0.12328540061373627,0.07696263284196081,0.04847277556440899,0.04417670682730934,0.017183770883054894,0.07913669064748219,0.12658227848101244,0.06139154160982274,-0.012560532687651449,0.050348152115693656,0.0,-0.06851915774939588
2014-03-31,0.008476246035920898,0.007719298401298813,-0.023064468267313787,-0.0434828054771611,0.025272047517229224,0.1793572523609155,0.46202404377863626,0.46202404377863626,0.45238095238095233,0.45783132530120474,1.0623313756278683,0.0513558515699335,0.2608468427848256,-0.8462000412308299,-0.02162766485753398,0.03262772560878546,0.05319822672577579,0.05384615384615388,0.030032848427968162,0.01333333333333342,-0.030776746458231474,0.05784061696658105,0.016704980842911832,0.030086690464049104,0.018867924528301883,0.05352767998682384
2014-06-30,0.00944312138237402,0.009796956583285832,0.012125573183072502,0.008972035054475525,0.008082027996158203,-0.1169505975836912,-0.3676669237306035,-0.3676669237306035,-0.360655737704918,-0.36363636363636365,0.045905597597244,1.1171218051690461,-0.06919644671288427,7.4714726965440885,-0.18726834943051163,0.039919852034525416,-0.023451593505712687,-0.021897810218978075,0.010933940774487505,0.009868421052631415,-0.028225806451612878,0.054678007290400954,-0.0013566475731082717,-0.015346534653465471,0.0,0.0008207453149120525
2014-09-30,-0.042806712954604254,-0.047591255834639634,-0.05213987133275344,-0.10135427099488503,-0.03805201253847412,-0.12452219194572567,-0.4388841848505799,-0.4388841848505799,-0.4358974358974359,-0.4415584415584416,-0.8595318532818532,-1.8034510765021872,0.8818269927615323,-1.2670711740344793,0.06153812012471849,0.12835334222617445,-0.06896551724137923,-0.06809701492537312,-0.03289770166741779,0.11726384364820852,0.13796680497925307,0.05760368663594462,0.004981132075471573,-0.06184012066365008,0.0,0.059826222786293126
2014-12-31,-0.059266572254418115,-0.07377504185039518,1.4749397805234299,0.17084577374052135,-0.8294088482939157,0.05203911644250048,-0.7194080268021541,-0.7194080268021541,-0.7272727272727273,-0.7209302325581395,-0.6826433029834507,1.1093824817777147,1.6264940608760208,-3.184792128174746,-0.12665395418429315,-0.01615657428083528,-0.017857142857142905,-0.2022022022022023,-0.8275862068965517,0.017492711370262315,0.05378304466727446,1.851851851851852,-0.8187143286272154,-0.21114683815648438,0.0,-0.2089390003500433
2015-03-31,-0.017072338384630292,-0.01955811902780058,0.005256740415034322,0.03637222234013193,-0.179689407263107,0.09181837402436877,5.494868758634301,5.494868758634301,5.750000000000001,5.750000000000001,20.870894983760376,-0.8758530961584137,-0.5376619522243147,-1.4365464877738217,0.06330862677711946,-0.13724966622162882,0.1461279461279461,-0.14554579673776658,-0.16486486486486496,4.002865329512894,0.1046712802768166,0.01909854851031323,-0.16487158243579125,-0.1413043478260868,0.0,-0.05396152592109549
2015-06-30,-0.015545609948145911,-0.015763360289137385,-0.0008406908909349697,0.025750167670985924,-0.14678271291510525,0.024203104031503386,0.07886020753885647,0.07886020753885647,0.12345679012345667,0.11111111111111116,0.30964000049501483,1.672327097265724,-0.007771901938008141,4.837172873848813,0.34754105214410225,-0.1029093160012381,0.7050528789659227,0.07488986784140983,-0.1326860841423947,0.0744558991981672,0.06577916992952226,0.01874062968515733,-0.1339285714285714,0.029272151898734,0.03703703703703698,-0.04047167721129463
2015-09-30,-0.05277421606079724,-0.05868959907554627,-0.028990551410999377,-0.0863697301657178,-0.301343729460254,-0.15031494105763077,-0.261387560819327,-0.261387560819327,-0.2637362637362637,-0.2666666666666666,-0.3896226207087713,-0.7978978845800521,0.13845993884734176,-1.3438993582655123,-0.08869425136481612,-0.11764705882352944,2.0337698139214333,0.1297814207650272,-0.2947761194029852,0.0175906183368868,-0.168626010286554,0.019131714495952856,-0.26231386025200465,0.08916218293620282,0.03571428571428559,0.030299920465915786
2015-12-31,0.00026097477688624693,0.0025267874293481984,-0.016364959332523132,-0.062181436364848186,0.2417598092656934,0.10519198809916541,0.4510138516830795,0.4510138516830795,0.4626865671641789,0.48484848484848486,-0.4822842162842782,3.4253291536050154,-0.601857708713168,-2.6534011408890326,0.16091984124593917,0.16324535679374397,0.0,0.3603385731559856,0.24338624338624348,0.6490309062336301,0.056120194432169646,0.01877256317689535,0.24223602484472062,0.3154551870148201,0.034482758620689724,0.06900244036057601
2016-03-31,0.04583603425335192,0.06018609359500959,0.023447006352196986,0.16236412568592495,0.3034447863247862,0.003080627107547418,0.15485490154854897,0.15485490154854897,0.15306122448979576,0.14285714285714302,0.11136916390893514,-0.7104726283577014,0.0039930673554000595,-0.6795368366234316,0.04442070808298304,0.1388235294117648,0.0,0.08977777777777773,0.30212765957446797,-0.08418043202033043,-0.15355648535564848,0.01842664776754077,0.24624999999999986,0.09281115879828317,0.0,-0.08791259987421096
2016-06-30,0.037709358771519375,-0.009840334234999193,-0.007481541180760609,0.004741944407693044,0.44598088011884873,0.29018588414629876,0.5448039277038521,0.5448039277038521,0.5398230088495577,0.544642857142857,2.175807420827466,-2.6943873556468976,-0.10986342173405317,3.6343346113805453,0.19710488631430256,0.051505312868949105,0.0,0.21696574225122345,0.4444444444444444,-0.19250780437044734,-0.03756796836381615,0.018093249826026447,0.39317953861584765,0.15856651939126154,0.050000000000000044,-0.014506448729408872
2016-09-30,0.006784173566509288,0.01580390234620599,-0.013743185037949468,-0.027615088640224772,0.1340779609759779,-0.18331518292026183,-0.34411009755432886,-0.34411009755432886,-0.3448275862068966,-0.34682080924855496,-0.5205299172816181,1.4233318412198748,0.39450143073076593,-1.7789155900369287,-0.12824947135196774,0.015578947368421137,0.0,0.07975871313672922,0.13122171945701355,-0.29682130584192434,-0.17205957883923972,0.017771701982228327,0.12598992080633553,0.06567796610169507,0.015873015873015817,0.044652344053697
2016-12-31,0.01968696370647649,0.02608113383973487,-0.020222375182965657,0.21851445666079505,0.2349134814826188,0.16813179640136244,0.33772971516162187,0.33772971516162187,0.3333333333333335,0.34513274336283195,0.310030216107011,-0.1638035311012197,-0.31205475529862503,-0.7939548265019731,-0.03031278296639328,0.057075732448866656,0.0,0.0813159528243328,0.23199999999999998,-0.06536346976175933,-0.043424317617866026,0.01813297515110812,0.210997442455243,0.05367793240556673,0.03125,-0.1579260729347557
2017-03-31,0.04514495757741366,0.0549878101685195,0.01156910513977949,0.05173708635589058,0.1888060876845412,0.04210814416941777,0.06426415838758293,0.06426415838758293,0.06578947368421062,0.0592105263157896,0.01090313965460643,-0.2990173373333428,0.11211526646451442,-1.6409258500614503,0.020035580390445062,0.14237155183684136,0.0,0.06084959816303104,0.18831168831168843,-0.07254901960784321,0.030479896238651216,0.01781002638522433,0.1378035902851107,0.026792452830188607,0.030303030303030276,0.0030933301909026323
2017-06-30,0.039014019301542247,0.032618207381040376,0.006852307551614922,0.035203724665502145,0.15610836459480937,0.027180734704954856,0.010253902398624337,0.010253902398624337,0.012345679012345512,0.006211180124223503,1.0576459495281045,0.5691514775696089,0.006647182521295925,9.506232023010547,0.20636383705078543,0.14831769283588936,-0.003066787823716388,-0.043290043290043156,0.15573770491803285,-0.03382663847780121,0.05412208936438012,0.017498379779649964,0.1127610208816705,-0.022050716648291058,-0.02941176470588236,-0.00249640224382508
2017-09-30,0.028600877087538557,0.03812101184271821,0.0049184974116425195,0.1336862666858445,0.10369212698570651,0.03295594616506525,0.09671223678765783,0.09671223678765783,0.09146341463414642,0.09876543209876543,-0.19239273988029493,-1.732020808634417,1.8336785455060456,-0.1500577964348725,0.14539339543524088,-0.03318716364361174,-0.04352284379628579,0.07579185520361986,0.10401891252955076,-0.16338439095550694,-0.014925373134328401,0.018789808917197393,0.07297748123436176,0.04547162720781661,0.030303030303030276,-0.08429513602638083
2017-12-31,-0.049755746434607895,-0.04507142894741001,-0.01059969591443588,-0.20428637690649643,-0.16279929178199348,0.006436801051175722,-1.4781124526582567,-1.4781124526582567,-1.4804469273743017,-1.4831460674157304,-0.653744757500087,-0.7702975379223675,0.2691545987280246,-2.4751500184913446,-0.187251882907283,0.09957736315843713,-0.39428231089934496,-0.3711882229232387,-0.16167023554603854,-0.0043591979075850995,-0.00969696969696976,0.01844326351984993,-0.11892732219199365,-0.37886412652767787,0.014705882352941124,0.20009002925950936
2018-03-31,0.035307293812697926,0.042839067495055616,0.011095638723822132,0.02904895469367741,0.11791371749107604,0.046598662460981544,-3.2847177242236767,-3.2847177242236767,-3.2790697674418605,-3.2674418604651163,1.725549002481236,-0.0023502215372760427,-0.5021179088203949,-1.7371038766209872,0.16982394162814396,0.03159276272616496,0.036381514257620706,0.06772575250836121,0.12260536398467425,0.23029772329246945,0.6230110159118727,0.01810926949048497,0.07940008822232025,0.05150462962962954,0.01449275362318847,0.013396206194405735
2018-06-30,0.00378194071506055,0.00186895140065646,-0.05420855663414803,0.01470133743184765,0.18273129155131973,0.04769439554134269,0.13648938839485014,0.13648938839485014,0.1479591836734695,0.13846153846153864,0.05928980422963814,3.895921835174172,0.6876235861741675,-0.18425787764416746,0.11842170230997984,-0.0162668120683388,0.07210626185958247,0.12607674236491784,0.18088737201365213,-0.12313167259786484,-0.09087481146304677,0.02261079288513712,0.17858602370249277,0.09356081452944398,0.028571428571428692,-0.012637478849407802
2018-09-30,0.004582909500661536,-0.006145526489338304,0.019729446877785994,0.07622386980197571,-0.03279335962545149,0.021734498188791918,0.13526795826440008,0.13526795826440008,0.1333333333333333,0.144144144144144,0.02112911732657241,1.4836994675606388,0.3172537831076845,0.6485003362474782,0.17454795062881745,0.02531177829099307,0.12283185840707977,0.1460361613351877,-0.013487475915221592,-0.13230519480519487,-0.0953961012028205,0.022110849056603765,-0.037101248266296794,0.10971313537996985,0.04166666666666674,-0.07655438333422582
2018-12-31,-0.007054248199636182,-0.007858804293875532,-0.017184764109531292,0.13090554034158952,0.0193017725883311,0.024365658672228063,-0.0677974663083668,-0.0677974663083668,-0.0470588235294116,-0.047244094488189003,-0.26017750160590447,-0.33747153596234647,-0.2273556122857422,-0.41065222002839286,0.08758216056365686,-0.17280836111361375,0.45523329129886525,0.5345873786407767,0.0302734375,-0.16089803554724036,-0.28060522696011003,0.021632535333141023,0.026287360460929055,0.49705215419501125,0.026666666666666616,-0.12268390987908495
2019-03-31,0.639096267506017,-0.009561000144019172,0.5724909641898712,0.14725963179358637,0.7833336045697918,-0.02016880108724184,-0.47784340287185045,-0.47784340287185045,-0.49382716049382724,-0.49173553719008267,-0.4202330493457891,-9.316450235126624,-3.501885152481494,-5.857954702771548,-0.3912073811219956,0.1457357586319572,-0.25855719237435015,-0.20680110715697908,0.6710900473933648,0.11148272017837235,-0.265774378585086,0.02117447769621683,0.08807017543859663,-0.09633444410784608,-0.1298701298701298,-0.13670015864621887
