Quarter end,Assets,Current Assets,Liabilities,Current Liabilities,Shareholders equity,Revenue,Earnings,Earnings available for common stockholders,EPS basic,EPS diluted,Cash from operating activities,Cash from investing activities,Cash from financing activities,Cash change during period,Cash at end of period,Price,ROE,ROA,Book value of equity per share,P/B ratio,P/E ratio,Cumulative dividends per share,Equity to assets ratio,Net margin,Asset turnover,Current ratio
1993-12-31,0.030529565721629348,0.060530085959885405,0.03789983433159172,0.04343725438826307,0.018761191600195293,0.03017168589924002,0.11233480176211463,0.11233480176211463,0.10588235294117654,0.018867924528301883,0.19886899151743642,-0.43071491615180935,-3.7703081232492996,-2.270175438596491,0.8189655172413792,0.07321848081440874,-0.06319883325230913,0.10843373493975905,0.0183486238532109,-0.01949860724233976,0.1813368630046328,inf,-0.011425603739288581,-0.08115543328748287,0.0181818181818183,0.01629072681704269
1994-03-31,0.030529565721629348,0.060530085959885405,0.03789983433159172,0.04343725438826307,0.018761191600195293,0.03017168589924002,0.11233480176211463,0.11233480176211463,0.10588235294117654,0.018867924528301883,0.19886899151743642,-0.43071491615180935,-3.7703081232492996,-2.270175438596491,0.8189655172413792,0.07321848081440874,-0.06319883325230913,0.10843373493975905,0.0183486238532109,-0.01949860724233976,0.1813368630046328,inf,-0.011425603739288581,-0.08115543328748287,0.0181818181818183,0.01629072681704269
1994-06-30,0.004942589917116491,0.0048407069683664705,-0.017042384951623246,-0.012051822838204274,0.0407062677266008,0.03017168589924002,0.11233480176211463,0.11233480176211463,0.10588235294117654,0.018867924528301883,0.19886899151743642,-0.43071491615180935,-3.7703081232492996,-2.270175438596491,-0.5718799368088467,-0.002188982123312644,-0.06319883325230913,0.10843373493975905,0.041184041184041176,-0.01949860724233976,0.1813368630046328,1.0476190476190474,0.03546099290780136,-0.08115543328748287,0.0181818181818183,0.01715054366102442
1994-09-30,0.024969733656174276,0.004761371274927262,0.01663835315279294,0.02449933922943992,0.03777061262091208,0.0036610021310310437,-0.06402640264026405,-0.06402640264026405,-0.06382978723404253,0.018867924528301883,0.7044025157232705,0.8527131782945736,-0.03640040444893833,-1.0552486187845305,0.07380073800738018,0.028519195612431325,-0.06319883325230913,0.10843373493975905,0.043263288009888656,-0.011363636363636354,0.1813368630046328,0.5348837209302326,0.012683916793505778,-0.08115543328748287,0.0181818181818183,-0.019285871721401726
1994-12-31,-0.00846006201092575,0.009031610637230347,0.012409691846463788,0.021432823973010606,-0.039872762242935345,0.0457317073170731,-0.25528913963328637,-0.25528913963328637,-0.25,0.018867924528301883,0.009686346863468698,0.21757322175732208,-0.17418677859391396,-3.65,-0.18213058419243988,-0.05794525417703511,-0.06319883325230913,0.10843373493975905,-0.04028436018957349,-0.09770114942528729,0.1813368630046328,0.33333333333333326,-0.03181362725450898,-0.08115543328748287,0.0181818181818183,-0.01213619507809871
1995-03-31,0.05424602051908223,0.12486877728051282,0.07995339692710979,0.09670681950650861,0.01344479543878574,0.0488338192419826,0.029356060606060552,0.029356060606060552,0.030303030303030276,0.018867924528301883,-0.085427135678392,0.12783505154639174,-0.7890724269377383,-4.679245283018868,0.819327731092437,-0.050566037735849,-0.06319883325230913,0.10843373493975905,0.013580246913580396,-0.009554140127388644,0.1813368630046328,0.23863636363636376,-0.03855109961190173,-0.08115543328748287,0.0181818181818183,0.025708110567626008
1995-06-30,0.024802259887005684,0.057959624735989035,0.015440631110511749,0.026174764161388975,0.04063557228114201,0.0682021244912141,0.5022999080036799,0.5022999080036799,0.5,0.018867924528301883,-0.1663336663336663,-0.22730042656916516,2.1265060240963853,-1.6051282051282052,-0.2725173210161663,0.12082670906200321,0.01089776855215363,0.10843373493975905,0.03897685749086466,0.10289389067524124,0.1813368630046328,0.21100917431192667,0.015339074273412301,-0.01946107784431128,0.01785714285714257,0.030941554840856256
1995-09-30,0.0012817685649704202,-0.0023213705371651905,-0.027755644090305398,-0.05899870522227013,0.04920368205727654,0.028020446096654217,0.2774035517452542,0.2774035517452542,0.27450980392156854,0.018867924528301883,0.8238466147393648,-0.6514195583596214,4.019267822736031,-0.9745762711864406,-0.00952380952380949,0.11950354609929081,0.11088295687885008,0.10843373493975905,0.049237983587338885,0.07871720116618075,0.09187675070028001,0.1742424242424243,0.04797243572753773,0.0778625954198473,0.026315789473684292,0.06024096385542177
1995-12-31,0.5745846467260389,0.774768486202243,0.7731639575649958,0.7748016328028253,0.2708978867109981,2.349319712516386,-3.1447746883988494,-3.1447746883988494,-2.592307692307692,0.018867924528301883,-0.14553219448094612,3.9479638009049776,2.7044145873320535,3077.6666666666665,6.102564102564102,0.18498574596135553,-0.9482439926062847,-0.9516908212560387,-0.2793296089385474,0.12972972972972951,0.048742945100051394,0.14193548387096766,-0.19296914516944863,-0.9660056657223796,0.4273504273504274,0.0
1996-03-31,0.004414644380726029,-0.02553883266033874,-0.033060291700903854,-0.0718420508579698,0.08437431514354587,-0.5561493717694374,-1.7036209208761735,-1.7036209208761735,-1.5362318840579712,0.018867924528301883,-0.40176855055747784,-0.32738911751257427,-0.94860103626943,-0.9555002165439584,-0.18546931407942235,0.04918470997059621,5.464285714285715,5.4,0.09147286821705425,0.4569377990430623,3.129647749510763,0.12994350282485878,0.0795988718270133,5.625000000000001,-0.0359281437125748,0.04981737012987009
1996-06-30,-0.03242904514478184,-0.05115165213647621,-0.05769256303692594,-0.07720792961354273,0.01563763136620855,0.017909267818049246,0.1585133418043203,0.1585133418043203,0.1711711711711712,0.018867924528301883,2.4832904884318765,-1.061862678450034,11.816532258064516,1.0583941605839415,-0.4686980609418283,-0.06675159235668782,0.6795580110497237,0.66796875,0.012784090909090828,-0.14614121510673228,-0.3618054732851558,0.11499999999999999,0.049637155297532765,0.7044025157232703,-0.024844720496894457,0.02831738668213024
1996-09-30,0.02211008266544323,-0.014264242974222241,-0.006552248900913105,0.007874966056180766,0.07270601696390822,-0.021507303521820953,0.034274746366876885,0.034274746366876885,0.030769230769230882,0.018867924528301883,-0.15000000000000002,-9.802197802197803,-0.3843007708038383,-0.8723404255319149,-0.11261730969760164,0.09282009282009285,0.2574013157894737,0.25761124121779844,0.07012622720897621,0.07884615384615379,-0.09374419899758668,0.10313901345291487,0.049502212389380684,0.29889298892988947,-0.02547770700636942,-0.021992481203007563
1996-12-31,0.04248915329713365,0.018181818181818077,0.04429598740479124,0.10373009220452634,0.03953531512312769,-0.01184479653203896,-0.0797985153764581,-0.0797985153764581,-0.08208955223880599,0.018867924528301883,0.11981766876492284,4.179775280898877,-0.7370975983648442,-0.8240740740740741,-0.022326674500587562,0.14913814639020728,1.1890124264224982,1.283054003724395,0.04980340760157276,0.07486631016042788,0.12167144612863567,0.0934959349593496,-0.0026350461133070047,2.034090909090909,-0.24836601307189554,-0.07755141264655008
1997-03-31,-0.03561629958550361,-0.00014127486437609527,-0.04904517425909327,-0.05137107054707202,-0.01356204412125539,0.00021625629460286788,0.06309420916162489,0.06309420916162489,-0.46341463414634143,0.018867924528301883,-0.4066679589067649,-1.8799710773680405,4.765792031098154,-42.0,0.9362980769230769,0.10934782608695648,0.010755900806692642,0.039967373572593834,-0.013732833957552981,0.056384742951907096,-0.6258217677136596,0.08921933085501865,0.022721268163804487,0.04213483146067398,0.0,0.05406813209709349
1997-06-30,-0.026015861622227243,-0.06536298640743776,-0.0703277869028065,-0.10876340243030735,0.04413992718721027,-0.03499505806770442,-0.01490514905149054,-0.01490514905149054,-0.015151515151515138,0.018867924528301883,0.128389415223783,-1.4261846069569981,-0.5602561941682117,-1.9127086007702183,-0.44134078212290506,0.009406231628453776,-0.03428909252143064,-0.0015686274509804088,0.049367088607594756,0.023547880690737655,-0.031234748657881783,0.0819112627986347,0.07207439938000504,0.017070979335130243,-0.017391304347826098,0.04872504447519255
1997-09-30,0.016060611507558553,0.02449053637298171,0.08088675853804683,0.12970389143755412,-0.0753221440173254,-0.009282079185737646,-0.13067400275103158,-0.13067400275103158,-0.1230769230769232,0.018867924528301883,0.05964099594672834,0.7551413881748072,-0.6880030663089306,-1.1617440225035163,0.12777777777777777,-0.0462046204620461,-0.03979185797367624,-0.0408483896307934,-0.05910735826296731,-0.0904907975460123,-0.046347607052896755,0.0757097791798107,-0.08987951807228911,-0.02915194346289751,-0.017699115044247593,-0.09320516445198368
1997-12-31,-0.0034762456546929554,0.029689528981230007,0.0149383137188015,0.052507525416027656,-0.03381970630255049,-0.0019061157238393633,-1.4651898734177216,-1.4651898734177216,-1.456140350877193,0.018867924528301883,0.06311475409836076,-0.11314536799707064,0.9361179361179361,-1.9304347826086956,-0.10541871921182266,0.030531243639324135,-0.3407714376793114,-0.3456183456183456,-0.04999999999999993,0.09443507588532896,0.0718436344426836,0.07038123167155419,-0.030447445062218526,-0.3457688808007279,0.0,-0.02161712741633759
1998-03-31,0.0020504171844488717,-0.021897391802808808,-0.0211043735208033,-0.05142595040876341,0.04213026931374686,-0.013206447853952197,-3.024489795918367,-3.024489795918367,-3.0384615384615383,0.018867924528301883,0.04523258802364438,-0.31750619322873663,0.4777918781725887,-1.794392523364486,0.09361233480176212,0.048587793798143375,-0.07253384912959382,-0.07634543178973707,0.04183535762483115,0.1032357473035439,0.6150813208477084,0.06849315068493156,0.039868924085199264,-0.06536856745479847,-0.009009009009009028,0.031123858083705214
1998-06-30,0.013535179952343324,-0.0409072261618707,0.025107296137339086,-0.04132889609466106,-0.00528017492033217,-0.0023945417568720373,0.008400537634408511,0.008400537634408511,0.018867924528301883,0.018867924528301883,0.21711335136464216,1.515426497277677,-0.5723486474881924,-3.4,-0.20543806646525675,-0.08758711621774351,-0.0578727841501564,-0.08265582655826564,0.011658031088082943,-0.12430167597765374,-0.007934086054318112,0.06410256410256432,-0.018644957983193433,-0.06994047619047616,-0.018181818181818188,0.00041207376120322436
1998-09-30,0.005278843548711221,0.0017720745493430279,0.05054776358942159,0.108622122003323,-0.07057337947806563,0.019202314799592335,0.13295568143952008,0.13295568143952008,0.14814814814814814,0.14814814814814814,-0.03434343434343434,-1.1043771043771045,4.123493975903615,-1.5441176470588234,0.14068441064638781,-0.11932287365813377,0.04980630879911452,0.026587887740029625,-0.06145966709346984,-0.1291866028708133,-0.049215625961242626,0.06024096385542177,-0.07546160021407544,0.030399999999999983,0.0,-0.09638554216867468
1998-12-31,0.016127209340740523,0.0326338904477248,0.01708357134317251,0.007386591730228931,0.014315906003119716,0.00274220085814747,-0.5135294117647059,-0.5135294117647059,-0.5161290322580645,-0.532258064516129,0.2794979079497908,-4.702764976958525,-0.2222222222222222,3.864864864864865,0.6000000000000001,0.10618846694796069,0.4027411702688455,0.38273381294964026,0.032742155525238736,0.17948717948717952,0.06761565836298922,0.05681818181818188,-0.0017366136034732138,0.392857142857143,-0.0092592592592593,0.025071225071225056
1999-03-31,-0.009856431492667572,-0.036505404926457596,0.012055431474733203,0.014080391062936792,-0.05146967629914423,0.005469403513287396,1.264812575574365,1.264812575574365,1.3333333333333335,1.3793103448275863,-0.29316546762589923,0.29309271935283143,-0.33635676492819355,-1.7203703703703703,1.8034722222222221,0.056155965246874384,0.10146561443066515,0.06347554630593133,-0.0515191545574637,0.021739130434782483,-0.2372727272727272,0.05591397849462365,-0.04204117135401553,0.0635451505016722,0.0,-0.04991662034463584
1999-06-30,0.04456215543611641,0.02197903255471778,0.034019048602328184,0.042859762647035726,0.06592573221757325,0.0074875207986688785,0.044046983449012256,0.044046983449012256,0.04285714285714293,0.05797101449275366,0.17094610224381213,1.4162656400384988,-1.24791192103265,-2.7840616966580978,-0.5677483279663116,0.1241974317817014,0.09041282838621623,0.06164383561643838,0.06545961002785528,0.18541033434650456,0.04012713547874447,0.05295315682281054,0.020581113801452666,0.06708595387840677,0.0,-0.02000936110461038
1999-09-30,0.07585847472349294,0.0255856504394254,-0.01711140510721154,-0.007310272062702516,0.25860503913054145,0.05046687416629614,0.2232165686525185,0.2232165686525185,0.23287671232876717,0.2191780821917808,0.11655472145397083,-0.9466241784505078,-8.941807044410414,-0.7146974063400576,0.11346704871060176,0.02016776726753511,0.03379224030037564,0.07465437788018425,0.2313725490196077,-0.04230769230769227,-0.06302521008403361,0.05029013539651839,0.16992882562277578,0.09135559921414549,-0.01869158878504673,0.033194029850746265
1999-12-31,-0.014594050118028834,0.04170566214319149,-0.019390229965333794,-0.026773964976212206,-0.0072316868738060425,0.035676492819350036,-0.11371237458193983,-0.11371237458193983,-0.1333333333333333,-0.1235955056179775,0.1157112526539279,-6.9664179104477615,0.27651369070574616,5.48989898989899,0.6613484302624808,0.05300909727081882,0.11440677966101687,0.15608919382504305,-0.010615711252653925,-0.14457831325301207,-0.05625764370159003,0.047882136279926435,0.007351077313054288,0.153915391539154,0.0,0.0703802149543511
2000-03-31,0.07588467090632434,0.00690662024818911,0.041748679167098235,0.05733527484528578,0.12764328208753017,-0.011180849511020274,0.10896226415094334,0.10896226415094334,0.10256410256410242,0.10256410256410242,-0.07675229939739925,-2.3846153846153846,-0.2889728096676737,-1.8552529182879378,-0.34045848822800495,-0.08523010466854952,-0.043997827267789336,0.01261127596439171,0.1362660944206009,-0.07511737089201875,-0.23023758099352043,0.047451669595782064,0.048062405636638106,0.0366614664586582,-0.01904761904761909,-0.04772187432519981
2000-06-30,0.008521903104148576,0.031006022752620988,0.029982100238663545,0.02181344219560777,-0.021538515113525558,0.0228212092583846,-0.07635048915355169,-0.07635048915355169,-0.06976744186046502,-0.08139534883720922,-0.1532119546547578,-0.10252935862691959,-0.3960059485872105,-1.0909918107370338,0.046970408642555084,0.05285143479840171,-0.04886363636363633,-0.010256410256410331,-0.014164305949008527,-0.0744500846023689,-0.002244668911335568,0.04530201342281881,-0.029771908763505328,0.0007524454477052522,-0.009708737864077666,0.008956916099773338
2000-09-30,0.004271691057495142,0.0013522284725226985,0.020697562153029203,0.04182912154031282,-0.019948393985229962,0.018761726078799335,0.01404559060557209,0.01404559060557209,0.02499999999999991,0.025316455696202445,-0.10162271805273837,0.4257674886763967,-0.4393246570524094,-0.98,0.0008972633467922986,-0.03605313092979123,-0.037634408602150504,-0.03849000740192454,-0.011494252873563093,-0.021937842778793404,-0.053430821147356755,0.043338683788122,-0.02400395941598621,-0.03684210526315801,-0.009803921568627416,-0.038880773120575474
2000-12-31,0.03687101232375456,0.023578026251823037,0.03015075376884413,0.056620772500461936,0.04719105203907481,0.020201161637625642,0.03474114441416898,0.03474114441416898,0.04878048780487809,0.04938271604938271,0.38880108376608713,0.6996117190257678,-0.057716436637390234,-84.0,-0.07440609592111158,0.1352899069434501,-0.012414649286157653,-0.012317167051578037,0.04844961240310086,0.14953271028037407,0.1633986928104576,0.041538461538461524,0.009888438133874189,0.005464480874316946,-0.00990099009900991,-0.03121711680112238
2001-03-31,-0.00038674567328278453,-0.017942425921528282,-0.011592539454806317,-0.1383502044207351,0.016541535900681525,0.0021106420795378167,-0.048935703313583545,-0.048935703313583545,-0.05813953488372081,-0.04705882352941171,-0.2560559258657129,-0.3624091381100727,-0.4700399467376831,-5.27710843373494,0.3438256658595642,0.04571248423707441,-0.025769956002514083,-0.031956352299298496,0.01848428835489835,-0.003252032520325243,0.023493360572012234,0.041358936484490405,0.016821491338187444,-0.0357142857142857,0.0,0.13975380159304862
2001-06-30,0.010750162357850535,0.016040194524302054,0.014132264994484167,0.017964527669939834,0.005782318726866409,-0.02056313047334002,-0.041532071988924835,-0.041532071988924835,-0.03703703703703709,-0.03703703703703709,0.18138111888111896,0.024104234527687396,1.2964824120603016,-0.3887323943661972,0.15639639639639635,-0.06662646970153752,-0.022580645161290325,-0.023349436392914646,0.009981851179673429,-0.0831973898858075,-0.05239520958083832,0.039716312056737646,-0.004691358024691339,-0.015297906602254385,-0.010000000000000009,-0.001905972045743387
2001-09-30,0.03332239675183524,0.05145969959805363,0.05132139421975901,0.05496148956853353,0.006664857714615113,0.0497425159866447,0.009629272989889248,0.009629272989889248,0.012820512820512775,0.012820512820512775,0.2334443211246764,-0.013358778625954248,0.8659737417943107,-0.6428571428571428,0.04830165160486133,-0.043927648578811374,-0.030033003300329986,-0.031327287716405694,0.015274034141958603,-0.053380782918149405,-0.0405476566614007,0.03819918144611201,-0.025800049615480103,-0.02452984464431729,-0.010101010101010055,-0.0032887757267133777
2001-12-31,-0.007256586824366806,-0.01358080579447718,0.019528612194218642,-0.01514507135431431,-0.04868680402297887,-0.01029649595687332,-0.18526466380543638,-0.18526466380543638,-0.16455696202531644,-0.189873417721519,-0.11697660467906423,0.029980657640232167,-0.4121958369979478,3.4387096774193546,0.20451843043995255,-0.0347972972972973,-0.06124532153793816,-0.0748936170212765,-0.03805309734513285,-0.048872180451127956,-0.029088913282107498,0.036793692509855314,-0.041762159409218125,-0.0712489522212909,0.0,0.0015965939329429801
2002-03-31,-0.0007796050001332988,-0.0025750854112487342,-0.010917986902688859,-0.12818175275292087,0.01602649241176568,-0.09284274742633036,0.2853380158033363,0.2853380158033363,0.2727272727272727,0.3125,-0.1149796195652174,-0.3611893583724569,0.8079800498753118,-1.6613372093023255,-0.11229022704837122,0.07105355267763391,0.009061254077564307,-0.004599816007359703,0.017479300827967004,0.11264822134387353,0.14527981910684007,0.03802281368821281,0.01674196120116922,0.023465703971119245,-0.030612244897959218,0.14399574920297553
2002-06-30,0.035603064837722354,0.02167633751693465,0.03031808608305875,0.07710511832691247,0.04413148813051215,0.023417094478969558,-0.033242258652094736,-0.033242258652094736,-0.023809523809523836,-0.03571428571428559,0.5290731145653425,1.7486526212640863,-0.4066206896551724,-1.4549450549450549,0.057547956630525476,0.03937908496732012,0.001436781609195359,-0.009242144177449174,0.04792043399638324,0.02131438721136769,0.029615004935834133,0.03663003663003672,0.008102456874019781,0.014991181657848296,-0.021052631578947323,-0.05146307477937773
2002-09-30,-0.0073085294079768826,0.00610473116665422,-0.014298892988929834,-0.056307802360635595,0.003822655493606719,0.022822611399571757,0.03909561940650019,0.03909561940650019,0.03658536585365857,0.04938271604938271,-0.30095381526104414,-0.6126559714795009,0.07345420734542074,4.256038647342995,0.28601472134595163,-0.0894513441282817,0.010043041606886849,0.008395522388059629,0.008628127696289845,-0.13043478260869568,-0.09827420901246409,0.0353356890459362,0.011407829919626744,0.02953953084274552,-0.021505376344086002,0.06620311428851244
2002-12-31,0.010994856093874628,0.0628155074229726,0.05665333730378186,0.09326438897612221,-0.060397439095368766,-0.04213152837926981,-0.16228467815049863,-0.16228467815049863,-0.14117647058823535,-0.12941176470588234,-0.013824057450628313,0.4344224574321216,-0.1065396275443915,-0.7123161764705883,0.010834014717906681,-0.10669889502762431,0.017045454545454364,0.007400555041628065,-0.053892215568862145,-0.1140000000000001,-0.12387028176501858,0.03412969283276457,-0.07075108946424002,0.04135021097046421,-0.03296703296703296,-0.027923211169284423
2003-03-31,0.008976119288069961,-0.006153630173845848,-0.010729203361682815,-0.00061907238194292,0.043626002159177446,0.035900353314569644,0.0760281385281385,0.0760281385281385,0.06849315068493156,0.05405405405405417,-0.052066266156927,-0.007699711260827691,0.6403296170625303,-5.175718849840256,-0.26430738119312436,-0.1223424816389641,-0.03142458100558665,-0.03673094582185499,0.04792043399638324,-0.07223476297968379,-0.14927184466019428,0.037403740374037486,0.034482758620689724,-0.034035656401944836,0.0,-0.005480487574411774
2003-06-30,0.02823403727655993,0.018292682926829285,0.002126382402913851,-0.009093612171068965,0.07175078008411351,0.024539699973986195,0.049283379431732444,0.049283379431732444,0.0512820512820511,0.0512820512820511,0.3226425965047053,-0.06078241189783384,0.16548463356973997,-1.0994644223412395,0.035733919736118835,0.09557366218894514,-0.018385003604902694,-0.014299332697807365,0.07592752372735134,0.04379562043795615,0.11554921540656204,0.036055143160127257,0.042133333333333356,-0.014261744966443057,0.0,0.027648456057006943
2003-09-30,0.014595199663568259,-0.01798719163988627,0.005066092712542325,-0.022605086144382502,0.029446668459943925,0.027365570163064845,0.005751258087706601,0.005751258087706601,0.012195121951219523,0.012195121951219523,0.17569333526934794,0.7951807228915662,-0.06997971602434072,-6.523076923076923,-0.19055201698513802,0.005025125628140614,-0.033051781123760615,-0.029013539651837505,0.034482758620689724,-0.06526806526806528,0.0019181585677749968,0.03480040941658147,0.014841351074718512,-0.0238297872340425,0.0,0.004715236686390734
2003-12-31,0.022809145601833558,0.044873454973513915,0.011505399153509677,0.002558395374421263,0.04000922225637882,0.016613576449912237,0.09482964021920415,0.09482964021920415,0.09638554216867479,0.08433734939759052,-0.2665184636285044,-0.7254074784276127,0.2851690294438387,-0.7994428969359332,-0.047213114754098395,0.10040000000000004,0.00987466767945322,0.03685258964143423,0.045736434108527124,0.06483790523690769,0.10784939374601143,0.03363006923837775,0.016641452344931862,0.0296425457715781,0.0,0.04214594644336067
2004-03-31,0.006448190990411051,0.009643766476645332,-0.011823919469521438,-0.05389542450302398,0.033489499431003544,0.026201345182464086,-0.00043525571273117514,-0.00043525571273117514,0.01098901098901095,0.011111111111111072,0.035864623674019214,-0.3743016759776536,0.026728892660161208,-3.6666666666666665,0.13214039917412257,0.10268993093420575,-0.0063933809702897415,0.018251681075888593,0.03409933283914013,0.05386416861826704,0.04953917050691237,0.038277511961722466,0.02703373015873023,0.011854360711261558,0.011363636363636465,0.06719646799116985
2004-06-30,-0.009710979920772633,0.01783123925996999,0.006680006467782329,-0.017478084962913032,-0.03290480344349267,-0.006159353531099421,-0.010886131069018035,-0.010886131069018035,-0.010869565217391353,-0.01098901098901095,0.19554616384915469,0.2823660714285714,0.20723140495867765,-0.1328125,0.10121580547112452,0.06576561727377617,0.00416351249053748,0.013207547169811207,-0.019354838709677358,0.03111111111111109,0.025795828759604955,0.03686635944700467,-0.023424293648877215,0.0058577405857740406,0.0,0.035909316564620264
2004-09-30,-0.0004125782553321411,-0.0028942290826170503,0.015138586329093595,0.11609520410684393,-0.023318743715620704,0.023995550493948192,-0.02861545234426588,-0.02861545234426588,-0.01098901098901095,-0.011111111111111072,0.015907545887151597,-0.06614447345517838,0.17867533801129554,-2.4054054054054053,-0.12917471708528838,0.01747602845654206,0.00829249905767071,0.006517690875232907,-0.01023391812865504,0.03663793103448265,-0.005885500267522881,0.03555555555555556,-0.022997032640949544,-0.0033277870216306127,0.011235955056179803,-0.10654952076677315
2004-12-31,0.017993443878161486,0.09110299938429067,0.027333590451043888,0.11599763872491153,0.003694115153441979,-0.0579882575071774,0.009064128710627672,0.009064128710627672,0.011111111111111072,0.022471910112359605,-0.15912740899357602,0.0,0.0,-6.950854700854701,0.8827258320126783,-0.05046359629122976,-0.0026168224299066845,-0.011100832562442209,0.017725258493352936,-0.04158004158004147,-0.06620021528525277,0.1261802575107296,-0.013920526449000215,-0.0033388981636059967,0.0,-0.022349365278026223
2005-03-31,0.000946057115994936,0.036477962070980974,0.013986619819993162,0.02329630609186273,-0.01948864921939819,0.07240328381977434,0.010779249943858149,0.010779249943858149,0.03296703296703285,0.0219780219780219,-0.031672767786089406,0.19198508853681262,-0.6581966022941774,-0.1400359066427289,0.4031986531986531,0.053465663518488915,0.013493253373313419,-0.007483629560336769,-0.013788098693759077,0.03687635574837311,0.050720461095100866,0.03429878048780499,-0.02053388090349073,-0.012562814070351758,0.0,0.012893196781272875
2005-06-30,-0.025178905841811372,-0.05784674016605418,-0.029884751941369636,-0.054599496004652304,-0.01755303601372249,0.020815197910799332,-0.06287491668518108,-0.06287491668518108,-0.06382978723404253,-0.05376344086021512,-0.2204142011834319,0.013291634089132032,1.983857264231096,-2.5340292275574114,-0.4407918416316736,-0.02552803525300118,-0.004068047337278058,-0.01602262016965117,-0.013245033112582738,-0.012552301255230214,-0.030718595721338393,0.033161385408990274,0.007861635220125729,-0.03138252756573379,0.011111111111111072,-0.0034305317324183626
2005-09-30,-0.01903018331606965,-0.05122384116894374,0.0037577062334865907,-0.05577072037180475,-0.05549466036140427,0.003436081362393706,-0.22878141299193933,-0.22878141299193933,-0.21590909090909094,-0.22727272727272718,0.16592873708623235,-0.03472222222222221,-0.17297835990888377,-0.5843767011431682,-0.3276121004076379,-0.036332449711523496,-0.04493130337913109,-0.06034482758620685,-0.03728560775540646,-0.02330508474576254,-0.03112620260328247,0.032097004279600716,-0.03718148725949033,-0.07443082311733795,0.0219780219780219,0.004801159525319232
2005-12-31,0.0008594651671045561,0.04043765770468988,0.04753641273617104,0.12022873136128931,-0.07851719221459597,0.0020245950809838487,0.14079311404857053,0.14079311404857053,0.1304347826086958,0.1470588235294117,0.22260397830018075,0.7074340527577938,-0.29247719056636257,-1.3313686967910936,0.16145500957243142,-0.05825242718446588,-0.003499222395023427,-0.03465851172273193,-0.06584043377226956,-0.021691973969631295,0.0,0.031098825155494003,-0.07939508506616266,-0.06717123935666991,0.032258064516129004,-0.07122250270465191
2006-03-31,0.005416114627803115,0.02450293742551901,-0.0023731968357375566,0.00021538262723730384,0.020474254254974733,0.014717254109606115,-0.2586903799514956,-0.2586903799514956,-0.23076923076923084,-0.23076923076923084,-0.23250998373021747,-0.327247191011236,-0.140632603406326,-0.5019762845849802,0.0692307692307692,0.016666666666666607,-0.08037456106125629,-0.10242872228088695,0.023217247097844007,0.08869179600886934,0.05665887850467288,0.032841823056300345,0.01496039894397172,-0.1206896551724137,0.02083333333333326,0.024267132595612306
2006-06-30,0.008748436689747674,0.017182621472154658,-0.006511497737767602,-0.019810934774650568,0.03758815232722146,0.02298483246884131,0.37259178480552535,0.37259178480552535,0.3666666666666667,0.3666666666666667,0.15590672576604359,0.5421016005567154,0.2185730464326161,-3.0555555555555554,-0.13309352517985606,0.006422173398681785,-0.011030971574034765,-0.030588235294117694,0.04051863857374394,-0.016293279022403295,0.11995577667219459,0.031797534068786604,0.02861271676300592,-0.04152249134948105,0.010204081632652962,0.03771796815769535
2006-09-30,0.005497462942019693,0.011295014545089854,0.000854484163873126,0.07278279399811072,0.01389927275198799,0.011774883452684293,-0.03548728813559321,-0.03548728813559321,-0.024390243902438935,-0.03658536585365846,0.0800266755585195,0.13628158844765337,-0.23420074349442377,-2.193050193050193,0.18316538233550683,0.04450041981528141,0.03174603174603163,0.02305825242718451,0.014018691588784993,0.0020703933747412417,0.06614017769002967,0.030817610062893186,0.008429334082607376,0.01564380264741283,0.010101010101010166,-0.05726027397260269
2006-12-31,0.026537068892925397,0.045409458816060955,0.02915900476601485,0.02715432503276549,0.021853527735880673,0.022990689720691515,0.3250961010433828,0.3250961010433828,0.3125,0.31645569620253156,0.25501698054955235,0.6632247815726768,0.3291868932038835,-1.6213592233009708,-0.09619238476953906,0.07379421221864968,0.05571725571725583,0.06761565836298922,0.02611367127496167,0.05991735537190079,0.03425925925925921,0.029896278218425776,-0.004458066313736353,0.06042654028436001,0.010000000000000009,0.017727404824178894
2007-03-31,0.0067147126032693905,-0.006603791487181487,-0.013036026837806247,-0.08030623230591327,0.04224751533440485,0.01813242942050519,-0.0634065478657273,-0.0634065478657273,-0.05714285714285716,-0.05769230769230771,-0.3548585485854858,-0.526981852913085,-0.20611732481168688,-0.5104166666666667,-0.05210643015521066,0.020062883665219244,0.08664828672705771,0.10555555555555562,0.042664670658682624,-0.005847953216374324,-0.061772605192479846,0.031398104265403015,0.035264483627204024,0.09720670391061459,0.0,0.08014467923091573
2007-06-30,0.03870419518554735,0.0802307589447746,0.03000942124027861,0.0663993063082593,0.05351691581431939,0.026611634323763456,0.021681415929203585,0.021681415929203585,0.02020202020202011,0.020408163265306145,0.24213536701620586,0.5159010600706713,-0.3191489361702128,-7.117021276595745,0.3362573099415205,0.018934390136503776,0.016310257339615886,0.03015075376884413,0.12921751615218957,-0.023529411764705688,-0.08778625954198471,0.0304422745548536,0.014057853473911752,0.03054989816700604,0.0,0.012953824462460295
2007-09-30,0.026767003238712173,0.06309572229393967,0.19512173250235398,0.0303295184274186,-0.2536481904676554,0.0263438471790316,-0.018839324382849743,-0.018839324382849743,0.03960396039603964,0.040000000000000036,-0.1287797390636991,-0.2740592740592741,0.140625,-0.2817391304347826,0.1807439824945296,-0.030826851051570126,0.0927246790299574,0.025365853658536608,-0.24920534011443096,-0.1405622489959839,-0.07635983263598334,0.029542920847268617,-0.2729938683017862,0.025691699604743157,0.0,0.0318399304045236
2007-12-31,0.006297648477704421,0.014122461200658742,-0.00835871963023549,-0.027601854592088415,0.0453881406472012,0.029758040081374615,0.0064003531229308575,0.0064003531229308575,0.03809523809523818,0.03846153846153855,0.20736434108527124,-0.16651376146788988,1.1181044057756386,-1.8099273607748185,-0.12398072646404745,0.02690249702734837,0.022519582245430936,-0.033301617507136116,0.052497883149873026,0.3668224299065419,-0.03624009060022648,0.028695181375202994,0.03887055372203885,-0.038535645472061675,0.00990099009900991,0.042913750948486706
2008-03-31,0.02563490729241802,0.02567004559918651,0.009700363196125883,0.022623057257639134,0.06594942282290339,0.011475168659759172,-0.03311403508771926,-0.03311403508771926,-0.03669724770642202,-0.03703703703703709,-0.3519626440974756,-0.06659328563566314,-0.617549379479112,-1.7772795216741404,0.11000634651999164,-0.0458821826602982,0.02872646026172987,-0.02952755905511817,0.07079646017699126,-0.09401709401709402,-0.05522914218566399,0.030526315789473513,0.039181080127073775,-0.029058116232464903,0.0,0.0029911075181889846
2008-06-30,0.03770542078213235,0.009259407333962244,0.05080109710585878,0.03460248804587218,0.006321612011062738,0.04020612130404966,-0.0548877296439102,-0.0548877296439102,-0.04761904761904767,-0.04807692307692313,0.6951137131276739,0.5713443396226414,1.1046617915904937,-0.5942307692307692,0.040213455307794854,-0.04884708737864074,0.02482159478746504,-0.0486815415821501,0.01427498121712989,-0.11132075471698111,-0.06281094527363174,0.029622063329928672,-0.030230978260869623,-0.05056759545923639,0.0,-0.024502297090352232
2008-09-30,-0.047096889251229235,-0.042497227063856724,-0.022528722516598765,0.08457186690957896,-0.10857693543205915,-0.0015980184571131595,-0.008639308855291628,-0.008639308855291628,0.0,0.0,-0.1486450584484591,-0.2517823639774859,-0.03778501628664499,-2.028436018957346,-0.03975815316965925,-0.06634768740031904,-0.02240387526491061,-0.026652452025586193,-0.10592592592592587,-0.07855626326963905,-0.06370272063702731,0.028769841269841168,-0.06444833625218904,-0.04130434782608694,0.009803921568627416,-0.11716103445426751
2008-12-31,-0.032735867217077,-0.03802872840405114,0.03683004771563225,-0.15975598974449656,-0.22362362362362365,-0.08008883197951266,0.0150084725248123,0.0150084725248123,0.010000000000000009,0.030303030303030276,0.058199407083788346,0.06068204613841521,0.40961408259986465,6.391705069124424,-0.30547605418813206,-0.0037581141100102577,0.04428615670486202,-0.017524644030668224,-0.22369511184755597,0.11290322580645173,0.007795889440113557,0.027965284474445573,-0.19730438038187947,-0.013605442176870874,0.0,0.14487599438465137
2009-03-31,-0.028525623306982162,-0.0529846894890762,-0.048483569066216314,0.005892255892255838,-0.016761217122228,-0.022814763261488902,-0.029334605294538463,-0.029334605294538463,-0.02970297029702973,-0.03921568627450989,0.020347979946918393,-0.20094562647754133,-0.5276977265449888,-2.4214463840399003,0.6263736263736264,-0.16889574759945136,0.07413997627520774,-0.0022296544035674826,-0.01707577374599767,0.07039337474120089,-0.1561181434599157,0.028142589118199002,0.012126865671641784,-0.0034482758620688614,0.0,-0.05853020518270258
2009-06-30,0.03260684003869563,-0.007447774750227065,-0.011314894246413298,-0.09916317991631796,0.17912404930500925,0.05208101491208539,-0.009828009828009798,-0.009828009828009798,-0.010204081632653073,-0.010204081632653073,0.44075144508670516,1.526627218934911,1.013559322033898,-1.0043859649122806,-0.0016891891891891442,0.0264080874767898,0.055770292655991094,0.012290502793296021,0.17806731813246457,0.044487427466150864,0.04166666666666674,0.02737226277372251,0.14193548387096766,0.006920415224913601,0.009708737864077666,0.10176261179126511
2009-09-30,0.02435798523090482,0.05856515373352855,-0.02094397486723021,0.23362749651648862,0.1545818505338079,0.03934842394753546,0.4441687344913152,0.4441687344913152,0.44329896907216493,0.44329896907216493,-0.2066198595787362,-0.6440281030444965,-0.19191919191919193,-160.0,0.2690355329949239,0.12743718592964837,0.09021966527196645,0.10485651214128033,0.15207373271889413,-0.042592592592592626,0.13280000000000003,0.026642984014209725,0.12711864406779672,0.10767468499427246,-0.009615384615384581,-0.1418551501300338
2009-12-31,0.0334086507424145,0.013831258644536604,0.032852013140805214,-0.07323042168674698,0.041417838566750076,0.014044372074089262,-0.15463917525773196,-0.15463917525773196,-0.15714285714285714,-0.16428571428571426,0.2654867256637168,2.5526315789473686,-0.12708333333333333,-0.6981132075471699,0.06400000000000006,0.111606346942414,-0.043895418565603195,0.023976023976024052,0.039200000000000124,-0.03481624758220503,0.007768361581920846,0.025951557093425448,0.007518796992481258,0.01964839710444677,0.009708737864077666,0.09385618514096805
2010-03-31,-0.011036493310427442,-0.024727148703956314,-0.014793993638582692,0.06764168190127973,-0.0018497965223824853,-0.029506222400642268,-0.2195121951219512,-0.2195121951219512,-0.22033898305084743,-0.21367521367521358,-0.5364635364635364,-0.7796296296296297,-0.004773269689737458,-3.6875,-0.16165413533834583,-0.014595028067361682,-0.08855995985950826,-0.031219512195121868,0.003079291762894565,-0.05210420841683361,-0.047652417659425295,0.027824620573355885,0.009239516702203243,-0.030425963488843744,0.0,-0.08647468726387375
2010-06-30,-0.01494972890456392,-0.017135862913096656,0.008033636158870872,0.03805175038051756,-0.0706078576723499,0.004550155118924426,0.296875,0.296875,0.3043478260869563,0.3043478260869563,0.2650862068965518,0.4285714285714286,0.18705035971223016,-0.34883720930232553,-0.12556053811659196,0.00146484375,0.025048169556840083,0.043303121852970694,-0.059861857252494155,-0.0021141649048627142,0.015452538631346657,0.027071369975389725,-0.0563380281690139,0.044979079497907914,0.0,-0.053212020953956496
2010-09-30,0.04130818147811688,0.08379291940935785,0.009384775808133572,-0.05443548387096775,0.12861415752741778,0.025118385834877577,-0.05823293172690758,-0.05823293172690758,-0.050000000000000044,-0.050000000000000044,0.26916524701873934,0.31176470588235294,0.19999999999999996,-0.38095238095238093,-0.0888888888888889,0.030879245896310747,-0.0781417830290011,-0.06853281853281845,0.13306122448979596,0.09745762711864403,-0.020289855072463836,0.02635782747603832,0.08395522388059695,-0.06106106106106113,-0.009615384615384581,0.1461852067559697
2010-12-31,0.019398542543364483,0.03873933026920562,0.008116883116883189,0.03469664663694516,0.045406360424028236,0.019280980116489266,0.049040511727078906,0.049040511727078906,0.07894736842105265,0.06140350877192979,0.27248322147651005,0.20627802690582953,-0.4057239057239057,-7.596153846153846,0.6435272045028142,0.011351095696042979,-0.023303233323623718,-0.00829015544041456,0.054034582132564735,-0.108108108108108,0.07100591715976345,0.025680933852139987,0.025473321858864084,-0.005330490405117239,-0.009708737864077666,0.003980352303522894
2011-03-31,0.006443817962142662,-0.004424778761061954,0.04457619675010971,0.0850505807418509,-0.0816292039885077,-0.00906403940886702,-0.28861788617886175,-0.28861788617886175,-0.29268292682926833,-0.2892561983471075,-0.7362869198312236,-0.18959107806691455,-0.059490084985835745,-1.848396501457726,-0.3321917808219178,0.005455962587685104,-0.02028034595884276,-0.03134796238244497,-0.05468215994531789,-0.045454545454545414,-0.0034530386740332375,0.02655538694992421,-0.08761329305135956,-0.027867095391211016,0.0,-0.08249683677773101
2011-06-30,0.024409763905562265,0.06698412698412692,0.024665405367528592,0.06837016574585641,0.022451232977548807,0.04573473851660359,0.1657142857142857,0.1657142857142857,0.1954022988505748,0.1976744186046513,2.084,-0.01834862385321101,-0.21385542168674698,-2.1099656357388317,0.5521367521367522,0.022325581395348904,-0.0724505327245053,-0.07119741100323629,0.025307302964569844,0.08163265306122436,0.03603603603603611,0.025868440502586854,-0.0018395879323032105,-0.06835722160970226,0.0,-0.0012871196101864602
2011-09-30,-0.04150390625,-0.027224040464147614,-0.031183751624153766,-0.0601163542340013,-0.06785457163426922,0.0233884768967485,0.05882352941176472,0.05882352941176472,0.05769230769230771,0.058252427184465994,-0.027237354085603127,-1.1728971962616823,0.6781609195402298,0.003095975232198178,0.3568281938325992,0.006824385805277666,-0.00032819166393183163,-0.023228803716608626,-0.07334273624823684,-0.018867924528301883,0.047491638795986724,0.025216138328530313,-0.027644673792849295,-0.04023668639053257,0.019607843137254832,0.03498112860167546
2011-12-31,-0.01309220580743764,-0.03914971708212267,-0.022799463542034326,-0.07204264099037139,0.013516122803630015,-0.03827573392790784,-0.0717592592592593,-0.0717592592592593,-0.0818181818181819,-0.07339449541284415,-0.31066666666666665,-8.72972972972973,0.6210045662100456,-2.4444444444444446,-0.3798701298701299,0.07184816990510612,-0.02462245567957977,-0.04756242568370972,0.014459665144596512,0.15811965811965822,0.08429118773946365,0.024595924104005684,0.02691432903714941,-0.05918618988902591,0.009615384615384581,0.035488748554656
2012-03-31,0.009497754606927256,0.005411427661945023,0.005417509390349684,-0.02742264220863444,0.019813297771003935,0.012557959814528674,0.16708229426433907,0.16708229426433907,0.17821782178217815,0.16831683168316824,0.1315280464216635,-0.1223776223776224,-0.528169014084507,-1.044871794871795,0.027486910994764413,0.017987633501967304,0.07842477280376992,0.07990012484394482,0.02400600150037513,0.0018450184501843658,0.06949352179034163,0.02537722908093265,0.010335917312661591,0.06422018348623837,0.01904761904761898,0.03375708641126973
2012-06-30,0.0019941708851050066,0.04353332277980049,-0.003376679359149315,-0.02209944751381221,0.015692135251260897,0.005342491890860446,0.0641025641025641,0.0641025641025641,0.0672268907563025,0.06779661016949157,0.2649572649572649,-0.11952191235059761,-0.09552238805970148,8.952380952380953,0.26624203821656045,0.08434566537824395,0.058364544319600586,0.06473988439306377,0.00879120879120876,0.058931860036832484,0.0038546255506608507,0.02474916387959869,0.01388381439532349,0.0517241379310347,0.009345794392523477,0.06705442459493138
2012-09-30,0.022504592774035492,0.05066747572815533,0.023500576701268816,0.17377751802065067,0.01802464594445463,-0.004365154678307115,0.0381526104417671,0.0381526104417671,0.03149606299212593,0.031746031746031855,0.14054054054054044,0.16289592760181004,0.14851485148514842,0.22009569377990434,0.2565392354124749,0.07918523233609176,0.030079622530227113,0.04125950054288818,0.027596223674655196,0.07130434782608708,0.02413603949533738,0.02415143603133152,-0.004684684684684748,0.05386416861826682,-0.0092592592592593,-0.1048902040180657
2012-12-31,-0.008184858012676544,-0.04865723361247476,0.02732779264685159,0.010954356846472946,-0.09936766034327005,0.011627906976744207,-0.4835589941972921,-0.4835589941972921,-0.48091603053435117,-0.4769230769230769,0.3258293838862558,0.7704280155642023,1.3448275862068964,-1.5607843137254902,-0.11449159327461966,0.0023593252329834336,-0.05954766676209555,-0.07716371220020857,-0.09116607773851593,-0.025974025974025983,-0.041778253883235195,0.02358189929891652,-0.09196234612599563,-0.07666666666666666,0.0,-0.05889517181383197
2013-03-31,-0.006390580184169492,0.018971012293216072,0.011997806115453091,0.12477425710064027,-0.0571715145436309,0.0020727341247408493,0.9887640449438202,0.9887640449438202,1.0147058823529411,1.0,-0.45755138516532623,-0.6065934065934067,-0.5269607843137255,-1.020979020979021,0.002712477396021651,0.07037778039307985,0.06879756468797571,0.033898305084745894,-0.04976671850699832,0.17833333333333345,0.15036333147009495,0.025217932752179317,-0.0510366826156301,0.032490974729241895,0.0,-0.09410242188944362
2013-06-30,-0.011749215030892324,0.002532022639261333,0.006300386152699788,-0.09940154721938399,-0.06957446808510637,-0.009590071455434335,-0.00941619585687381,-0.00941619585687381,0.0,0.0,-0.05107084019769359,0.18435754189944142,-0.24611398963730569,16.0,0.04598737601442737,0.10115448048378228,0.07035032754201076,0.016393442622950838,-0.06546644844517191,0.1598302687411597,0.057823129251700855,0.02459763133920445,-0.05840336134453783,0.015151515151515138,0.0,0.11316326530612253
2013-09-30,-0.007686788972020131,0.0242163125835686,-0.03137202100444325,-0.06320907617504057,0.06723073404985147,-0.0009493070058856912,0.03802281368821303,0.03802281368821303,0.04379562043795615,0.04411764705882337,0.5833333333333333,-0.061320754716981174,1.323024054982818,-0.6274509803921569,0.016379310344827536,-0.0401397903145283,0.0630654603512506,0.02473118279569886,0.07092819614711043,0.02682926829268295,-0.060633899862195695,0.02400711321873139,0.07541276215975001,0.014925373134328401,0.009345794392523477,0.09331744431203615
2013-12-31,-0.02298078909316259,-0.04989846243109952,-0.042326939115929996,0.0117647058823529,0.04049710734947509,0.008171797795514912,-0.012820512820512775,-0.012820512820512775,-0.013986013986013957,-0.021126760563380254,0.03618421052631571,0.27638190954773867,0.23076923076923084,-7.578947368421052,-0.10602205258693809,0.06522417559554783,0.15319148936170213,0.15949632738719832,0.046606704824202705,-0.005938242280285166,0.03863080684596576,0.023444283646888664,0.06514522821576763,0.14592760180995468,0.0092592592592593,-0.06095413767083091
2014-03-31,0.004387124055182712,0.014961832061068714,0.021627113723782676,0.07028043775649784,-0.038714991762767714,-0.005089538171536234,-0.0018552875695733162,-0.0018552875695733162,0.007092198581560183,0.014388489208633004,-0.5375661375661376,-0.4724409448818898,-0.7836538461538461,-1.888,0.10531309297912705,0.04746093749999991,0.004992402865205081,0.012669683257918507,-0.032031249999999956,0.0011947431302272715,-0.08662900188323919,0.023755656108597423,-0.04285157771717951,0.0049358341559724295,0.00917431192660545,-0.05160714285714296
2014-06-30,0.019734764761603962,0.06377858002406733,0.028699296725154477,-0.033391915641476255,-0.011568123393316143,0.012315270935960632,-0.05390334572490707,-0.05390334572490707,-0.04929577464788726,-0.04255319148936154,0.9267734553775744,0.09701492537313428,1.7833333333333332,0.8378378378378379,0.175107296137339,0.034588849524519905,-0.02051835853131756,-0.006255585344057235,-0.004035512510088823,0.06921241050119331,0.02525773195876302,0.023204419889502725,-0.030932030932030896,-0.011787819253438192,0.009090909090909038,0.10045189229900209
2014-09-30,-0.02585539557206995,-0.021351809954751166,-0.010565568676196402,0.034710743801652955,-0.07563935847420888,0.018528916339135337,0.1041257367387034,0.1041257367387034,0.11851851851851847,0.11111111111111094,0.15914489311163904,0.6598639455782314,0.2814371257485031,-0.696078431372549,0.04528853177501824,-0.018022889069117753,0.029547960308709875,0.014388489208633226,-0.07212317666126422,-0.014508928571428603,-0.016591251885369585,0.022678185745140578,-0.0512389752204957,-0.0009940357852881165,0.009009009009008917,-0.054153477628539726
2014-12-31,-0.17747404111040477,-0.19679237104464675,0.01388888888888884,-0.005431309904153303,-0.829073856975381,-0.3272693862550533,-1.1476868327402134,-1.1476868327402134,-1.152317880794702,-1.1533333333333333,-0.3954918032786885,0.004098360655737654,-0.11214953271028039,-11.35483870967742,-0.4486373165618449,0.021840873634945357,-0.08417219961447853,-0.25620567375886516,-0.8262008733624454,0.10079275198188009,0.0076687116564417845,0.14440337909186907,-0.7919433377600709,-0.22985074626865676,-0.0357142857142857,-0.19238422575976832
2015-03-31,-0.030465026407316742,-0.0316603705702464,0.007847456460384095,-0.0064246707356248045,-0.7352537722908093,0.2813438951106255,-6.63855421686747,-6.63855421686747,-6.565217391304348,-6.521739130434782,-0.9661016949152542,0.14693877551020407,-1.1824561403508773,-0.6853582554517135,-0.25602027883396705,-8.980691513238437e-05,0.3896164639850326,0.008343265792610133,-0.7336683417085428,4.756172839506172,0.4018264840182648,0.020299884659746192,-0.7276595744680852,-0.01679586563307489,0.0277777777777779,-0.02542277970657414
2015-06-30,0.019464558559755485,0.02507895225710577,-0.002663752475923764,0.09359844810863249,1.673575129533679,-0.010232359837987648,-1.6517094017094016,-1.6517094017094016,-1.65625,-1.6535433070866141,37.6,-0.12811387900355875,-5.884615384615385,-1.0792079207920793,0.027257240204429323,-0.021106520567630738,-0.24217435207001003,-0.5319148936170213,1.6792452830188678,2.6754244861483465,0.014115092290988063,0.019895998191272968,1.6249999999999996,-0.5427069645203679,0.02702702702702675,-0.06262928062514361
2015-09-30,-0.02723836830444415,-0.013773106197897844,0.003424188467333167,-0.08337028824833703,-0.8953488372093024,0.01615334912771904,-2.695081967213115,-2.695081967213115,-2.6904761904761907,-2.6987951807228914,0.09974093264248696,0.21224489795918378,-0.10433070866141736,1.5,0.06633499170812596,0.013854482062574558,0.0,-0.010101010101010166,-0.8943661971830986,-0.6215716786617389,1.3062098501070665,0.01950786965196194,-0.8928571428571428,-0.031609195402298784,0.01754385964912286,0.07588574230722078
2015-12-31,-0.005760986066452256,-0.0029400955531054818,0.010237510237510294,0.023867118206740923,-4.222222222222222,-0.037939805002119575,-0.3558994197292069,-0.3558994197292069,-0.352112676056338,-0.34751773049645385,-0.2167255594817432,-0.23569023569023573,-0.03516483516483515,-1.6,-0.03732503888024885,0.07547511312217203,0.0,0.7168367346938775,-4.2,9.180801850424055,0.13525224388734136,0.01913459447706023,0.0,0.6172106824925816,0.06896551724137945,-0.026207839562443103
2016-03-31,-0.0014822800161703453,-0.05068190195355693,-0.02101067423321168,-0.1508899039218775,-1.6264367816091954,-0.013879709187045619,0.6366366366366367,0.6366366366366367,0.6413043478260869,0.6304347826086956,-0.16842105263157892,0.008810572687224738,-0.28246013667425973,-1.6666666666666665,0.025848142164781818,0.0859979804779536,0.0,0.08023774145616636,-1.625,0.0,-0.36491275899672837,0.01962876040110939,1.0555555555555558,0.08807339449541285,-0.008064516129032251,0.11806693189796391
2016-06-30,-0.003373819163292824,-0.007183071248301309,-0.010006210751500877,-0.030235577814876624,0.798165137614679,0.02502234137622872,0.038532110091743066,0.038532110091743066,0.039735099337748325,0.040000000000000036,0.5551537070524413,-0.3231441048034934,1.184126984126984,0.3125,0.03307086614173227,0.01611653494498677,0.0,0.8170563961485555,0.8000000000000003,-0.44825627626945364,-0.06181584030907927,0.01925088930738661,0.7972972972972971,0.8043844856661047,0.0,0.023757195185766466
2016-09-30,0.00873392010832763,0.028549080954243244,0.00013941168269893112,0.0941086457536342,0.5255102040816326,0.0013077593722754521,-0.028268551236749095,-0.028268551236749095,-0.02547770700636942,-0.02564102564102566,0.10232558139534875,0.2387096774193549,-0.22383720930232553,9.857142857142858,0.3475609756097562,-0.008464236693609739,0.0,0.017411052233156754,0.5370370370370368,-0.44913412485988147,-0.4481811942347289,0.018887292137138134,0.5112781954887218,0.024299065420560817,0.0,-0.05990594970353713
2016-12-31,-0.01993422377340759,-0.027566539923954414,0.009548369110677468,0.02202797202797213,-1.3411371237458194,-0.010883761427949445,-0.08181818181818179,-0.08181818181818179,-0.07189542483660138,-0.07236842105263164,-0.08122362869198307,-0.1875,0.2134831460674158,-0.8289473684210527,0.044117647058823595,-0.08844112897023759,0.0,0.09077380952380976,-1.3493975903614457,-0.4069352159468439,-0.10655058043117749,0.01853717509570818,0.0,0.08576642335766405,0.0,-0.0484993475424097
2017-03-31,0.010683468018079623,-0.0005865102639296405,-0.006144287193648568,0.003079028395484018,-2.333333333333333,-0.013424295774647876,0.11485148514851495,0.11485148514851495,0.11267605633802824,0.1134751773049647,-0.4994259471871412,0.14102564102564097,-0.433641975308642,-3.2564102564102564,-0.09534127843986995,0.05424786973761919,0.0,0.00954979536152778,-2.3103448275862073,0.0,-0.032018561484918884,0.019188921859545127,-0.5422885572139304,0.007563025210084229,0.0,-0.0036571428571428033
2017-06-30,0.02114107602656179,0.054381846635367825,0.023826062795220926,0.004263301500682104,-0.25,0.015837608744144527,-0.056838365896980436,-0.056838365896980436,-0.05063291139240511,-0.05095541401273884,0.8922018348623852,0.1741573033707866,0.08174386920980936,-3.4545454545454546,0.2586826347305389,0.03969270166453254,0.0,-0.0209459459459459,-0.23684210526315796,1.3940200266087808,0.027804410354746123,0.01882763975155277,-0.26086956521739135,-0.014178482068390341,0.0,0.04989676531314524
2017-09-30,-0.0013934970139349856,-0.030426716141001897,-0.012755275120428844,-0.08099847172694852,1.5392156862745097,0.018884497145366774,0.06779661016949157,0.06779661016949157,0.07333333333333347,0.0738255033557047,-0.024242424242424288,0.3875598086124401,1.3073047858942064,-2.833333333333333,-0.3767840152235966,-0.05364839901477825,0.0,0.00552104899930983,1.5517241379310347,0.2400772178185968,-0.042444029850746245,0.01847971042103258,1.5294117647058827,0.005922165820642977,0.0,0.0549546596744237
2017-12-31,0.006777858993953112,-0.002870264064293915,-0.01938011133255446,0.08240946045824105,1.4285714285714284,-0.012499999999999956,0.08818342151675496,0.08818342151675496,0.08695652173913038,0.08749999999999991,0.07204968944099388,-0.4,-0.19104803493449785,-0.9015151515151515,-0.05954198473282446,-0.050671004473363146,0.0,0.04186684969114607,1.4189189189189189,-0.6279689600679295,-0.06332196785192401,0.018144407033295895,1.412790697674419,0.04962153069806541,-0.008130081300813052,-0.07870753935376973
2018-03-31,0.010032341099597497,0.030896181155248614,0.03356927605298199,0.13929668828951858,-0.49602543720190784,0.032518550851156736,-0.8492706645056726,-0.8492706645056726,-0.8457142857142856,-0.8505747126436781,-0.3719582850521437,0.47126436781609193,-0.6180836707152497,-1.2564102564102564,0.016233766233766156,-0.022960932145304924,0.0,-0.2134387351778655,-0.4916201117318436,-0.5960819121283205,-0.07332293291731673,0.01837222120154336,-0.5012048192771085,-0.2171474358974359,0.0,-0.0952113309352518
2018-06-30,-0.048291184735019255,-0.06403574087862995,-0.02454570111201515,-0.002846868444710826,-1.1798107255520505,-0.02684421898118794,3.89247311827957,3.89247311827957,3.814814814814815,4.0,0.45202952029520294,-0.390625,1.6395759717314489,-15.2,-0.22683706070287535,-0.08707471062784988,0.0,-0.03433835845896149,-1.1758241758241759,0.7957934390205619,0.1475869809203143,0.018040772145047734,0.0,-0.045035823950870024,0.016393442622950838,-0.061374083737110174
2018-09-30,0.0013045866520187133,0.015910898965791676,0.005908522174336239,0.02253944402704744,1.3333333333333335,-0.0047784535186794486,-0.00879120879120876,-0.00879120879120876,0.0,-0.007692307692307665,-0.12071156289707752,0.41025641025641035,-0.39357429718875503,-1.0704225352112675,0.02066115702479343,0.06915762174622997,0.0,-0.05897658282740681,1.375,0.0,0.11100244498777512,0.01772107035264936,0.0,-0.06323687031082514,0.0,-0.006485771012574304
2018-12-31,-0.004457244737022581,-0.013116679718089275,0.006426646396240798,-0.039529757531227006,1.1578947368421053,-0.002837189000436502,-0.08869179600886923,-0.08869179600886923,-0.08461538461538465,-0.07751937984496127,0.3713872832369942,0.2272727272727273,0.39514348785871967,3.5,0.09109311740890691,-0.016710088940795953,0.0,-0.11889400921658977,1.1842105263157894,0.0,0.04973591549295797,0.01741250217656276,0.0,-0.12700228832951943,0.008064516129032251,0.027577937649879924
2019-03-31,0.047251687560269984,0.04245189446538378,0.04517989563306779,0.1011321909424725,0.06271777003484313,0.01400744145327204,0.1046228710462287,0.1046228710462287,0.10924369747899165,0.10084033613445387,-0.665964172813488,0.19999999999999996,-0.9335443037974683,-2.0666666666666664,-0.08905380333951762,0.05957058017359529,0.0,0.25836820083682,0.07228915662650603,0.0,0.20377358490566033,0.017627930857436303,0.0,0.2621231979030143,0.0,-0.05328665888759243
2019-06-30,0.009405419626414169,0.01255946717411982,0.0049270792274340725,-0.08503543142976244,-0.41639344262295086,-0.008417871789337394,0.06828193832599116,0.06828193832599116,0.06818181818181812,0.06870229007633566,0.9211356466876972,-0.38888888888888884,7.833333333333334,-1.8958333333333335,0.08757637474541746,0.11994481331378792,0.0,0.004156275976724855,-0.4157303370786517,0.0,-0.11111111111111116,0.017322569794820053,0.0,0.017653167185877505,-0.016000000000000014,0.10654615173924942
