Quarter end,Assets,Current Assets,Liabilities,Current Liabilities,Shareholders equity,Revenue,Earnings,Earnings available for common stockholders,EPS basic,EPS diluted,Cash from operating activities,Cash from investing activities,Cash from financing activities,Cash change during period,Cash at end of period,Price,ROE,ROA,Book value of equity per share,P/B ratio,P/E ratio,Cumulative dividends per share,Equity to assets ratio,Net margin,Asset turnover,Current ratio
1993-12-31,0.03692205344273192,0.07552800734618925,0.018379497799637656,0.10348977135980753,0.05081458494957336,0.03267372296364468,0.08461538461538454,0.08461538461538454,0.07936507936507953,0.10344827586206917,-0.03264094955489616,3.1678832116788325,-2.6581632653061225,19.0,1.0,0.006183745583038913,0.011610297829379057,0.008115419296663706,0.05063291139240489,-0.1527777777777779,0.017229002153625217,inf,0.01329368549938792,0.011272141706924144,-0.011173184357541888,-0.025334808653515895
1994-03-31,0.03692205344273192,0.07552800734618925,0.018379497799637656,0.10348977135980753,0.05081458494957336,0.03267372296364468,0.08461538461538454,0.08461538461538454,0.07936507936507953,0.10344827586206917,-0.03264094955489616,3.1678832116788325,-2.6581632653061225,19.0,1.0,0.006183745583038913,0.011610297829379057,0.008115419296663706,0.05063291139240489,-0.1527777777777779,0.017229002153625217,inf,0.01329368549938792,0.011272141706924144,-0.011173184357541888,-0.025334808653515895
1994-06-30,0.08832335329341312,0.08324439701173958,0.1456532791052365,0.08233369683751368,0.0466961978589886,0.03267372296364468,0.08461538461538454,0.08461538461538454,0.07936507936507953,0.10344827586206917,-0.03264094955489616,3.1678832116788325,-2.6581632653061225,19.0,10.0,-0.11062335381913957,0.011610297829379057,0.008115419296663706,0.04518072289156638,-0.1527777777777779,0.017229002153625217,0.7500000000000002,-0.038149490764716076,0.011272141706924144,-0.011173184357541888,0.0008612252887063576
1994-09-30,0.0653370013755159,0.045123152709359626,0.08431329043709779,0.14811083123425695,0.05025568682771997,0.07531194295900168,0.07092198581560294,0.07092198581560294,0.04411764705882337,0.10344827586206917,0.9478527607361964,0.16112084063047294,-0.9784615384615385,-1.2625,-0.23863636363636365,-0.0957551826258638,0.011610297829379057,0.008115419296663706,0.03458213256484144,-0.1344262295081966,0.017229002153625217,0.5714285714285714,-0.014178033022254177,0.011272141706924144,-0.011173184357541888,-0.08972503617945005
1994-12-31,0.032832241999446676,0.026960784313725394,0.012277470841006721,0.021939447125932432,0.04969778374748146,0.019685039370078705,0.026490066225165476,0.026490066225165476,0.04225352112676051,0.10344827586206917,-0.31968503937007875,-0.555052790346908,-26.285714285714285,0.9047619047619047,-0.5970149253731343,-0.02729257641921401,0.011610297829379057,0.008115419296663706,0.04456824512534818,-0.06060606060606066,0.017229002153625217,0.36363636363636354,0.016384489350081965,0.011272141706924144,-0.011173184357541888,0.00494134834357407
1995-03-31,0.05062952049290126,0.08206352120433258,0.05720638770972308,0.09961356805495925,0.04542546385156743,0.06299532615322079,0.06129032258064515,0.06129032258064515,0.05405405405405417,0.10344827586206917,-0.20138888888888884,-0.08135593220338988,-0.6045197740112994,-1.1,0.14814814814814814,0.0785634118967451,0.011610297829379057,0.008115419296663706,0.04266666666666663,0.032258064516129004,0.017229002153625217,0.3333333333333335,-0.005015224789539752,0.011272141706924144,-0.011173184357541888,-0.015991106550367618
1995-06-30,0.022947475777664428,0.0076348829317951505,-0.01778202676864249,-0.09761811792268649,0.055538555691554414,-0.01032307398203025,0.003039513677811634,0.003039513677811634,-0.5,0.10344827586206917,-0.07826086956521738,-0.05535055350553508,-0.3142857142857143,2.5,0.4516129032258065,0.0728407908428721,-0.010479041916167664,0.008115419296663706,0.051150895140664954,0.03125,0.017229002153625217,0.19999999999999996,0.03186318631863205,0.004777070063694433,-0.005649717514124353,0.11666811506039809
1995-09-30,0.005234297108674069,0.007745411685468939,-0.03426124197002145,0.15101687581133705,0.03464270184084639,0.011396561715279141,0.05454545454545445,0.05454545454545445,0.0,0.10344827586206917,1.7201257861635222,-0.3359375,12.854166666666666,1.1428571428571428,0.6666666666666667,0.1687681862269641,-0.009581442259203321,0.008115419296663706,0.03406326034063256,0.10984848484848486,0.12985179957657023,0.20833333333333326,0.0293091416608513,0.014263074484944571,-0.005681818181818232,-0.12447955173353054
1995-12-31,0.006942722539052815,-0.0444444444444444,-0.023987099375125998,-0.1473684210526316,0.028439338750350318,-0.05481283422459893,-0.017241379310344862,-0.017241379310344862,0.025641025641025772,0.10344827586206917,-0.4173410404624277,2.1470588235294117,-1.0345864661654136,-1.2666666666666666,-0.10666666666666669,-0.029875518672199286,-0.015784114052953102,0.003577817531305927,0.028235294117647136,-0.061433447098976135,-0.051842598376015125,0.1724137931034484,0.021355932203389827,0.0234375,-0.02285714285714291,0.12071111111111099
1996-03-31,0.03619798079290826,0.05525441510753626,0.024163568773234223,0.11375661375661372,0.044135676338373564,0.059203879571630535,0.06432748538011701,0.06432748538011701,0.07499999999999996,0.10344827586206917,0.04365079365079372,-0.44859813084112155,-12.26086956521739,2.5,-0.417910447761194,-0.007698887938408894,-0.013967925504397405,0.008021390374331583,0.041189931350114284,-0.036363636363636376,-0.026350461133069825,0.17647058823529416,0.007633587786259444,0.025954198473282286,-0.01754385964912286,-0.05250634517766484
1996-06-30,0.3159854245880862,0.2800331400165701,0.7174833635813671,0.1330166270783848,0.05622961513372471,0.31056848531095005,-0.5769230769230769,-0.5769230769230769,-0.627906976744186,0.10344827586206917,-0.596958174904943,2.2915254237288134,-3.9073359073359075,-0.7857142857142857,0.23076923076923084,0.12586206896551722,-0.1615949632738719,-0.2015915119363395,-0.00879120879120876,0.08301886792452828,0.09742895805142071,0.125,-0.1974637681159419,-0.19345238095238093,-0.005952380952380931,0.12975054411518472
1996-09-30,0.015289231324866037,0.009708737864077666,-0.014793941528707277,0.08245981830887494,0.04693675889328053,-0.08500727802037844,1.8571428571428572,1.8571428571428572,1.75,0.10344827586206917,3.165094339622642,-0.6302780638516993,-1.698539176626826,-0.6666666666666667,-0.04166666666666663,0.02679938744257271,0.03066332916145198,-0.01218161683277963,0.02882483370288247,0.03484320557491283,0.19790382244143045,0.1333333333333333,0.03119228401395424,0.027675276752767486,-0.041916167664670545,-0.06720509780675754
1996-12-31,0.01553328985593172,-0.0214102564102564,-0.0802049815278274,-0.05487411233053585,0.11031146767343092,-0.003499840916321939,0.015909090909090873,0.015909090909090873,0.06818181818181812,0.10344827586206917,-0.13929784824462066,-0.26183844011142066,-0.041825095057034245,3.5,-0.19565217391304346,0.19612229679343773,0.013964784456587775,-0.0033632286995515237,0.09913793103448265,0.1649831649831648,0.1544004117344313,0.11764705882352922,0.09333333333333349,0.02333931777378817,-0.025000000000000022,0.035388037175311915
1997-03-31,0.08581937065794842,0.09498231363815024,0.13876651982378863,0.10484972677595628,0.04239719477207515,0.07471264367816088,0.08277404921700215,0.08277404921700215,0.08510638297872353,0.10344827586206917,-0.28157894736842104,2.750943396226415,-1.8888888888888888,-1.0,0.0,0.07356608478802995,0.02035928143712562,-0.008998875140607487,0.0372549019607844,-0.023121387283236983,0.023629068212215776,0.12280701754385981,-0.04004368401892977,0.022807017543859498,-0.03205128205128205,-0.008937818865318858
1997-06-30,0.04215280391418896,0.04426896386695378,-0.004778700648537915,-0.012364760432766575,0.0841997961264016,0.071301247771836,0.07438016528925617,0.07438016528925617,0.07843137254901977,0.10344827586206917,0.24725274725274726,-0.6408450704225352,-1.6450892857142856,inf,0.945945945945946,0.09233449477351918,0.15786384976525825,0.1929625425652668,0.0510396975425329,0.053254437869822535,0.03702090592334484,0.09375,0.04038680318543797,0.2246998284734134,-0.026490066225165587,0.05736182071528084
1997-09-30,0.07558169530000525,0.07985792850595774,0.10232079570138342,0.18466353677621283,0.05359157578036866,0.035773710482529086,0.01538461538461533,0.01538461538461533,-0.07272727272727275,0.10344827586206917,0.2819383259911894,1.6918767507002803,-1.3840830449826989,-0.34285714285714286,0.3194444444444444,0.18979266347687407,-0.022807906741003525,-0.008563273073263544,0.04856115107913683,0.1320224719101124,-0.04577908441831158,0.10000000000000009,-0.020411882631674816,0.0014005602240894088,-0.006802721088435382,-0.0884764624057397
1997-12-31,0.01031273983115888,0.0022281167108753053,-0.03308442231902098,-0.015852047556142668,0.047653043012671814,0.027844712182061526,0.043560606060605966,0.043560606060605966,0.1568627450980391,0.10344827586206917,-0.1030927835051546,-0.4630593132154006,-3.5675675675675675,-1.7826086956521738,-0.18947368421052635,-0.0719392314566577,-0.004149377593360981,0.0009596928982726904,0.027444253859348233,-0.11662531017369726,-0.10387323943661975,0.09090909090909083,0.037023255813953604,0.0013986013986013734,0.0,0.018352676599333373
1998-03-31,0.12657266296349046,0.1387889053567648,0.16411026493617942,0.030335570469798734,0.09676320272572392,0.033081531648866846,0.05081669691470059,0.05081669691470059,-0.5084745762711864,0.10344827586206917,-0.6143039591315453,0.6627906976744187,-3.0280701754385966,-2.2222222222222223,0.2857142857142858,0.1646605681271065,-0.0234375,-0.01725790987535969,0.09515859766277113,0.1348314606741572,0.10019646365422386,0.09523809523809534,-0.02655184786508802,0.0041899441340782495,-0.020547945205479423,0.10529221547440648
1998-06-30,0.003076404399679822,-0.01626847634098727,-0.038791117663318886,-0.07087024491922878,0.03836595215905558,0.07841654059505809,0.0949913644214162,0.0949913644214162,0.13793103448275867,0.10344827586206917,2.6059602649006623,-0.27505827505827507,-1.6038062283737025,4.363636363636363,1.191919191919192,0.09632079371641167,-0.005866666666666576,0.0,0.03658536585365857,0.0,0.06160714285714297,0.08695652173913038,0.03520088462956128,0.008344923504867818,-0.013986013986013957,0.058762665905522926
1998-09-30,0.043105621376354986,0.07597807597807593,0.04754601226993871,0.09814918676388107,0.039640987284966345,0.03355155482815064,0.028391167192429068,0.028391167192429068,-0.06060606060606066,-0.0625,-0.2213039485766759,-0.29421221864951763,-0.41833810888252154,0.7457627118644068,0.9493087557603688,-0.09841628959276016,-0.0005364806866953176,0.008780487804878057,0.03823529411764692,-0.12871287128712872,-0.1333052985702271,0.08000000000000007,-0.0032045575930211845,0.009655172413793212,0.0,-0.020185341196293116
1998-12-31,0.021145480908651537,-0.0013174073423503074,0.005215959004392312,0.025025536261491288,0.033669064748201416,-0.052482750820042945,-0.05674846625766872,-0.05674846625766872,0.0,0.03333333333333344,0.5448113207547169,0.5056947608200455,0.16748768472906406,1.0,0.9739952718676124,-0.12170639899623592,-0.023081052066559304,-0.01837524177949712,0.028328611898017053,-0.15625,-0.15429403202328962,0.07407407407407396,0.012145025897481787,0.005464480874316946,-0.021276595744680882,-0.02572568441326173
1999-03-31,0.012897881907466546,-0.0006156010904934117,-0.014929449248975879,-0.05630293971101141,0.03417316258351888,0.05956786439059325,0.0747967479674796,0.0747967479674796,0.06451612903225823,0.06451612903225823,-0.5068702290076336,0.010590015128593144,1.4472573839662446,-2.4611650485436893,-0.7209580838323353,-0.005714285714285783,-0.003296703296703285,0.012807881773398977,0.04132231404958686,-0.030303030303030387,-0.018359150889271425,0.07758620689655182,0.020998764778542567,0.0040760869565217295,0.007246376811594235,0.05902287489409774
1999-06-30,0.04633956386292826,0.024111228440689914,0.07661029479715364,0.12434002111932418,0.02429504004307148,0.05362776025236604,0.09531013615733741,0.09531013615733741,0.1212121212121211,0.09090909090909083,1.3266253869969042,0.625748502994012,-0.1103448275862069,-0.8355481727574751,-0.424892703862661,0.14367816091954033,0.0022050716648289725,0.004863813229571967,0.023809523809523947,0.09722222222222232,0.1075394506136762,0.07200000000000006,-0.021085378499827168,0.012178619756427755,-0.007194244604316502,-0.08913333333333329
1999-09-30,0.07718645329363594,0.06495961505413295,0.12729613733905576,0.04907255224231033,0.0388304862023654,0.05977331052181345,0.07320441988950277,0.07320441988950277,0.027027027027026973,0.0277777777777779,-0.4624085163007319,0.5294659300184161,-2.815891472868217,-1.8484848484848486,0.6268656716417911,-0.00670016750418756,0.013751375137513788,0.006776379477250627,0.04134366925064592,-0.03164556962025322,-0.03693931398416883,0.06716417910447747,-0.03548728813559321,0.016042780748662944,-0.007246376811594013,0.015113811022469337
1999-12-31,0.028710613598673218,0.013554945941584684,0.013705931622630008,-0.03424350940017906,0.04117386629561692,-0.02623347795378872,-0.04375804375804371,-0.04375804375804371,-0.02631578947368418,0.0,-0.0705445544554455,-0.4009632751354606,-0.7524012806830309,-1.1428571428571428,-0.05504587155963303,-0.09738617200674526,0.011394465545306653,0.0038461538461540545,0.03970223325062028,-0.130718954248366,-0.14356164383561643,0.06293706293706292,0.012081274025260713,0.011842105263157876,-0.007299270072992692,0.04949709794873658
2000-03-31,0.09958018471872365,0.17162872154115583,0.1902651543603997,0.12282734646581694,0.026242254890049832,0.08133872137602327,-0.006729475100942128,-0.006729475100942128,0.0,0.0,-0.01464713715046606,0.24623115577889454,5.068965517241379,-76.66666666666667,4.407766990291262,-0.13451658103689856,-0.00590128755364816,-0.034482758620689724,0.026252983293555854,-0.16917293233082709,-0.17082533589251436,0.06578947368421062,-0.06673901247965264,-0.014304291287386084,-0.022058823529411797,0.04348722176422082
2000-06-30,0.03451435552840554,-0.01766544367441225,0.03407800075728895,0.026831785345717174,0.034923641529537086,0.04982752012265235,0.03387533875338744,0.03387533875338744,0.027027027027026973,0.027027027027026973,0.5445945945945947,0.4282258064516129,-1.2194602272727273,-2.0319383259911894,-0.841113105924596,0.015110631408526531,-0.021586616297895378,-0.04365079365079361,0.03372093023255829,-0.009049773755656076,-0.012345679012345734,0.061728395061728225,0.0003875968992248513,-0.02638522427440637,-0.015037593984962405,-0.043353742840213316
2000-09-30,0.00806023029229408,0.009544888642965876,-0.009337239106554374,0.008844221105527739,0.02436513383665062,0.031033223804308063,-0.09698558322411532,-0.09698558322411532,-0.10526315789473684,-0.1578947368421053,0.07874015748031504,-0.6431394692264257,0.7475728155339805,-1.0651013874066169,0.34463276836158196,-0.09409888357256779,-0.05901820187534468,-0.06742738589211628,0.02699662542182235,-0.12328767123287676,-0.10625000000000007,0.06395348837209314,0.016272762495156856,-0.060975609756097615,-0.007633587786259555,0.0006882075634011553
2000-12-31,-0.012037606537211087,-0.03720197314332696,-0.027043676461528943,-0.050408447897987596,0.0015633724176438157,-0.10809135977337114,-0.3454281567489115,-0.3454281567489115,-0.32352941176470595,-0.28125,0.04785077047850761,0.15348101265822778,-0.20740740740740737,1.2131147540983607,0.5672268907563025,0.002934272300469498,-0.1184056271981242,-0.12569521690767504,0.0,-0.02604166666666663,0.037587412587412494,0.060109289617486183,0.013724742661075373,-0.10822510822510822,-0.023076923076923106,0.013926618754513065
2001-03-31,0.019032372821060184,0.008752579520387105,0.03045460301380265,0.00020981955518251105,0.008975359571858688,0.04545905707196041,0.019955654101995624,0.019955654101995624,0.0,0.0,-0.3320433436532507,-0.04526748971193417,-0.02336448598130836,-2.859259259259259,-0.6729222520107239,0.13575190169689888,-0.12034574468085113,-0.11704834605597969,0.009857612267250904,0.1390374331550801,0.257792754844145,0.061855670103092786,-0.009966152688980934,-0.10841423948220064,-0.007874015748031482,0.00854642881367429
2001-06-30,-0.010414848431954393,-0.01834085778781036,-0.042764976958525325,0.0004195510803439717,0.018675064920713913,-0.01718408810405392,0.10652173913043472,0.10652173913043472,0.13043478260869557,0.08695652173913038,0.9154113557358052,-0.47126436781609193,1.5167464114832536,-1.9282868525896415,1.9098360655737703,0.038124678001030254,-0.11942554799697658,-0.1080691642651298,0.017353579175704903,0.028169014084507005,0.16342933690555927,0.058252427184465994,0.02943969610636299,-0.09437386569872963,-0.015873015873015928,-0.018763871141300736
2001-09-30,0.02825141110065843,0.07157229088818617,0.046216060080878085,0.10694065841895584,0.013071540923143665,0.02086553323029361,0.08644400785854622,0.08644400785854622,0.0,0.040000000000000036,-0.02298850574712641,-0.10869565217391308,-0.6406844106463878,2.9012875536480687,2.5605633802816903,0.02481389578163773,-0.07381974248927048,-0.06946688206785134,0.013859275053304865,0.004566210045662267,0.15428900402993673,0.05504587155963292,-0.014760147601476037,-0.048096192384769476,-0.024193548387096753,-0.031939684715558636
2001-12-31,-0.024244503530891692,-0.046472639484978595,-0.05129149027547697,-0.13430573972343252,-0.0006424670735625249,-0.08355412566237697,-0.35985533453887886,-0.35985533453887886,-0.3076923076923077,-0.3076923076923077,-0.24829721362229107,0.2804878048780488,-0.5079365079365079,-0.3311331133113311,0.481012658227848,0.030024213075060535,-0.0583873957367933,-0.05208333333333326,0.0,0.0181818181818183,0.0937655860349127,0.052173913043478404,0.024157303370786476,-0.039999999999999925,-0.008264462809917328,0.10145851033701492
2002-03-31,0.024729702012950883,0.07229762993178146,0.034986742546724514,0.14923413566739607,0.016232722597235627,0.05596282911719164,0.5875706214689265,0.5875706214689265,0.5555555555555558,0.5555555555555558,-0.11367380560131801,-0.3380952380952381,1.1989247311827955,-0.36019736842105265,0.20779914529914523,0.13916314057357781,0.0413385826771655,0.049450549450549275,0.017875920084121866,0.13839285714285698,0.20109439124486994,0.04958677685950419,-0.008228195282501516,0.06140350877192979,-0.01666666666666672,-0.06694735488847481
2002-06-30,0.007691647842621441,-0.0003935200367285452,-0.014746313421644563,0.2056359482102057,0.026622383889503887,0.09054463674586888,0.2508896797153024,0.2508896797153024,0.24999999999999978,0.24999999999999978,-0.21840148698884754,0.3741007194244603,2.019559902200489,-2.994858611825193,-0.3432109685979655,0.048287247214197304,0.08317580340264641,0.08900523560209428,0.02789256198347112,0.027450980392156987,-0.005694760820045497,0.047244094488189115,0.01880530973451333,0.07851239669421495,0.016949152542372836,-0.17088629396162713
2002-09-30,0.002014641620793345,0.010563611311593668,-0.0036149162861491835,0.02684775742261536,0.00657286638595056,0.005290056487043948,-0.17923186344238973,-0.17923186344238973,-0.22857142857142843,-0.22857142857142843,0.6611177170035671,0.1439790575916231,-0.5473684210526315,-1.5167525773195876,0.27003367003367007,-0.1381889763779527,-0.0008726003490400203,0.008012820512820484,0.012060301507537785,-0.16030534351145032,-0.21878579610538373,0.048872180451127845,0.0045240680419833534,-0.005747126436781658,0.008333333333333304,-0.015870378063980173
2002-12-31,-0.008552091297822306,-0.03389170237631478,-0.02985169626376427,-0.08028298984927718,0.008519538822569173,-0.0968605066000714,-0.1525129982668978,-0.1525129982668978,-0.07407407407407418,-0.07407407407407418,-0.10880458124552617,-0.1624713958810069,-0.07871198568872984,-0.0922693266832918,0.19300106044538712,-0.023298309730470645,0.046288209606986985,0.05405405405405417,0.014895729890764597,-0.036363636363636376,-0.032258064516129004,0.04659498207885293,0.017294181228607375,0.052023121387283267,0.008264462809917328,0.050447483958122374
2003-03-31,0.06135214646825293,0.1699596774193548,0.12518042251673012,0.003010033444815985,0.012140219535636598,0.02468891961287767,0.010224948875255713,0.010224948875255713,0.0,0.0,-0.7100401606425704,-1.2704918032786885,-2.798058252427184,2.8076923076923075,0.6160000000000001,-0.05706267539756782,-0.04173622704507518,-0.043740573152337814,0.014677103718199414,-0.07075471698113212,-0.11464646464646466,0.044520547945205546,-0.04639631662829824,-0.03296703296703307,-0.016393442622950838,0.16645902825222025
2003-06-30,0.04529185392502488,0.07444425297260038,0.07078717201166174,-0.02267422474158054,0.023439452246489134,0.014552814186584495,-0.054655870445344146,-0.054655870445344146,-0.040000000000000036,-0.040000000000000036,1.4210526315789473,-5.01010101010101,-0.29373650107991356,-0.18398268398268403,0.31105610561056096,0.01835317460317465,-0.11585365853658525,-0.12618296529968454,0.026036644165863265,0.0050761421319796,0.0456360524814603,0.04262295081967227,-0.020984215413184737,-0.09090909090909094,-0.04166666666666674,0.09936261843238592
2003-09-30,0.002626023376757214,0.016305800588078068,0.011816597691134856,0.20044353462981923,-0.00561578279128816,0.09879357841740277,0.08779443254817987,0.08779443254817987,0.0,0.0,0.6304347826086956,1.0377833753148615,-2.0045871559633026,-1.0362511052166226,-0.008600797147052641,0.06527033609352162,-0.04334975369458127,-0.05776173285198549,-0.0028195488721806106,0.04040404040404044,0.1811238406983089,0.04402515723270439,-0.008156297420333747,-0.04166666666666674,-0.008695652173913104,-0.15340499545582753
2003-12-31,-0.001206861133935866,-0.04292477643345605,-0.04434637532963781,-0.11055847662356122,0.03815744242007568,-0.01340019019624794,0.1614173228346456,0.1614173228346456,0.25,0.25,-0.0926315789473684,0.17923362175525348,-0.04718417047184176,6.0,-0.06072788827761322,-0.03200731595793316,0.03501544799176104,0.02490421455938696,0.035815268614514784,-0.029126213592232997,-0.002309468822170757,0.04216867469879526,0.039395677949894736,0.019565217391304346,0.0,0.07607166654327369
2004-03-31,0.029385299637504136,0.049411894030999326,0.03576054513712901,0.6980348298450232,0.02403027436140026,0.04030844724851024,0.06440677966101704,0.06440677966101704,0.06666666666666665,0.06666666666666665,-0.37122969837587005,-0.3972746331236897,-0.3769968051118211,-0.47038327526132406,-0.034241946384320765,0.10817194142654696,0.04378109452736312,0.04672897196261694,0.0263876251137396,0.06499999999999995,0.054629629629629584,0.040462427745664886,-0.005151793928242943,0.029850746268656803,0.01754385964912286,-0.3819876844748701
2004-06-30,0.007742257742257674,0.022416592468443852,0.002501087429316984,0.020041400075272886,0.012195121951219523,0.0765667115902966,0.22292993630573243,0.22292993630573243,0.21875,0.21875,0.11316113161131613,-0.41391304347826086,0.9794871794871796,0.3421052631578947,-0.047585724282715236,0.04518329070758731,0.11820781696854166,0.125,0.013297872340425565,0.018779342723004744,-0.021510096575943938,0.03888888888888897,0.004253745145182064,0.08488612836438914,0.034482758620689724,0.0023378792095740675
2004-09-30,-0.0036431226765799574,-0.013165309154244187,-0.03286690530426295,-0.05516096301079232,0.020947426067907893,0.04686644237540105,0.04427083333333326,0.04427083333333326,0.0,-0.02564102564102566,-0.08397790055248622,0.2225519287833828,0.8523316062176165,3.965686274509804,-0.24810188586823412,0.10848287112561183,0.09207161125319674,0.10952380952380958,0.025371828521434825,0.09677419354838701,-0.024674742036787878,0.04010695187165769,0.024861878453038777,0.07633587786259532,0.03333333333333344,0.04442716721275053
2004-12-31,0.04400169141606347,0.0718438538205981,0.05658366980708829,-0.06316508835302159,0.03397255375262609,-0.04170403587443949,-0.18204488778054861,-0.18204488778054861,-0.1282051282051282,-0.13157894736842102,0.059107358262967535,-0.07766990291262132,-1.9405594405594404,-2.8193484698914117,0.6003257328990228,0.043782192788815344,0.0007806401249026429,0.0042918454935620964,0.03412969283276435,0.01680672268907557,-0.06117755289788396,0.03856041131105403,-0.009703504043126587,-0.005319148936170248,0.008064516129032251,0.14409528367097346
2005-03-31,-0.06537691794529688,-0.1267435102673382,-0.1517966137678467,-0.29668611921634014,0.005014915049068369,0.014896272032444147,0.10975609756097571,0.10975609756097571,0.08823529411764697,0.1212121212121211,0.03758542141230059,-0.09999999999999998,-4.012639405204461,-2.8898534997287033,-0.7089354773051089,-0.0017624250969333621,0.016380655226208907,0.03988603988603989,0.011551155115511635,-0.03305785123966942,-0.023027927486526156,0.03712871287128716,0.07530393757938669,0.0124777183600715,0.03200000000000003,0.24166937770135233
2005-06-30,0.0028805954930151145,-0.01103654816704569,0.01120080095112952,0.048303452363313015,-0.002839076009807706,0.006531929608852627,0.08791208791208782,0.08791208791208782,0.10810810810810811,0.10810810810810811,-0.29527991218441274,1.2923976608187133,-0.8583415597235933,-0.7944300890037324,-0.5006993006993007,-0.031073446327683607,-0.005372217958557246,0.015068493150685036,0.002446982055464897,-0.04273504273504258,-0.06369107321965894,0.038186157517899666,-0.005737428282146628,0.0017605633802815213,0.007751937984496138,-0.056630609724145686
2005-09-30,0.05142218042245994,0.10845670704351718,0.12172029702970288,0.08395759717314477,0.002415771537034539,0.029622843182165237,-0.31818181818181823,-0.31818181818181823,-0.3902439024390244,-0.41463414634146345,1.2710280373831777,-0.3303571428571429,-2.5174216027874565,-3.5195530726256985,2.526610644257703,-0.12281341107871724,-0.09645061728395055,-0.09446693657219962,0.02766476810414975,-0.1250000000000001,-0.13497589716122138,0.0367816091954023,-0.04650373387644258,-0.08963093145869949,0.0,0.022615457863831123
2005-12-31,-0.020259162556812704,-0.10791257715268643,-0.005020135709163154,-0.03768418307471644,-0.03214700692860528,-0.006673587423995264,-0.1611111111111111,-0.1611111111111111,-0.040000000000000036,0.0,0.009602194787379892,2.302857142857143,-2.8002296211251436,-2.0144124168514415,-0.7422557585385227,-0.1142501038637308,-0.06831767719897519,-0.06706408345752612,-0.02375296912114022,-0.1377551020408163,-0.022291021671826616,0.0354767184035476,-0.012103951584193529,-0.084942084942085,0.01538461538461533,-0.0729805230076821
2006-03-31,0.023540443172284542,0.056371576022230974,0.03614992237746728,0.08915989159891602,0.013428190306802978,0.02844132576888625,0.3708609271523178,0.3708609271523178,0.3750000000000002,0.3750000000000002,0.0033967391304348116,-0.7745098039215687,-0.7213010204081632,-1.3573770491803279,1.0077041602465333,0.12992495309568475,-0.03758020164986253,-0.05591054313099042,0.013787510137875048,0.15384615384615397,0.21089297023432563,0.03426124197002145,-0.00990990990991003,-0.05485232067510548,0.0,-0.03009249571004058
2006-06-30,0.03088235294117636,0.023997423095506454,0.04254066780821919,-0.061458074147797914,0.021323271323271387,0.01807360092908472,0.355877616747182,0.355877616747182,0.36363636363636354,0.36363636363636354,-0.5409614082599865,1.4424552429667519,-0.7734553775743707,-1.5428134556574924,-0.2724481964696853,0.05396430053964307,0.01904761904761898,0.0,0.031200000000000117,0.04102564102564088,0.08838912133891208,0.035196687370600444,-0.009281164695177369,0.0022321428571430157,0.0,0.09105031500819871
2006-09-30,0.008863216482308589,0.021128237391213167,0.00975209156700707,0.010074231177094273,0.008119254231463202,0.008555539711963434,-0.002375296912114022,-0.002375296912114022,-0.08888888888888902,-0.08888888888888902,0.3790560471976401,-0.6198952879581152,4.888888888888889,-0.9802816901408451,-0.007383966244725704,-0.07089405277668381,0.11962616822429917,0.11167512690355319,0.01706749418153608,-0.09852216748768461,-0.1004324843825084,0.03400000000000003,-0.0007347538574576928,0.10913140311803993,0.0,0.010915994304698584
2006-12-31,-0.01128882707464074,-0.027519638548030967,-0.026991307883901805,-0.09291338582677167,0.0018749733668554924,-0.07358970733776338,-0.16666666666666663,-0.16666666666666663,-0.07317073170731703,-0.07317073170731703,0.8171122994652407,0.6694214876033058,0.2727272727272727,-55.0,0.40170031880977675,0.014836795252225476,0.07762938230383964,0.07458143074581436,0.01067887109077037,0.0,-0.10576923076923084,0.03288201160541582,0.013235294117647012,0.0943775100401607,-0.015151515151515138,0.07210485133020339
2007-03-31,0.03959862143342785,0.0460904915263185,0.07277191516038028,0.06901041666666674,0.012589851558844734,-0.012361694009919932,0.0814285714285714,0.0814285714285714,0.07894736842105265,0.07894736842105265,-0.12536786344908768,-0.27887788778877887,-0.967654986522911,1.7169312169312168,0.778620166793025,-0.022138680033416902,0.034082106893880804,0.028328611898017053,0.014339622641509342,-0.032786885245901676,-0.10931899641577048,0.03183520599250933,-0.02594339622641506,0.062385321100917546,-0.03846153846153855,-0.021421012297923592
2007-06-30,-0.012584006134139236,-0.028616130009084473,-0.0314584855125396,0.028149952632291253,0.0036963918175325627,0.016843081202194243,-0.20739762219286662,-0.20739762219286662,-0.19512195121951215,-0.19512195121951215,-0.3761776581426649,-0.6178489702517163,59.666666666666664,-1.646543330087634,-0.2830349531116795,-0.01495087569414788,-0.08314606741573038,-0.08264462809917339,0.03125,-0.02824858757062154,-0.06237424547283699,0.03266787658802195,0.016390389271744965,-0.06217616580310881,-0.016000000000000014,-0.05522822195704058
2007-09-30,-0.008267860405627658,-0.020626591157063445,0.0031173010206646534,-0.005528498091351808,-0.01774429797028665,0.007598206823189679,0.09499999999999997,0.09499999999999997,0.0,0.0,1.0949298813376482,1.2874251497005988,-0.05906593406593408,-1.302710843373494,0.11950059453032114,-0.09930615784908925,-0.06290849673202614,-0.06456456456456461,-0.004329004329004182,-0.12790697674418605,-0.028612303290414864,0.03163444639718804,-0.009529045262964941,-0.047882136279926324,-0.024390243902439046,-0.01519636865995655
2007-12-31,-0.06211137211551743,-0.0268435013262599,-0.027717908876748076,0.05837193911317007,-0.09134676835243494,-0.7210617600482618,-4.235920852359209,-4.235920852359209,-4.666666666666666,-4.666666666666666,-0.082389289392379,0.5549738219895288,-0.22262773722627738,-0.14925373134328357,0.09081253319171534,-0.08425613866153103,-1.041848299912816,-1.0417335473515248,-0.07826086956521738,-0.08000000000000007,-0.03387334315169377,0.042589437819420706,-0.03108233117483794,0.0,-0.16666666666666663,-0.08052104208416844
2008-03-31,0.007489257213014078,0.019733972961186286,0.03917929683472532,-0.033891945972986504,-0.0213344586674169,1.6988375236550417,-1.2041392285983066,-1.2041392285983066,-1.2066115702479339,-1.2066115702479339,-0.702020202020202,-0.6212121212121212,-0.5474178403755868,-2.011695906432749,-0.08422590068159685,-0.10410094637223977,3.041666666666667,2.9615384615384617,-0.013364779874213806,-0.02898550724637672,0.0,0.040849673202614456,-0.028642352491884737,0.0,-0.050000000000000044,0.05553376051610659
2008-06-30,0.028174506458688686,0.05094622046402231,0.06062109336243671,-0.035080906148867275,-0.003162131084706754,0.06491034759090453,0.06682027649769595,0.06682027649769595,0.08000000000000007,0.08000000000000007,0.3822975517890772,0.5822222222222222,-0.46887966804979253,-1.8670520231213872,0.0797448165869219,-0.011737089201877882,0.3659793814432988,0.33009708737864085,0.031075697211155218,0.0,0.0,0.03924646781789631,-0.03046982504423046,0.0,-0.05263157894736836,0.08915961181086107
2008-09-30,-0.1157018916228133,-0.12788036014039372,-0.14359214218896166,-0.07995707002951435,-0.08704219936556767,0.06499858903207612,-0.29373650107991356,-0.29373650107991356,-0.37037037037037035,-0.37037037037037035,0.043596730245231585,-10.151685393258427,14.27734375,-0.44666666666666666,0.04086656819300827,0.15261282660332554,0.6603773584905659,0.635036496350365,-0.06027820710973719,0.11940298507462677,0.0,0.03776435045317217,0.03244120032441189,0.0,-0.022222222222222254,-0.05209676196253887
2008-12-31,-0.15241924674976548,-0.23779527559055114,-0.17591480065537957,-0.23563721201516474,-0.1297709923664122,-0.22054407348524996,-1.5504587155963303,-1.5504587155963303,-1.6470588235294117,-1.6470588235294117,2.0430809399477807,-1.0135052179251074,-0.3132191255433393,-6.626506024096385,-0.22090823084200573,-0.09891808346213304,-2.2295454545454545,-2.2232142857142856,-0.13322368421052644,-0.040000000000000036,0.0,0.0363901018922852,0.026708562450903583,-0.504835589941973,0.21590909090909105,-0.0028399999999999537
2009-03-31,-0.044688320313735375,-0.07912457912457915,-0.07243687454437009,-0.06695917588706601,-0.030066545674531153,-0.18628895184135974,-1.1833333333333333,-1.1833333333333333,-1.1818181818181819,-1.1818181818181819,-0.5075075075075075,2.3636363636363638,-0.6120625465376024,-0.9036402569593147,-0.02732240437158473,-0.259576901086335,-0.3438077634011092,-0.33576642335766427,-0.02941176470588225,-0.14583333333333326,0.7019817073170731,0.0351123595505618,0.015302218821729108,-0.3398437500000001,0.0,-0.013037025151430126
2009-06-30,0.0161557306495399,0.013960445404686661,0.002929408402400746,0.026988345941525216,0.026819684400923194,0.054727753794736156,4.757575757575758,4.757575757575758,5.0,5.0,0.5121951219512195,0.9121621621621621,-0.11324376199616126,-14.777777777777779,0.387016229712859,0.12895752895752888,-0.3859154929577464,-0.37362637362637363,0.030303030303030276,0.16260162601626016,0.8705776981639053,0.03392130257801895,0.010550113036925213,-0.3727810650887573,0.009345794392523477,-0.012680864900016298
2009-09-30,0.008470710888121458,0.025159809867234983,0.044738904324285844,0.0732629902448736,-0.02241389783150094,0.06931608133086886,1.857894736842105,1.857894736842105,1.7500000000000004,1.666666666666667,-0.1820276497695853,-0.4946996466431095,0.3885281385281385,-1.011290322580645,-0.0031503150315032036,0.1580027359781122,0.6513761467889907,0.6666666666666665,0.00379506641366234,0.12587412587412605,1.0265740962413217,0.034120734908136496,-0.0307606263982102,0.7452830188679245,-0.04629629629629628,-0.044829573522147115
2009-12-31,-0.011048652839697581,-0.02981853065792628,0.013092396863279898,-0.0074197736969022765,-0.034422766248291325,-0.04963575750092608,-0.35174953959484345,-0.35174953959484345,-0.33333333333333337,-0.3125,-0.050000000000000044,0.05594405594405605,-0.3468433359314107,-56.714285714285715,0.17607223476297973,0.16656822209096278,0.9361111111111111,0.9210526315789473,-0.010396975425330801,0.16149068322981375,-0.3333727111636149,0.032994923857868175,-0.023658395845354785,0.9783783783783786,-0.029126213592232997,-0.02254018876869357
2010-03-31,0.00963674376061685,0.05430125247198414,0.04408696237463827,0.05905438235843774,-0.023230373230373247,0.0606729894764193,0.28125,0.28125,0.36363636363636354,0.3181818181818181,-0.6212008895478132,-0.7152317880794702,-0.3448687350835322,-1.3410256410256411,-0.05105566218809976,0.009620253164557058,0.39311334289813504,0.3671232876712329,-0.021012416427889313,0.016042780748662944,-0.4804182172603225,0.03194103194103182,-0.032505910165484764,0.3306010928961749,0.020000000000000018,-0.004497354497354555
2010-06-30,-0.0036884848092665345,0.02149277061352084,0.025657555440949054,0.008646550202929149,-0.034719019698267295,0.07092111709946103,0.1685144124168514,0.1685144124168514,0.16666666666666674,0.1724137931034484,0.3072407045009784,2.441860465116279,-0.08196721311475408,-0.7218045112781954,-0.01496763754045305,0.1318956870611836,0.2554067971163747,0.2184368737474951,-0.023414634146341484,0.1578947368421053,-0.18963165075034105,0.030952380952380842,-0.03115455100794129,0.17659137577002038,0.03921568627450989,0.012755779962795533
2010-09-30,0.0,0.0010711553175211108,-0.017096165933375262,-0.037963610916724955,0.018018018018018056,-0.008921422852567806,-0.10056925996204935,-0.10056925996204935,-0.11428571428571421,-0.08823529411764708,0.35479041916167664,-1.0,0.21626984126984117,-9.972972972972974,0.1363449691991787,-0.06601683650863988,-0.018047579983593076,-0.03618421052631582,0.01798201798201804,-0.040909090909091006,-0.24158249158249168,0.03117782909930722,0.018074821353509796,-0.054101221640488584,0.018867924528301883,0.04054054054054057
2010-12-31,-0.025427856980482555,-0.06825129929685114,-0.05576160634352223,-0.04891798508819789,0.010525610083132131,-0.07455279861511832,-0.33755274261603374,-0.33755274261603374,-0.4193548387096775,-0.4516129032258064,0.7027624309392264,-inf,1.3980424143556283,-1.9698795180722892,-0.11637152150343333,0.04459203036053139,-0.013366750208855471,-0.015358361774744034,0.01079489695780178,0.02369668246445511,0.05327413984461704,0.03023516237402002,0.036952931461601946,-0.029520295202951963,0.0185185185185186,-0.0203000882612534
2011-03-31,0.021959346884371955,0.05848576818964801,0.08973317079777865,0.11988527724665388,-0.045180123399455985,0.11709689487467267,0.43312101910828016,0.43312101910828016,0.6666666666666667,0.7647058823529409,-0.6963011031797535,-0.9804347826086957,-0.3319727891156462,0.5248447204968945,-0.20081799591002047,0.06357856494096281,0.012701100762066098,0.0,-0.022330097087378653,0.05092592592592582,0.11169652265542673,0.02934782608695663,-0.0656977901652398,-0.024714828897338448,0.0181818181818183,-0.054826254826254917
2011-06-30,0.009064527698979363,0.021311221326720364,0.019203281337393685,-0.013488133856923379,-0.002848804891606438,0.05514623799955354,0.2155555555555555,0.2155555555555555,0.26666666666666683,0.2333333333333334,0.15811965811965822,1.3333333333333335,-0.5132382892057026,-1.1608961303462322,0.04042988741044007,0.056789069171648165,0.01672240802675584,0.010398613518197486,0.006951340615690249,0.08370044052863435,0.04739336492891,0.028511087645195277,-0.011932665672277798,-0.007797270955165692,0.02678571428571419,0.03526688453159044
2011-09-30,-0.02339483633308559,-0.020183625464754495,0.026951219512195035,0.04534440983039123,-0.07448958260748384,-0.0045493017350825005,-0.17915904936014626,-0.17915904936014626,-0.1842105263157895,-0.16216216216216217,0.8634686346863469,8.380952380952381,0.2803347280334727,0.9620253164556962,0.07624200688637472,-0.13575757575757574,0.01398026315789469,-0.00857632933104635,-0.05818540433925046,-0.1422764227642277,-0.1583710407239819,0.028747433264886935,-0.052188915246926926,-0.035363457760314354,0.026086956521739202,-0.06269455039677307
2011-12-31,-0.035469675412765134,-0.052118020599395964,-0.04560028500178126,-0.0298013245033113,-0.02333985845505193,-0.09225209905409715,-0.8062360801781737,-0.8062360801781737,-0.8064516129032258,-0.8064516129032258,0.25643564356435644,-0.29441624365482233,0.5751633986928104,0.12903225806451624,0.07998171846435098,0.010285179990649818,-0.09570154095701544,-0.12283737024221442,-0.030366492146596924,0.07109004739336489,0.010215053763440674,0.027944111776447178,0.012514220705347023,-0.140529531568228,0.016949152542372836,-0.023013237288928567
2012-03-31,0.10208912215704435,0.10310457516339877,0.16305835510762723,0.06843003412969284,0.026981190255935816,0.10853530031612224,4.057471264367816,4.057471264367816,4.166666666666667,4.0,-0.4869976359338062,13.877697841726619,-2.6981327800829877,0.4228571428571428,0.10537452391028346,0.04118463674224904,0.013452914798206317,-0.01775147928994092,0.02591792656587466,0.07522123893805333,0.15114422565194263,0.027184466019417375,-0.06808988764044943,-0.02132701421800942,0.0,0.032460382055824244
2012-06-30,0.003330531951318161,0.024588949785216974,0.003690826424177507,0.3801309694936912,0.002552169343942312,-0.008449514152936155,0.4750000000000001,0.4750000000000001,0.4516129032258065,0.5,0.24731182795698925,-0.9095744680851063,-1.3891264508246792,-1.2690763052208835,-0.025650842266462526,-0.039111111111111097,0.08672566371681412,0.054216867469879526,0.0,-0.06172839506172856,-0.03883495145631066,0.026465028355387554,-0.0009645526886906675,0.07021791767554486,-0.008333333333333304,-0.2575933225133318
2012-09-30,0.0069802072345970245,-0.0033974266300419442,-0.016680878277552713,-0.07915750491841222,0.039607666966157584,0.04622922880272684,0.013867488443759735,0.013867488443759735,0.022222222222222143,0.0,0.16625615763546797,1.0213903743315509,-0.20722135007849296,-2.5522388059701493,0.04086444007858536,0.057816836262719606,0.11563517915309451,0.10857142857142854,0.03473684210526318,0.05701754385964919,-0.0177970177970177,0.026703499079189674,0.03258508327299059,0.1153846153846152,-0.008403361344537785,0.08226108682073696
2012-12-31,0.0027727286730951928,-0.028722709799086088,-0.017560023846945993,-0.08131205228101046,0.03312927619733519,-0.13154143758908576,0.11702127659574457,0.11702127659574457,0.08695652173913038,0.11111111111111116,1.203801478352693,-0.1878306878306878,0.7049504950495049,8.057692307692308,0.35560588901472245,0.14210756449497164,0.3197080291970802,0.3178694158075601,0.02238046795523907,0.10373443983402497,0.015181194906953799,0.026008968609865457,0.030154277699859566,0.3529411764705883,-0.025423728813559365,0.057251688116811916
2013-03-31,0.05315063442809298,0.13860055260996185,0.09670657030948315,0.0842681258549931,-0.0018821889159985616,0.09730363423212185,-0.3319727891156462,-0.3319727891156462,-0.31999999999999995,-0.33999999999999997,-0.8850023957834212,-0.30944625407166126,-2.045296167247387,-0.04140127388535031,0.2514619883040936,0.16845329249617147,0.0022123893805310324,0.003911342894393766,-0.0029850746268658135,0.1428571428571428,-0.13410516160154373,0.02534965034965042,-0.05218969820739727,0.02398800599700146,-0.017391304347826098,0.05011190567170698
2013-06-30,-0.043525190349776866,-0.09018167508362296,-0.07193158953722334,-0.20426444612667172,-0.0048191088140802085,0.024358974358974272,0.4521384928716905,0.4521384928716905,0.44117647058823506,0.45454545454545436,3.1333333333333337,-0.018867924528301883,-3.761111111111111,-2.8726467331118495,-0.3762794837561193,0.04652686762778502,0.00938189845474624,0.02207792207792214,0.0009980039920158834,0.049342105263157965,0.02841225626740962,0.024722932651321416,0.04045966004309309,0.019033674963396807,0.0,0.14336954826636172
2013-09-30,0.008051971818098691,0.014922145328719827,-0.0019512195121951237,0.012842872998255928,0.021475191241490554,-0.001147267417605291,0.0,0.0,0.0,0.02083333333333326,0.16532258064516125,-0.4278846153846154,-0.641046277665996,-1.1099940863394442,0.0663574741348556,-0.043519098309329984,0.009294696555494752,0.016518424396442022,0.027916251246261403,-0.043887147335423204,-0.0595882990249188,0.024958402662229595,0.01334560515416472,0.028735632183908066,-0.008849557522123686,0.002045919527165374
2013-12-31,-0.05960485310580621,-0.08963704808580153,-0.07195612034321708,0.29852849092047595,-0.04410855376159395,-0.06703560613970971,-0.9214586255259467,-0.9214586255259467,-0.9183673469387755,-0.9183673469387755,0.5406574394463668,0.7983193277310925,1.0919282511210762,-2.4086021505376345,-0.08765473402475743,-0.029132569558101507,-0.2502708559046587,-0.24750000000000005,-0.02812803103782746,-0.05573770491803276,-0.05069124423963123,0.024350649350649345,0.016348773841961872,-0.2639664804469274,0.01785714285714257,-0.29895644283121603
2014-03-31,0.03648531257038057,0.09994538503549966,0.08291883667856514,0.005424954792043302,-0.020628189463092084,0.02865137101287063,8.482142857142858,8.482142857142858,8.25,8.25,-1.1106120157215047,-0.3317757009345794,-1.180064308681672,-0.8435114503816794,-0.015034836817015007,0.03910991233985173,0.03251445086705207,0.03654485049833878,-0.01896207584830334,0.06944444444444442,0.395631067961165,0.023771790808240878,-0.05495978552278824,0.024667931688804545,0.01754385964912286,0.09403922076241011
2014-06-30,0.00679807543069999,0.0565328415378068,0.07046363341618944,0.03693045563549169,-0.08021429619844411,0.18093787400718098,-1.4500941619585688,-1.4500941619585688,-1.4594594594594594,-1.4594594594594594,-6.233502538071066,4.601398601398602,-0.6220238095238095,-9.682926829268293,0.1325390915860014,0.07624918883841669,-0.45626312106368083,-0.47115384615384615,-0.07121057985757873,0.0941558441558441,0.045217391304347876,0.023219814241486114,-0.08652482269503536,-0.4907407407407407,0.034482758620689724,0.018930430667297715
2014-09-30,-0.01809829191589074,-0.036589459550184666,-0.012569409389197372,0.3233117483811285,-0.02776669592276393,0.011700755481850011,-3.01673640167364,-3.01673640167364,-3.0,-3.0,0.28322017458777893,-0.46816479400749067,-12.543307086614174,-2.7219101123595504,-0.20151216305062458,0.031956587277660375,-0.18275418275418276,-0.21212121212121215,-0.030668127053669392,0.11275964391691384,0.9504991680532446,0.02344931921331317,-0.009834368530020732,-0.24363636363636365,0.04166666666666674,-0.27200418021365536
2014-12-31,-0.01384745815932431,-0.003763066202090548,0.015132150708041525,-0.13299545613421881,-0.05908904390644232,-0.04726345505873786,-0.5726141078838174,-0.5726141078838174,-0.5588235294117647,-0.588235294117647,0.256235827664399,-1.8051643192488263,-0.2953615279672579,-2.4665579119086463,0.37011115685467266,0.10692375109553032,0.2393700787401576,0.17692307692307696,-0.06327683615819213,0.1413333333333333,0.3932608232032415,0.02291204730229124,-0.04573967590172512,0.13461538461538458,0.040000000000000036,0.14905494856049128
2015-03-31,-0.011908552505890624,-0.014199776161163968,0.0005539608198619206,-0.0394073775448498,-0.03453990405582208,0.04320397629516348,2.4805825242718447,2.4805825242718447,2.4000000000000004,2.571428571428571,-0.8068592057761733,-1.944606413994169,-0.3920619554695063,-1.7853170189099,-0.21213942307692313,0.16547901821060962,0.2541296060991105,0.20261437908496727,-0.03136308805790111,0.24532710280373826,-0.00596969233124145,0.02239884393063596,-0.02300739523418227,0.14406779661016955,0.04615384615384621,0.026235424764019966
2015-06-30,0.013051044083526753,0.019087490243383298,0.023605798268572675,0.011436365544014171,-0.006594995031168116,0.021531977276892045,0.08368200836820083,0.08368200836820083,0.07843137254901977,0.08000000000000007,1.953271028037383,-0.3580246913580247,-0.0015923566878981443,-1.1827195467422096,0.04919908466819223,0.04506340579710155,0.934143870314083,0.8858695652173914,0.001245330012453305,0.07879924953095685,-0.12257468432399143,0.021908127208480677,-0.019343986543313707,0.8592592592592594,0.014705882352941124,0.007574732855403887
2015-09-30,-0.024652479562299212,-0.03933992480155968,-0.03338742194030586,-0.22095435684647302,-0.009276100400145482,0.005650731007265319,0.22522522522522515,0.22522522522522515,0.23636363636363633,0.2407407407407407,0.370253164556962,0.1298076923076923,0.9888357256778308,-2.8527131782945734,-0.08687749909123954,-0.015601300108342375,0.2509167103195391,0.2276657060518732,-0.004975124378109319,-0.017391304347825987,-0.47542997542997534,0.022130013831258566,0.01572327044025168,0.2071713147410359,0.01449275362318847,0.23318566250503414
2015-12-31,-0.032157067379818716,-0.049648474306008605,-0.04878420999084343,-0.06631158455392805,-0.0034881586194235314,-0.026846236175526172,-0.15441176470588236,-0.15441176470588236,-0.16176470588235303,-0.14925373134328368,-0.21247113163972287,-1.302127659574468,-0.2060946271050521,-1.0836820083682008,0.0079617834394905,-0.02949592780101251,0.24288107202680065,0.24295774647887325,0.0,-0.024778761061946986,-0.2027433924389429,0.021650879566982528,0.029552490852800428,0.21452145214521456,0.028571428571428692,0.01779882429784463
2016-03-31,0.019140045828278662,0.02341366687004265,0.03385207765121123,-0.03023388476896749,-0.005987472365512114,-0.031619466593346135,0.11180124223602483,0.11180124223602483,0.12280701754385981,0.10526315789473695,0.08797653958944274,-7.633802816901408,-0.29494949494949496,-2.5,-0.011848341232227444,-0.03447493762758003,0.061320754716981174,0.06137865911237017,0.00374999999999992,-0.03448275862068961,-0.21653378094838427,0.02119205298013238,-0.02460360852925103,0.0625,0.0,0.055350553505535194
2016-06-30,0.002446766300753911,0.028467098889634057,0.017070142768466745,0.027941176470588136,-0.014641831155592588,0.005394662123793248,0.3541899441340781,0.3541899441340781,0.375,0.38095238095238093,0.3548966756513927,-1.4012738853503186,0.8180515759312321,-12.533333333333333,0.1382893685051958,0.1548038524782709,0.13650793650793647,0.1370106761565837,-0.00996264009962633,0.15037593984962405,0.0926620246384573,0.02204928664072625,-0.017096412556053764,0.1406649616368285,-0.00694444444444442,0.0005067396371742916
2016-09-30,0.01269872682894646,0.024056227809579056,0.0002542976299459987,-0.01731044349070099,0.03564375058779268,-0.014685117198531494,-0.22854785478547857,-0.22854785478547857,-0.22727272727272718,-0.2298850574712643,-0.18037135278514593,-2.9788359788359786,-0.574468085106383,-0.06069364161849711,0.1141151685393258,0.014442636289666355,-0.007262569832402255,-0.0046948356807511304,0.03647798742138364,0.02450980392156854,-0.10784313725490191,0.021573604060913798,0.02281151981750784,0.013452914798206095,-0.013986013986013957,0.0420887358184765
2016-12-31,-0.028075432368172448,-0.06254864501521262,-0.0389484923984339,0.02867957490173234,-0.008717762440973442,-0.0483424094774052,-0.12727272727272732,-0.12727272727272732,-0.11764705882352955,-0.11940298507462699,0.3503236245954693,-0.0267379679144385,1.8055555555555554,-2.0892307692307694,-0.11156634100220608,-0.04932825345899339,0.0016882386043894915,0.0015723270440251014,-0.009708737864077666,-0.08293460925039864,-0.049450549450549386,0.02111801242236022,0.0197936994703094,0.025442477876106206,-0.028368794326240954,-0.08869987849331717
2017-03-31,0.04537381455045075,0.06657106196694085,0.08676789587852496,0.01415227851684131,-0.025283986808354753,0.04296757353679359,0.05514705882352944,0.05514705882352944,0.050000000000000044,0.05084745762711873,-0.6542840023966447,1.129120879120879,-1.0165016501650166,-0.6242937853107344,-0.047179851010996754,0.02425648597342356,-0.005337078651685312,-0.016483516483516647,-0.014705882352941346,0.034782608695652195,0.01676300578034673,0.020681265206812682,-0.06752323674138871,-0.004314994606256839,-0.007299270072992692,0.05173333333333341
2017-06-30,0.051931399262702405,0.0899440945439105,0.045664768024925806,0.03502651409433444,0.06494360902255636,0.02310135720473583,0.017421602787456525,0.017421602787456525,0.015873015873015817,0.032258064516129004,0.7053726169844021,-0.3987096774193548,0.76,-6.0,0.2475800446760983,0.07990115321252045,-0.1025134142897487,-0.10614525139664799,0.06592039800995031,0.09579831932773097,0.08413871517907912,0.021454112038140627,0.012313104661389573,-0.0877573131094257,-0.022058823529411797,0.05304259634888431
2017-09-30,0.01285997257351812,0.00616803012595768,0.0013967130685785811,0.20196845085614124,0.034507104403847855,0.019475021168501305,-0.057077625570776225,-0.057077625570776225,-0.046875,-0.0625,0.07113821138211374,-0.32618025751072965,-18.25,-0.8827067669172932,0.02327663384064449,-0.0739893211289091,-0.04657016991818763,-0.050000000000000044,0.037339556592765444,-0.13036809815950912,0.010487676979548999,0.02100350058343059,0.0214306400231683,-0.040380047505938266,-0.007518796992481258,-0.16291052682269092
2017-12-31,0.06832746637783194,0.13989804478286127,0.097215119252406,0.09500841278743688,0.015355741341068097,-0.02657807308970095,-0.5605326876513317,-0.5605326876513317,-0.5573770491803278,-0.5499999999999999,0.72865275142315,-0.697452229299363,-1.0592885375494072,22.487179487179485,0.5342665500145816,-0.0037067545304777516,-0.15280528052805287,-0.17105263157894735,0.01237345331833506,-0.04056437389770717,0.024909185262065314,0.020571428571428463,-0.04961723844627164,-0.14603960396039595,-0.030303030303030276,0.04101708565840201
2018-03-31,0.0398783372761069,0.02694593829606573,0.057669491525423666,0.001946322474902784,0.0047891110737690035,0.04986727341676156,1.1460055096418733,1.1460055096418733,1.148148148148148,1.1111111111111107,-0.7579582875960483,12.368421052631579,8.133333333333333,-1.171943231441048,-0.05987454856491159,-0.05828854898718483,-0.05531749123490448,-0.06916099773242623,0.012222222222222134,-0.06985294117647067,0.08303797468354435,0.02015677491601342,-0.03371121718377079,-0.0434782608695653,-0.03125,0.02492263483642798
2018-06-30,-0.013108005633192477,-0.017253734634253948,0.007732062016746033,-0.04212248236376648,-0.056610084455221976,0.07052555535488536,0.09114249037227218,0.09114249037227218,0.0862068965517242,0.10526315789473695,0.8253968253968254,-0.6425196850393701,-2.4939172749391725,0.53015873015873,-0.09745248685806718,-0.06760316066725214,-0.008247422680412342,-0.03410475030450688,-0.04829857299670681,-0.07905138339920936,-0.04534829359513781,0.02085620197585092,-0.044149428836060656,-0.036363636363636376,0.008064516129032251,0.02598803040923059
2018-09-30,-0.0260428100987925,-0.06495400493605563,-0.05259600858710345,-0.16223716511900954,0.03306151391597245,-0.008435259384226068,0.05882352941176472,0.05882352941176472,0.06349206349206349,0.06349206349206349,0.5714285714285714,0.49559471365638763,1.1482084690553744,0.7199170124481329,-0.18570788530465954,0.04637476459510381,0.027858627858627916,0.010088272383354413,0.03114186851211076,0.10085836909871237,0.05142017629774709,0.02043010752688157,0.06072351421188649,0.004716981132075304,0.0,0.11608597403962384
2018-12-31,-0.04708235890789214,-0.0854229154169166,-0.06659393227308963,0.039240667600968226,-0.007293007293007303,-0.03896214376860907,-0.4111111111111111,-0.4111111111111111,-0.4029850746268657,-0.417910447761194,0.4956521739130435,-0.4477172312223858,0.8551933282789992,0.1507840772014475,-0.26244841815680875,-0.12598425196850394,0.06512944983818758,0.07116104868913853,-0.01230425055928408,-0.1520467836257311,-0.15463437354448073,0.02002107481559534,0.04171741778319116,0.04068857589984365,0.03200000000000003,-0.11992654675581516
2019-03-31,0.46475458308693085,0.0881542699724518,0.6897140802014026,0.06289076866495025,0.03258426966292127,0.09825617420554122,0.15471698113207544,0.15471698113207544,0.1499999999999999,0.15384615384615374,-0.8340380549682875,33.05866666666667,-6.0539436044135675,-0.949685534591195,-0.017903767251025715,0.04839124839124831,-0.05431067223699193,-0.13170163170163174,0.0305775764439411,0.05977011494252893,-0.007162534435261603,0.01962809917355357,-0.29494299912306343,-0.08120300751879705,-0.054263565891472965,0.02375474827457058
