Quarter end,Assets,Current Assets,Liabilities,Current Liabilities,Shareholders equity,Revenue,Earnings,Earnings available for common stockholders,EPS basic,EPS diluted,Cash from operating activities,Cash from investing activities,Cash from financing activities,Cash change during period,Cash at end of period,Price,ROE,ROA,Book value of equity per share,P/B ratio,P/E ratio,Cumulative dividends per share,Equity to assets ratio,Net margin,Asset turnover,Current ratio
1995-01-01,0.08994078936517624,0.09810066366096981,0.06013453105709066,0.05677346824058449,0.0954066914672278,0.0971289631740817,0.133080440656828,0.133080440656828,0.11764705882352922,0.07272727272727253,0.8109732201175701,-20.650763358778626,-3.518588770864947,-1.5859112008787783,0.774026330224904,0.17142857142857149,-0.06500000000000006,-0.06095842142353769,0.09090909090909083,0.05771812080536898,0.2738679759956357,1.2857142857142856,0.005088757396449761,-0.0016920473773266442,-0.0625,0.03910189982728851
1995-04-02,0.08994078936517624,0.09810066366096981,0.06013453105709066,0.05677346824058449,0.0954066914672278,0.0971289631740817,0.133080440656828,0.133080440656828,0.11764705882352922,0.07272727272727253,0.8109732201175701,-20.650763358778626,-3.518588770864947,-1.5859112008787783,0.774026330224904,0.17142857142857149,-0.06500000000000006,-0.06095842142353769,0.09090909090909083,0.05771812080536898,0.2738679759956357,1.2857142857142856,0.005088757396449761,-0.0016920473773266442,-0.0625,0.03910189982728851
1995-07-02,0.11237784523380778,0.1201599869860277,0.18512940987490722,0.18782978723404264,0.09946617822092674,0.0,0.0,0.0,0.0,0.07272727272727253,0.8109732201175701,-20.650763358778626,-3.518588770864947,-1.5859112008787783,-0.25563921398865197,0.15243902439024382,-0.06500000000000006,-0.06095842142353769,0.09375,0.05771812080536898,0.2738679759956357,0.0,-0.011656658424584965,-0.0016920473773266442,-0.0625,-0.056960973339538534
1995-10-01,0.11829586481405396,0.11736348109398231,0.2100537078765905,0.21670129684029527,0.10074222928078314,0.27695017245175024,0.3996789727126806,0.3996789727126806,-0.3157894736842104,0.07272727272727253,0.05640914664935437,-0.47093328153831215,-0.780388612742883,-1.9215603265799819,0.31649565903709553,0.23809523809523814,-0.06500000000000006,-0.06095842142353769,0.09523809523809512,0.1307106598984773,0.2738679759956357,0.5,-0.01572551822730517,-0.0016920473773266442,-0.0625,-0.08163984701341287
1995-12-31,0.08935049010663376,0.073893977837175,0.018033911594629082,0.014545240408680105,0.10434849180829886,0.10358025400839033,0.12460681520314543,0.12460681520314543,0.1282051282051282,0.07272727272727253,-0.18010697621486282,-0.1987224200594736,0.8244170096021948,-0.24294526840792752,0.18200176700744675,0.08226495726495742,-0.06500000000000006,-0.06095842142353769,0.09565217391304359,-0.011223344556677839,0.2738679759956357,0.3333333333333335,0.013798111837327376,-0.0016920473773266442,-0.0625,0.0584972651377027
1996-03-31,0.11529416494140832,0.06245017483207449,0.08058149610089527,0.08066575732071857,0.12202373016931078,0.09053605090765182,0.10025347434664811,0.10025347434664811,0.09090909090909083,0.07272727272727253,0.1317250569096664,1.0329881792357738,0.29661654135338344,-1.611477115117892,-0.09415376401494924,0.0029615004935834577,-0.06500000000000006,-0.06095842142353769,0.11904761904761907,-0.08513053348467647,0.2738679759956357,0.25,0.006088825214899618,-0.0016920473773266442,-0.0625,-0.01686218338077705
1996-06-30,0.06091316684789039,0.03730668746827126,0.13678596884227678,0.16012514602607664,0.04674738305431125,-0.14011078216025208,-0.16965893443491153,-0.16965893443491153,-0.14583333333333337,0.07272727272727253,0.0769740231069247,-0.032069773731181805,3.1835314583937375,0.9099801531046214,-0.1985235611351781,-0.08956692913385833,-0.06500000000000006,-0.06095842142353769,0.049645390070921946,-0.18610421836228297,0.2738679759956357,0.19999999999999996,-0.013409279696214527,-0.0016920473773266442,-0.0625,-0.10585913726647356
1996-09-29,0.03185718438208984,0.032589285714285765,-0.024497564798745985,-0.02532466029306235,0.04328391076240612,0.0002665511611634752,3.18908058807299e-05,3.18908058807299e-05,-0.024390243902438935,0.07272727272727253,-0.32413164787609616,-0.7833476914479964,-0.04934506895834778,-1.4937281971350107,0.12229514827275567,-0.14810810810810815,-0.06500000000000006,-0.06095842142353769,0.04054054054054057,-0.18902439024390238,0.2738679759956357,0.16666666666666674,0.01106567235987499,-0.0016920473773266442,-0.0625,0.059402264711342134
1996-12-29,0.0604869393429428,0.06762521067854088,-0.006450354080824505,-0.006673791711198196,0.07317763130694388,0.00018875675915741574,0.008705912366860025,0.008705912366860025,0.0,0.07272727272727253,-0.16435263193367933,2.167544331004836,-1.1456586717212218,-1.402736019242333,-0.04388565812105827,0.281725888324873,-0.0836741113557723,-0.08030018761726077,0.06493506493506485,0.23308270676691722,0.2738679759956357,0.1428571428571428,0.012015227218653335,-0.004519774011299438,-0.06666666666666676,0.07480092673714545
1997-03-30,0.06363292953650479,0.0717244754548152,-0.12465777161670422,-0.12900487758224943,0.0966823606700975,0.054984458259325075,0.07426259049666473,0.07426259049666473,0.07499999999999996,0.07272727272727253,0.6047102472073234,0.8865440727420777,-0.2222222222222222,4.3221351250466595,-0.24428605695096461,0.14257425742574248,-0.08891177480260892,-0.07874337005303966,0.09146341463414642,0.07317073170731714,0.16959314775160594,0.25,0.0310332667215234,-0.002837684449489175,-0.08571428571428563,0.23046825468707532
1997-06-29,0.10215880305787195,0.13009444294021844,0.19542323224324964,0.22137886544875585,0.08909263696603942,0.0951458966885188,0.10070629782224838,0.10070629782224838,0.11627906976744184,0.07272727272727253,0.42322577402492967,-0.05199266239838862,0.3423423423423424,-1.4212372001683264,0.13616577491611492,0.08838821490467952,-0.027505651846269852,-0.0172719220549159,0.07821229050279332,-0.0028409090909091717,0.12156719150494322,0.09999999999999987,-0.011857256869228117,0.008252703471826939,-0.015625,-0.07474090213166884
1997-09-28,0.08470453906740838,0.09986303966128252,0.061215252478417304,0.0623131728586519,0.08831663132733847,0.05502762430939234,0.0866531201540024,0.0866531201540024,0.0625,0.07272727272727253,0.1920788233009023,0.2311953408077705,-0.289549376797699,-0.31851481851481855,0.0816737837729975,0.2523885350318471,-0.016660209221232014,-0.009013068949977332,0.08290155440414493,0.16096866096866114,0.20143650016323855,0.09090909090909083,0.00334602515287874,0.01608806096528359,-0.031746031746031744,0.035353454996738254
1997-12-28,0.01617469319764897,0.013063735291918288,0.21805528103446492,0.22173678475843905,-0.014096656548230002,0.06559079069598006,0.07231257535122904,0.07231257535122904,0.11764705882352922,0.07272727272727253,-0.017434195908814898,-0.8621109399075501,-35.27260458839406,0.6107989249938921,0.12162635821941814,-0.00190718372536558,0.02048857368006307,0.01728058208276484,-0.004784688995215225,-0.07852760736196329,-0.06222826086956523,0.16666666666666674,-0.029783808647654175,0.014722222222222303,0.0,-0.17080816928680087
1998-03-29,0.08048456532621384,0.09669370031483981,-0.05714505329324948,-0.06364943026356806,0.10598113718025992,0.07673241940446474,0.08241934743701518,0.08241934743701518,0.08771929824561409,0.07272727272727253,-0.10144119154581366,-0.6493462956754945,-1.0020278784060481,7.580312452601243,0.9304276315789475,0.036305732484076536,0.01776061776061777,0.014304872597228346,0.09134615384615374,0.04127829560585883,-0.04259634888438135,0.0714285714285714,0.023586582908616816,0.011497399397755181,0.0,0.17124430112309574
1998-06-28,0.1030419387757624,0.12399935033675669,0.24015145339094368,0.13764437169991028,0.08138811280347791,0.04785604292676737,0.049370415907067366,0.049370415907067366,0.09677419354838723,0.0,0.234627967452395,19.162205226258763,9.116504854368932,-0.799133816510518,0.09681349578256793,0.07006760909649667,0.006069802731411222,0.0,0.08370044052863435,-0.019181585677749413,-0.010593220338983134,0.13333333333333353,-0.019569245020843007,0.009742895805141982,0.0,-0.011994050444634308
1998-09-27,-0.05933209531127148,-0.08923345691612339,0.027952873806689205,0.031115373985986627,-0.07514092230190517,-0.12104294339108101,-0.10344827586206895,-0.10344827586206895,-0.1470588235294119,-0.05084745762711851,-0.15745345835031932,-1.2163934944443566,-100.41074856046065,-3.4546334594737305,-0.216665501464271,-0.11659965537047667,-0.00037707390648566985,-0.011018069634200045,-0.07723577235772361,-0.18513689700130376,-0.19241358213520954,0.11764705882352944,-0.01688909885437584,0.0077727150897883845,-0.016393442622950838,-0.11672005124919915
1998-12-27,0.04102523191668972,0.04978638678499614,-0.06270605957253295,-0.06957604805524464,0.06190701646228858,0.03436982901268615,0.03429318192059849,0.03429318192059849,0.051724137931034475,0.05357142857142838,-0.22636001483799173,-4.326491855963772,-0.9278087772478907,-0.818836942492471,-0.050108586785136966,0.01755526657997386,-0.026027913994719043,-0.02450980392156854,0.08370044052863435,0.10240000000000005,-0.0037878787878786735,0.05263157894736836,0.020062469966362295,0.006382978723404209,-0.033333333333333326,0.12829997098926604
1999-03-28,0.09944710306712534,0.11653852280788235,-0.0812669148137759,-0.09081743315145563,0.13155700552133442,0.08392767872021323,0.08548274660160327,0.08548274660160327,-0.4590163934426229,-0.47457627118644063,0.5730278519012675,0.8233317963243527,-3.1005616474993314,-2.607559865426479,0.08480185409445862,0.4958466453674122,-0.03292021688613467,-0.028780264961169477,0.11382113821138229,0.3817126269956459,0.471102661596958,0.09999999999999987,0.02920739606642342,0.005813953488372103,-0.0344827586206895,0.22806453686443406
1999-06-27,0.0891161621678418,0.10372243779068202,0.15619146636301373,0.16742304932484697,0.07943956384067796,0.08018110121220978,0.08732038211447368,0.08732038211447368,0.06060606060606055,0.06451612903225823,0.2590948247299716,-0.42722784200385355,-0.8174815380697733,5.193401452665271,0.4841547093185514,0.24903887227680466,-0.02362835402482988,-0.017873941674506066,0.07299270072992692,0.12079831932773111,0.2339105712070304,0.09090909090909083,-0.008811076782240579,0.0076195480819758465,-0.0357142857142857,-0.054566867312222045
1999-09-26,0.08119960187751807,0.08984523462289751,0.12731230373965174,0.14239872280981847,0.0740741557619482,0.049863368534912134,0.07896048284390633,0.07896048284390633,0.08571428571428585,0.09090909090909083,-0.11403610336298087,1.5321573492000082,-1.0460411580048832,-1.7234888389751337,-0.23601348722604076,0.1398768809849522,-0.012715340442986056,-0.005747126436781658,0.0748299319727892,0.06279287722586702,0.14914118139924581,0.08333333333333348,-0.0065804664049872175,0.009647979139504548,0.0,-0.04600692041522492
2000-01-02,0.08819681197395934,0.09294102381106861,-0.02536734215840819,-0.02799865841217486,0.10661482354583951,0.10006710454074064,0.1110902030552372,0.1110902030552372,0.10526315789473673,0.11111111111111116,0.11621579879055721,-0.6666306865830268,-97.48484848484848,-2.8280949502719928,0.5647417290489043,0.031803180318031865,-0.004985459077690102,0.002408477842003931,0.10759493670886067,-0.04056437389770717,-0.03189938024061245,0.0769230769230771,0.01685066821615333,0.011880165289256173,-0.01851851851851849,0.1244232945477759
2000-04-02,0.08806377891707351,0.07907619987533754,-0.0335169403450426,-0.03367911032514537,0.10543021312800205,0.14036871356920155,0.1680651568105187,0.1680651568105187,-0.4285714285714286,-0.42500000000000004,0.02413972943918763,2.305678704856787,-0.44071922110552764,-1.4415305309668014,-0.15935582905278234,0.36754870601919154,0.020041753653444738,0.025468524747717547,0.07714285714285718,0.23529411764705865,0.26511014874788175,0.0714285714285714,0.016000000000000014,0.018121490556406217,0.018867924528301883,0.1166937627416067
2000-07-02,0.12462655607851802,0.12613238321592957,0.24374294316898748,0.25483179836633885,0.10975075455165029,0.14017020126975543,0.16824179155627617,0.16824179155627617,0.20833333333333326,0.17391304347826098,0.7457935377932052,-0.24945186591623159,-0.0023866348448687846,-3.568943803396984,0.48697913306061347,0.20476291728683815,0.03274662300450282,0.03561387066541699,0.10875331564986723,0.1183035714285714,0.08810834945676449,0.10000000000000009,-0.013273340832395952,0.02231135622963154,0.0,-0.10256973170337169
2000-10-01,0.10020261986019618,0.08351404431559972,0.0923002934199364,0.10126454703367971,0.10130865521552379,0.1001056786893948,0.15284719793300305,0.15284719793300305,0.10344827586206917,0.14814814814814814,-0.15061732804705263,0.6425437936053806,-0.4510273008725021,-1.2257761053621825,-0.07394068256275632,0.08930462407342055,0.041617122473246004,0.04615384615384599,0.1004784688995215,-0.017298735861610126,-0.04062371768567907,0.09090909090909083,0.0010259917920656392,0.02869053457577242,0.0185185185185186,-0.016119687391365822
2000-12-31,0.08068748051453101,0.07272343018566207,0.3257049569605224,0.35442888058656963,0.046674545907796405,0.11333198357894547,0.12311847951613841,0.12311847951613841,0.125,0.09677419354838723,0.15932044210511553,-0.8607338866411607,-15.089207895411432,-6.1446009389671365,0.41076775296956636,-0.0810110174983798,0.05669710806697115,0.048010380622837356,0.04782608695652191,-0.16519972918077186,-0.19931565440547483,0.08333333333333348,-0.03143149982917659,0.025506555423122856,0.0181818181818183,-0.20799036863525133
2001-04-01,0.0620192066246672,0.06800998458706542,-0.18616826754435067,-0.19829011590009382,0.10565693334873028,0.09120139291932672,0.09537461440596728,0.09537461440596728,0.11111111111111116,0.11764705882352944,-0.3730843404085531,1.8339842892877516,-0.9688875950656818,-0.5732341668187626,0.12425974578100774,-0.07722143864598019,0.03745048613611823,0.03755674783326457,0.09958506224066377,-0.11922141119221419,-0.18963675213675213,0.07692307692307687,0.04103468547912992,0.01906090190609011,0.01785714285714257,0.3321712406853592
2001-07-01,0.0598139797838837,0.06243524447076165,0.07807821577429408,0.002563123738888562,0.057450249088357275,-0.2907868562979352,-0.3252587448191372,-0.3252587448191372,-0.32499999999999996,-0.3157894736842105,0.42497589199614283,1.4724674037597945,2.2093567251461987,-1.4646904736448199,-0.05136030204643549,-0.12170424149789849,-0.07948628948281855,-0.07716785998408915,0.05283018867924527,-0.2016574585635359,-0.2230279059547352,0.09523809523809534,-0.002258866049243302,0.0025091240875911858,-0.07017543859649111,0.05971944881987423
2001-09-30,-0.05002344980898077,-0.05634176154383952,-0.14402191249463037,-0.16744797847931003,-0.037620997588606264,-0.39951903126296795,-0.4676774703184503,-0.4676774703184503,-0.4814814814814815,-0.46153846153846145,-0.7657372944440685,-0.34654624938152534,21.167456268221574,10.007937877480586,-0.5959807664758678,-0.1366108331520557,-0.1670437405731523,-0.16293103448275859,-0.028673835125448077,-0.17993079584775085,-0.1298076923076923,0.08695652173913038,0.013131084446456942,-0.020705346985210427,-0.15094339622641506,0.13345895461248558
2001-12-30,0.031715821066260697,0.039629610094584544,0.043755434647586355,0.05230396407740456,0.030302906611278102,0.009674948378072257,0.01805094130675533,0.01805094130675533,0.0714285714285714,0.0,1.2518415807262326,-0.6823021996453731,-0.9758579589823682,-1.2187769434559734,0.3227243646566409,-0.061224489795918324,-0.21412403802625624,-0.20494335736354274,0.027675276752767486,-0.03375527426160341,0.08124796880078011,0.08000000000000007,-0.0014525139664803843,-0.031133828996282586,-0.1777777777777778,-0.012050183282564908
2002-03-31,0.004803874258578533,0.012318345550800691,-0.06038722085489456,-0.06312652397724194,0.012554297534927317,0.0733016674088367,0.119982595453062,0.119982595453062,0.06666666666666665,0.1428571428571428,-0.23726139162561577,-1.399704347301415,12.701395982294859,-0.2245867965988344,0.18918887419070995,0.1132581857219539,-0.2569124423963134,-0.2538860103626943,0.012567324955116588,0.08442503639010179,0.3552750225428314,0.07407407407407396,0.007720711648204093,-0.04580335731414875,-0.21621621621621623,0.08053052948431194
2002-06-30,0.0010017906378385621,0.006751767924731755,0.04865333171206232,0.018152352033931063,-0.004255290606779982,0.08145672467442666,0.06903651903651897,0.06903651903651897,0.0625,0.0,0.43148830247069303,-1.459053513472715,0.7740612807832807,-0.7646696442322501,0.03743886781727479,-0.10270009643201539,-0.13100775193798453,-0.12760416666666663,0.005319148936170359,-0.11409395973154368,0.17919716123308937,0.0862068965517242,-0.005218743060181996,-0.030409650665996435,-0.10344827586206884,-0.011191395103643753
2002-09-29,-0.04136020675577201,-0.041741024009872785,-0.012585817884906203,-0.015414474813162382,-0.04470337151562709,0.008908970779428316,-0.022386161282116457,-0.022386161282116457,0.0,0.0625,-0.3374259798853275,-10.262578099309438,0.9197646729233786,-4.183769633507854,-0.11489518483179506,-0.28533046749059643,0.04549509366636917,0.04477611940298498,-0.03880070546737213,-0.2893939393939393,-0.16625916870415658,0.07936507936507953,-0.0034602076124566894,0.0010368066355626038,0.03846153846153855,-0.026744663784164513
2002-12-29,0.03768352699178634,0.04890635287863865,-0.06260581091528272,-0.10996922928986974,0.0497274383790971,0.02136454218335193,0.04388312702130026,0.04388312702130026,0.0588235294117645,0.0588235294117645,0.11886227013991091,-1.9725037720777492,-1.0137466071272219,-1.4190922545633942,0.05440223714124093,0.02593984962406015,0.04692832764505117,0.049523809523809526,0.047706422018348515,0.06823027718550101,-0.02278366794495823,0.07352941176470584,0.01153673835125435,0.0046607975142414215,0.03703703703703698,0.17850681461826068
2003-03-30,0.027133152647871084,0.002977367972158973,0.21662081960966484,-0.08424379110564917,0.006812416174254654,0.06001585714778179,0.07939390702063642,0.07939390702063642,0.05555555555555558,0.05555555555555558,0.11503106377583361,0.2443689993794036,-27.625265392781316,-5.706886403766922,-0.242853383001984,0.11066324661047999,0.04074979625101882,0.0362976406533575,0.007005253940455258,0.05988023952095811,0.04432132963988922,0.06849315068493156,-0.019709888162994127,0.0,0.03571428571428559,0.09524784225428995
2003-06-29,0.012396557944531983,0.019750195653085223,0.03806005689058223,0.1947455352534324,0.009070873461454187,0.07815934959349602,0.08877965095179974,0.08877965095179974,0.1578947368421053,0.05263157894736836,0.3416436876368081,-0.3303752163581424,0.2371316933136638,-0.7224375807594514,-0.0890276347981871,0.10953480699439133,0.04385277995301484,0.03940455341506133,0.00521739130434784,0.10169491525423724,0.06189213085764811,0.07692307692307687,-0.0032757257426860864,0.005154639175257714,0.034482758620689724,-0.1464725120697712
2003-09-28,0.03816996527262906,0.05043524774774766,-0.013221740028931617,-0.007628264076183888,0.04502104490037895,0.05013060500582145,0.05252711956851108,0.05252711956851108,0.0,0.09999999999999987,-0.1894586290920648,0.4944689053909006,-1.0228016178674444,-1.7281874155278572,0.071164401655464,0.10496580434136171,0.037509377344336015,0.036225779275484316,0.05017301038062283,0.09914529914529924,0.045378850957535466,0.0714285714285714,0.006572982774252001,0.012820512820512775,0.03333333333333344,0.05850743545296977
2003-12-28,0.0033286659579749855,0.008274133469984735,0.062156807720177065,0.0985615045431083,-0.004076685125635415,0.06861331479747479,0.07001482633041123,0.07001482633041123,0.09090909090909083,0.045454545454545414,0.4773942253649992,-1.721828095684803,-62.48409893992933,6.762115900185606,0.515687725211339,0.0799246501614641,0.057122198120028944,0.051219512195122,-0.0032948929159802853,0.02799377916018675,0.011549183592194368,0.06666666666666665,-0.007430758838099405,0.0073417721518986845,0.032258064516129004,-0.08218198115890818
2004-03-28,-0.019215887249369623,-0.017951535585422507,0.004980460663036146,0.005723473032874571,-0.022464314018636133,0.12424403696356867,0.15085760408959437,0.15085760408959437,0.12500000000000022,0.17391304347826098,-0.08838283302810734,-0.4373553181984323,0.5840919540229885,-1.0938799367668743,-0.03194109857130589,0.007226513830052239,0.0848153214774281,0.08275328692962125,-0.013223140495867813,0.010590015128592922,-0.052755905511810974,0.08333333333333348,-0.003289473684210509,0.01005277707966834,0.09375,-0.02354255878596656
2004-06-27,-0.0064839948832357,-0.008199791905987408,0.08728134539775723,0.1405106612928646,-0.019425672931219218,0.13827086112665143,0.15508071397678513,0.15508071397678513,0.18518518518518512,0.11111111111111094,0.6037208489824439,-2.4602641836292767,-0.01731293899111863,0.5058723645111081,-0.04968625107384306,-0.0702622464126671,0.1122320302648172,0.10714285714285698,-0.01340033500837523,-0.058383233532934065,-0.15108063175394837,0.0769230769230771,-0.01297371116421997,0.011445633242100017,0.08571428571428585,-0.1303892057202759
2004-09-26,0.03038890110326986,0.032499952240467866,0.06223069094688527,0.08537415973229878,0.025515780636858887,0.06291955471539601,0.04715835492227982,0.04715835492227982,0.0625,0.10000000000000009,-0.21236437134264052,-1.4317243765601444,-0.4892416746658791,-8.371922570945312,0.38543396448890155,-0.013304949441192093,0.10941043083900226,0.10193548387096785,0.02716468590831922,0.0015898251192367763,-0.1101591187270502,0.0714285714285714,-0.004727314654675463,0.005412054120541354,0.10526315789473673,-0.048715481680545736
2005-01-02,0.02068292900621338,0.01745788570540463,-0.09090106067092019,-0.11798355705918728,0.038371308980376995,-0.011488847084117126,-0.0063589624647261145,-0.0063589624647261145,-0.02941176470588236,0.0,-0.22814929776575799,-9.40920540416762,-0.2705863644249118,-2.234971702442258,-0.34357468598622665,0.02157497303128375,0.07307102708226876,0.07201405152224827,0.0380165289256198,-0.006349206349206327,-0.07785419532324622,0.06666666666666665,0.01726135310472654,0.005872277954489968,0.0714285714285714,0.15356088260596623
2005-04-03,0.028277885516647006,0.032053420288861156,-0.016148079495937773,-0.007872513739521358,0.03444357309865076,0.1623734112689459,0.1829932502091074,0.1829932502091074,0.18181818181818188,0.18181818181818188,-0.06692149192223851,-0.8321283664188656,0.39286492914478255,-0.987634952418306,-0.006471897486872491,0.009239704329461196,0.07095238095238088,0.07263790278536297,0.03821656050955413,-0.027156549520766737,-0.07279236276849654,0.078125,0.006035759025167842,0.0058379956215031115,0.04444444444444429,0.040241063420238365
2005-07-03,0.012626864375925084,0.010549479095871117,0.0605283649554631,0.07950571349882307,0.006303958813935084,-0.12012010979108045,-0.12813956738714005,-0.12813956738714005,-0.10256410256410264,-0.15384615384615385,0.7961019010433334,-4.104059369804128,0.5031233547248743,-117.25292153589315,0.7572780164210755,-0.023803295840962524,-0.008892841262783446,-0.006109979633401097,0.0030674846625766694,-0.06075533661740562,-0.11068211068211065,0.07246376811594213,-0.006225945211682071,-0.00024183796856103168,0.0,-0.0638829684169736
2005-10-02,0.020596316912442125,0.023616692796176286,0.05458452722063045,0.07844458671698629,0.015868191570247436,0.0007896454804523501,-0.06474487727139855,-0.06474487727139855,-0.08571428571428563,-0.06060606060606066,-0.14527538710999444,-0.7344107233842415,-0.22001230652719272,-0.4123758715023228,0.2532296143647059,0.025455519828510242,-0.032301480484522194,-0.029713114754098324,0.022935779816513735,0.022727272727272707,0.0032561505065122898,0.06756756756756754,-0.004670235789953292,-0.012578616352201255,-0.02127659574468077,-0.050835178937346015
2006-01-01,0.016521508818757136,0.011251682106764305,-0.030872164108137534,-0.035806905171066994,0.023365746521868402,0.03567396968122716,0.04116715903247603,0.04116715903247603,0.0625,0.06451612903225823,-0.2632171447631755,-7.380835259973437,-0.14751074107337914,-2.147741296936668,-0.23191447335934023,-0.05069244839299725,-0.018544274455261966,-0.01795142555438234,0.020926756352765308,-0.07179487179487176,-0.03678326721961778,0.06329113924050622,0.006752117189288143,-0.012983831455169126,0.0,0.048803890354798485
2006-04-02,0.039992461650544486,0.04692867668928313,-0.013972314701244049,-0.012573317346641133,0.047372613372876016,0.051828049452000036,0.07060543848775946,0.07060543848775946,0.0588235294117645,0.06060606060606055,0.05874974062965688,-0.9835255481205094,-0.6035307517084283,-1.8758650058554243,0.26445723102639107,0.015139003578310106,-0.04818138875767586,-0.047311827956989294,0.05417276720351394,-0.0055248618784529135,0.015350056158742076,0.08928571428571441,0.007047857224053544,-0.014892032762472085,-0.021739130434782594,0.060266139931385965
2006-07-02,-0.030742736636249823,-0.04514596312123509,0.017891478268286853,0.11031097483790209,-0.037004327879174514,0.05034996127477687,0.04635701686943161,0.04635701686943161,0.05555555555555558,0.08571428571428585,0.31677876263863536,-101.31539541413196,6.702133007756392,0.7953081317612738,0.3754830181004678,-0.05856832971800441,0.011414392059553302,0.011851015801354281,-0.029166666666666674,-0.1074074074074074,-0.030235988200589925,0.08196721311475397,-0.006434134778191658,-0.011841773746535611,0.022222222222222143,-0.14001784541167017
2006-10-01,0.003400400268518622,-0.0024711911015937726,0.013701260837229334,0.022011941256449896,0.00199857638258627,-0.002778820878708177,-0.028449170124481338,-0.028449170124481338,-0.02631578947368418,-0.02631578947368418,-0.03639684741061466,-1.6294839859311296,-0.3983001459282294,-1.823073798239675,-0.2246848778324031,-0.07459677419354827,0.022080471050049066,0.02398215281650873,0.008583690987124415,-0.045643153526971125,-0.10836501901140694,0.07575757575757569,-0.0013633265167006803,-0.0020397756246811616,0.021739130434782483,-0.023954758457135572
2006-12-31,-0.009861923072915002,-0.011258670957522754,-0.10047154701175598,-0.11485752296117568,0.0026129793465559104,-0.08305604622821072,-0.06563809625497152,-0.06563809625497152,-0.05405405405405406,-0.08108108108108103,-0.30667321936321834,-0.07478602393567746,-0.07593485099722608,0.19568471966306933,-0.3465072039514461,-0.009025832555244362,0.0009601536245797959,0.0032679738562091387,0.0014184397163119478,-0.017391304347826098,-0.05031982942430702,0.07042253521126751,0.0126279863481229,0.0015329586101175963,0.0,0.11704787047636844
2007-04-01,0.01011844069503387,0.010086519335668065,-0.14827763141771844,-0.17915038811794304,0.029683844681758886,-0.048018696752708534,-0.06153582447720263,-0.06153582447720263,-0.05714285714285705,-0.05882352941176472,-0.03410494764769023,-1.0648682851032816,-0.5191349846551174,-1.3174116141637486,0.16830393784084485,0.011620603015075393,-0.02637889688249384,-0.02008686210640609,0.2152974504249292,0.008849557522123908,0.004490345756623215,0.07894736842105265,0.019323671497584627,-0.00612244897959191,-0.02127659574468077,0.2305335369041892
2007-07-01,-0.49201613235970143,-0.5838748508581726,7.662638414954884,0.022808174777377177,-1.3252062957171704,0.051468281357846424,-0.02867579908675799,-0.02867579908675799,0.1212121212121211,0.125,0.48225106409745666,122.28287442894184,21.732366122029052,-4.549763752221596,-0.5113731098156885,0.08910276311704424,0.0,0.08698060941828256,-1.3717948717948718,-0.10307017543859642,0.11220384443451037,0.07317073170731714,0.0,-0.024383983572895285,0.13043478260869557,-0.5931537932030831
2007-09-30,0.09485444149723876,0.13772087924338994,0.022616515692679418,-0.15311699069878637,-0.10175079276517907,0.04987393516239247,-0.04438803225941246,-0.04438803225941246,0.10810810810810811,0.11111111111111116,0.09683419857694542,-1.1430211083379738,-0.9746009804906749,-0.8727797825117994,-0.13314248469589884,0.028791334093500653,0.0,0.0871559633027521,-0.10658307210031348,0.0,0.043408360128617485,0.06818181818181812,0.0,-0.04130491975795836,0.13461538461538458,0.3434223169152357
2007-12-30,0.05643359803247883,0.08283181721676924,0.0018991067803491024,-0.025687989076203954,-0.11253929290848508,0.025692036605468038,0.024924842853238482,0.024924842853238482,0.024390243902439046,0.02499999999999991,-0.35403702676734783,-0.7779582919006737,0.2565008607411434,-2.289210980994433,0.19801264945672203,-0.09947353837628159,0.0,0.11861228316924532,-0.10526315789473695,0.0,-0.11825885978428352,0.06382978723404253,0.0,-0.047475301866081177,0.1694915254237288,0.11137370753323483
2008-03-30,0.06658982252550039,0.09481677830712476,0.008655405740823019,0.06161776100798444,-0.13606514967343653,0.03167428650595738,0.05843954989067246,0.05843954989067246,0.0714285714285714,0.07317073170731714,0.442689719887396,3.6108237668727137,0.0014181328718392283,-2.6135432953614774,-0.26669333005168594,-0.10123076923076924,0.0,0.16596814752724232,-0.13725490196078416,0.0,-0.1437308868501529,0.07000000000000006,0.0,-0.0360126764621147,0.2028985507246377,0.031282352611992525
2008-06-29,0.05335791340711338,0.07241749839852862,0.01334753561745039,0.11169078446306169,-0.11004323464021726,0.030936833800547126,0.03945220388173398,0.03945220388173398,0.022222222222222143,0.045454545454545414,-0.09660946581787988,-0.7509781121751026,0.5387034058997191,-1.6931684470387376,0.2520956224774915,0.1612461485792538,0.0,-0.04421279654924504,-0.10909090909090913,0.0,0.07499999999999996,0.06542056074766345,0.0,-0.014345487148834546,-0.02409638554216853,-0.03532571831673759
2008-09-28,0.05112984558892708,0.054890248406313624,0.01239067958432094,0.17199328606172704,-0.12901515954627374,0.01065194737527686,0.0432384220884352,0.0432384220884352,0.06521739130434767,0.04347826086956519,0.1074082017187763,-0.08913121103084576,0.018547116539535446,0.5351817334575955,0.3090918838501284,-0.06397405660377364,0.0,-0.014291086874764991,-0.13265306122448983,0.0,-0.11865211200759374,0.06140350877192979,0.0,0.016676773802304368,-0.03703703703703709,-0.09992968640135003
2008-12-28,-0.10291175362925575,-0.12598066226859106,-0.11731884870293796,-0.23744665926229025,-0.18078457728292618,-0.1970510808729471,-0.11527846183869384,-0.11527846183869384,-0.12244897959183676,-0.10416666666666663,-0.28990669590056783,-2.5724926120258127,2.4296128399901984,-2.4987533334778744,-0.35387316733557217,-0.22488188976377954,0.0,-0.009919877909194907,-0.17647058823529416,0.0,-0.2595584275713516,0.05785123966942152,0.0,0.03787652848195644,-0.03846153846153855,0.14617836385225913
2009-03-29,-0.0013551714117752134,0.00478325573132965,-0.01262402607882096,0.011428388910182719,-0.06698405418412134,-0.19367485834443565,-0.42791269274400234,-0.42791269274400234,-0.41860465116279066,-0.41860465116279066,0.0008668887460308028,0.15544518380731387,-0.6466285612217558,-2.2133319831614275,0.6645222117464367,-0.0503860219422998,0.0,-0.10867052023121393,-0.07142857142857129,0.0,-0.061090909090909085,0.05729166666666652,0.0,-0.029885057471264243,-0.08000000000000007,-0.006570338058887737
2009-06-28,-0.04692212074442481,-0.05600524840667176,-0.051817414875201195,-0.20835096539484244,-0.07709296851200531,0.035260509722146116,0.032442853208482614,0.032442853208482614,-0.040000000000000036,0.0,-0.3518952849009781,-0.11285745108127399,0.4294993302499557,-0.917411832033765,0.03297142666749164,-0.03936670945656828,0.0,-0.10722006052745359,-0.07692307692307698,0.0,0.07358636715724232,0.05418719211822687,0.0,-0.04117298578199058,-0.0724637681159419,0.1924449079283186
2009-09-27,0.0315667144321361,0.04887395099935654,-0.0343284970183001,0.18953095954236843,-0.38568352825560204,0.1351661875414627,0.079225352112676,0.079225352112676,0.12500000000000022,0.08000000000000007,0.6226049612589344,-1.273623557143659,-0.44217747210975755,3.378663201963332,0.13976260033729915,0.12694877505567925,0.0,-0.12058111380145264,-0.3916666666666666,0.0,0.2943722943722946,0.051401869158878455,0.0,-0.07908557306147668,-0.046875,-0.11824678089364005
2009-12-27,0.03165980406464253,0.04670162548895518,-0.0018568501637855617,2.503598328604868,-0.30195142204691716,0.08566709721134091,0.24468172755285322,0.24468172755285322,0.2222222222222221,0.2222222222222221,-0.25515690502410715,2.209900177765623,-0.3410351494405882,-1.2651742441726286,-0.03251680823451886,0.1193675889328063,0.0,-0.0770925110132159,-0.3013698630136986,0.0,0.31549609810479384,0.04888888888888876,0.0,-0.08118081180811809,0.0,-0.7012541271353439
2010-03-28,0.06805862926915673,0.08553380335043981,0.024187645537942615,0.06319585892154311,-0.5563437568335885,0.2143826746345041,0.3319741580173692,0.3319741580173692,0.33333333333333326,0.33333333333333326,0.8027880278802788,0.6559810854562496,0.2941416959261218,-2.683824443615566,0.05659281422112272,0.00741525423728806,0.0,0.16229116945107402,-0.5490196078431373,0.0,0.0991525423728814,0.04872881355932224,0.0,0.0573201898503104,0.09836065573770503,0.02101170714660139
2010-06-27,-0.015516258620401513,-0.026058293172938285,-0.0693527191556006,0.04883432843345559,-1.7843891090475346,0.17615410312086444,0.23748658211744123,0.23748658211744123,0.25,0.2272727272727273,0.09461685308853829,-2.100778185092289,2.7426829948153792,2.1754411873292474,0.17008174839528722,0.016123378899403962,0.0,0.1996919917864477,-1.7826086956521738,0.0,-0.13377023901310725,0.04646464646464632,-0.9724457180645872,0.06629834254143652,0.13432835820895517,-0.07140717922389084
2010-09-26,0.09468743045593242,0.09823372756962145,0.027152688091619748,0.06404868585947021,2.7273846927233882,0.06124834432564552,0.1023565129391355,0.1023565129391355,0.09090909090909083,0.09259259259259256,0.13061134546370323,-0.17960972189763968,-0.7691914302028251,3.727310777816533,0.6871565028696587,0.045187995860641594,0.0,0.16003423192126665,2.666666666666667,40.156479217603916,-0.14641744548286606,0.044401544401544424,2.408,0.07221502590673579,0.07894736842105265,0.03215997051234809
2011-01-02,-0.16949772560081633,-0.22941336609775453,-0.26719395873939533,-0.6785997202409091,0.8800018881411251,-0.012792337464487158,0.047307832422586626,0.047307832422586626,0.03333333333333344,0.05084745762711873,-0.09364889322010306,-1.4335341622868862,8.210601041173687,-2.455223366683391,-0.5926932076802256,0.0699669966996701,0.0,0.16783474732571002,0.8636363636363635,-0.7081922414305234,-0.11053180396246098,0.042513863216266046,1.262910798122066,0.05436424041075205,0.10975609756097571,1.3975537898401926
2011-04-03,0.046262375655690136,0.053988100467494915,-0.041620945131588094,-0.21863360273078658,0.41425717288454167,-0.07932047515646956,-0.015207697070465986,-0.015207697070465986,-0.016129032258064502,-0.016129032258064502,-0.1891827129849224,2.361751757671332,-0.8953718668547566,-0.9487702978596828,-0.07454699274007914,0.0459592843923502,0.0,0.09854706253948198,0.4065040650406504,-0.43872149837133545,-0.09261430246189906,0.042553191489361764,0.3516597510373445,0.05070180464050411,0.0439560439560438,0.3489108173524482
2011-07-03,0.07803633623908701,0.10513840721524703,0.006033222947698702,0.17442308680680485,0.2823490622265621,0.015190038279462748,0.11779707114448601,0.11779707114448601,0.13114754098360648,0.11475409836065587,0.4900315988087931,-0.5168433911556316,0.4470512076431983,-6.434877276326207,0.43778965942429515,-0.01946328516661744,0.0,0.054916618746406076,0.2832369942196533,-0.30286543344214734,-0.08979328165374678,0.04081632653061229,0.18956254796623173,0.06706652126499457,-0.010526315789473717,-0.058992408557626
2011-10-02,0.017272920107456846,0.017751085220935714,-0.008362985371661136,-0.07548986357121756,0.07434173702708202,-0.0798673572123818,-0.3149236564032559,-0.3149236564032559,-0.3188405797101449,-0.30882352941176483,-0.23787728532560326,2.476688444345557,0.3125337446972618,-2.30032414320574,-0.3959330629927954,-0.1037593984962406,0.0,-0.03733987462523847,0.072072072072072,-0.3017689906347554,-0.15400993612491132,0.03921568627450989,0.05612903225806454,-0.01073071027082273,-0.031914893617021156,0.10084193851208645
2012-01-01,0.04008398514832101,0.04094801929655412,0.0044411911745996235,-0.03441889637054307,0.11332126900086337,-0.10786554316197872,-0.18926024667669117,-0.18926024667669117,-0.1914893617021276,-0.1914893617021276,-0.051081008941678885,-0.42560098671196855,-0.5142269495210672,-1.020007655752551,0.013113931486898212,0.016107382550335503,3.7733990147783247,-0.13958097395243485,0.10924369747899165,-0.05216095380029806,0.06711409395973167,0.037735849056603765,0.07025045815516173,-0.041064049586776785,-0.098901098901099,0.07805359022531344
2012-04-01,0.04258239688872867,0.06369740796393697,-0.0016680061261316048,-0.06232650485020441,0.12461409992476291,0.061236762442539616,0.1207714627069465,0.1207714627069465,0.10526315789473673,0.10526315789473673,-0.18582328328821063,-0.1322698268003646,-0.1273347527339591,-3.7811479234717686,-0.035999685908780665,0.061756935270805835,-0.19865841073271417,-0.12504113195129973,0.11742424242424243,-0.04245283018867929,0.1808176100628931,0.037878787878787845,0.07876712328767121,-0.0579046593051441,-0.07317073170731703,0.13441026338231854
2012-07-01,0.028745460153555946,0.07188197557059506,-0.004171621714591067,0.11477734645597248,0.08291526739556199,0.0565186629401615,0.049005573660646284,0.049005573660646284,0.04761904761904767,0.023809523809523725,0.3592503022974607,-0.5197908277013226,0.730377886828024,-10.030369127516778,0.33723064969892924,-0.04416796267496104,-0.20038634900193175,-0.14892816848439272,0.0847457627118644,-0.14449917898193754,0.04926764314247678,0.03649635036496357,0.052645502645502606,-0.10148656375071463,-0.052631578947368474,-0.0384816525756122
2012-09-30,0.057875777659167627,0.07876392477796745,0.035840152167671446,0.17468534010235603,0.09122236282565832,0.015566147795073482,0.01796256508526417,0.01796256508526417,0.022727272727272707,0.04651162790697683,0.10015631552861337,2.3551774428779777,-0.14742121032477207,-1.3364485981308412,-0.08484757611822813,0.030263586072242,-0.09953293606055724,-0.048166151126822765,0.08437500000000009,-0.050863723608445266,0.18147208121827418,0.035211267605633756,0.03141492837396331,-0.012090359529112416,-0.04166666666666674,-0.08165254045234116
2012-12-30,-0.017897048309672203,-0.015336376881024516,-0.020665981813866696,-0.1868758702259219,-0.013919476815803078,-0.08911585329466387,-0.15542583331748783,-0.15542583331748783,-0.1777777777777778,-0.1777777777777778,-0.4232164310137695,-0.47779500405703024,1.171878523641284,3.848078197481776,-0.44948543341354774,0.03379658875552738,-0.060096583795385516,-0.024141132776230312,-0.01729106628242072,-0.04651162790697683,0.04618689581095592,0.06938775510204098,0.004142300194931892,-0.006119162640901843,-0.014492753623188248,0.21095427288206703
2013-03-31,0.07829690186017335,0.10052680422944249,-0.006531658422124664,-0.1626251281201475,0.19931937509700237,0.030335985534638565,0.24916135713803267,0.24916135713803267,0.2702702702702702,0.2432432432432432,0.27191524303538883,0.007741291047571375,-1.2794583369386519,-1.9872990921413844,0.8061122943425005,0.11335166513901629,-0.05328258801141761,-0.004757373929590858,0.19354838709677424,0.13361611876988344,0.12012320328542092,0.0,0.11210871147779655,0.029812054439403823,-0.02941176470588236,0.314255728885402
2013-06-30,0.011867498725726788,0.019356459104479695,-0.006079614551191104,6.519129848427101,0.03307735444291193,0.040449288171372944,-0.08134777593540476,-0.08134777593540476,-0.08510638297872342,-0.0652173913043479,0.29054607293569323,0.9756879912994396,-3.723256029971824,-1.779299443893209,-0.3478204897139473,0.0016465422612514935,-0.07276381909547736,-0.03393881453154879,0.03439803439803435,-0.16089803554724036,-0.021539871677360156,0.03307888040712448,0.020946977962033708,-0.0012586532410321372,-0.030303030303030276,-0.8644338488971586
2013-09-29,0.0436354243662016,0.05602851902847994,0.018868127330524898,0.018187312356221064,0.07179593200177603,0.040004277878783245,0.05814147398985692,0.05814147398985692,0.04651162790697683,0.04651162790697683,-0.24519887750122016,-1.555103405986956,-0.3738132866417291,-3.195810200607003,1.1710698776154755,0.06465753424657539,-0.05961413396921733,-0.021276595744680882,0.0665083135391924,0.02898550724637672,0.06463700234192027,0.032019704433497775,0.02714255182731362,0.002520478890989164,-0.03125,0.03717259521903249
2013-12-29,0.03725964118045422,0.047708006602621644,-0.0035674787999627755,-0.014048316097643121,0.08138786873874593,-0.016929283076299262,-0.028896428968739563,-0.028896428968739563,-0.022222222222222254,-0.022222222222222254,0.3662660534887292,-0.9314997991564571,-0.3400998638220608,-0.06849564443485534,0.5024512121498659,0.08183221821924858,-0.048409405255878335,-0.0030333670374116384,0.07349665924276172,0.014084507042253502,0.08139023317201932,0.031026252983293423,0.0424469413233457,0.015713387806411072,-0.016129032258064502,0.06263784737538591
2014-03-30,0.0373810586670118,0.04481561404631362,-0.0006193534726143257,-0.001573023234135773,0.07522727312667721,0.04008129230861179,0.12272913862397505,0.12272913862397505,0.11363636363636354,0.09090909090909083,-0.36791012990700644,61.156679494227596,0.45261941448382137,1.846370433637094,0.951886000053253,0.09467174119885824,-0.04748062015503873,-0.016734279918864114,0.07261410788381739,0.02029914529914545,0.0516680227827504,0.03125,0.0365269461077844,-0.009591584158415767,0.0,0.04649232046492324
2014-06-29,-0.29741483757700804,-0.34190293220994483,-0.7137828871283562,-0.7907938193658315,0.08801221897062206,0.05006235524674851,0.1031231134201196,0.1031231134201196,0.08163265306122458,0.10416666666666674,0.8418639039410019,-0.7624185925840755,16.548130469371518,-2.65048341241869,-0.8048994939041556,0.028465884398087615,-0.013987792472024418,0.11964930376482719,0.079303675048356,-0.041884816753926746,0.017021276595744483,0.030303030303030276,0.5486231465434239,0.034989065916900985,0.08196721311475419,2.1456267354224514
2014-09-28,0.022158424429413737,0.016840170790488607,-0.046957363922654816,-0.07422541431327434,0.038989190825383435,0.015412064756942456,-0.002127413573823511,-0.002127413573823511,0.0,0.0,-0.30705012575900004,-1.6619470124713036,-0.8982120729332626,-0.9826406756994112,-0.07161699179395253,-0.057046270864145265,-0.02140830539076599,0.11239060340856755,0.03942652329749108,-0.12568306010928965,-0.10650437428680104,0.02941176470588225,0.016413827406117854,0.024147298520978078,0.07575757575757569,0.0983748679875791
2014-12-28,0.021441702619510172,0.02424091749267676,-0.06126187355373236,-0.14741800068290922,0.03991533155302118,-0.04981674122783375,-0.045242122988745526,-0.045242122988745526,-0.037735849056603765,-0.05660377358490576,0.08491963395318813,0.3466246742777872,-0.08917285259809116,-0.13313215585337712,-0.06687161088897409,-0.0537754873403542,-0.01871375856615709,0.11511387163561082,0.036206896551724155,-0.08999999999999997,-0.09195402298850575,0.028571428571428692,0.018106190359677088,0.026230474506336643,0.08450704225352124,0.20132889411899768
2015-03-29,0.0394192119628729,0.04973074590490345,-0.016548528560002218,-0.025572766358442744,0.05070448775523251,0.05515422250584989,0.09372825682432318,0.09372825682432318,0.07843137254901977,0.10000000000000009,0.03557790439114061,-0.9713780574387816,-0.052438555844034895,-8.144261288010648,0.5119855600965595,0.09779777409424595,-0.017459038409884498,0.11956925362049753,0.04991680532445919,0.05906593406593408,0.06563525550867344,0.030864197530864113,0.010814708002883755,0.018093049971280806,0.10389610389610393,0.07727777711411865
2015-06-28,0.04864122055829445,0.062153405655963834,0.07325349861177322,0.10559208935738118,0.04399608317950543,0.020058007478072515,-0.018285781916900334,-0.018285781916900334,-0.018181818181818188,-0.018181818181818188,0.05315198308325875,41.115272373540854,0.046407902982048777,-1.1488721373498811,-0.0504107887240558,0.004961173425366727,-0.0363586659376709,-0.02686567164179099,0.042789223454833714,-0.04280155642023342,-0.0285965684117907,0.029940119760479167,-0.004398478364241454,-0.0036671368124117087,-0.02352941176470591,-0.03928809048569515
2015-09-27,0.006839415969287943,0.010079810594969985,0.017919203532885675,0.013000360817415402,0.004689697305388707,-0.09899257674256823,-0.15573220811513389,-0.15573220811513389,-0.14814814814814814,-0.14814814814814814,0.0890961484832522,-0.6539514257007242,0.4558851157766193,-3.0975163650365807,0.1113507325773333,-0.12212921227731277,-0.06524822695035448,-0.06032719836400813,0.0075987841945288626,-0.15718157181571812,-0.12635869565217384,0.029069767441860295,-0.002149253731343337,-0.014156285390713452,-0.04819277108433728,-0.0028740607361751325
2016-01-03,0.026216087276254463,0.03220913510494605,-0.03053863777844812,-0.09702853812278733,0.03737273130401486,0.015240540833009186,0.08465197640275957,0.08465197640275957,0.06521739130434767,0.06521739130434767,-0.10664496819200875,2.8476505139500734,-0.34617587044011966,-2.8063242920739824,-0.18098294921551672,0.03129584352078241,-0.03672230652503794,-0.03300689154878489,0.03619909502262453,0.022508038585209,0.06687402799377917,0.02824858757062154,0.01088907502692349,-0.0002871912693853673,-0.025316455696202556,0.14312172986988925
2016-04-03,0.029888590719865826,0.03486204550791516,0.06433184055395014,0.04298427535755489,0.02356110241247733,0.040322301859832654,0.056446038903334106,0.056446038903334106,0.08163265306122458,0.061224489795918435,0.12994267515923563,-1.040272007355301,0.36533978067524386,-2.8131002591595102,0.4006512829150526,-0.018255097202465653,-0.03969754253308133,-0.04013503375843952,0.024745269286754024,-0.05188679245283023,-0.013605442176870652,0.029304029304029422,-0.006155303030302983,-0.006032749209997301,-0.038961038961038974,-0.007787184057031826
2016-07-03,0.02249561070986794,0.02622630982416374,-0.09563156765363523,0.03127059349374539,0.0450608706706912,0.03500449982692966,0.03102218206741858,0.03102218206741858,0.018867924528301883,0.05769230769230771,-0.014019086701878791,-18.925479216024122,-0.3000433667016009,-0.8008408071748879,0.05696877380045695,0.10311518956773735,-0.0275590551181103,-0.021883548261039443,0.04261363636363624,0.07628524046434504,0.11970443349753701,0.028469750889679846,0.022034302048594467,0.003468208092485714,-0.027027027027027084,-0.004898808977067404
2016-10-02,0.036788145841351705,0.04573923053689177,0.089368857588908,0.1352477690230376,0.028096124603862682,0.00034513572663108505,-0.13033427762039662,-0.13033427762039662,-0.12962962962962976,-0.14545454545454561,-0.040802908858067366,0.54634257701735,0.10520948963523247,-4.2751899802983395,-0.17652702876950266,0.19614711033274967,-0.026653171390013553,-0.0219736316420297,0.02452316076294281,0.14637904468412954,0.19005719313682357,0.02768166089965396,-0.008390630462649984,-0.015841013824884786,0.0,-0.0788385998379536
2017-01-01,0.03109302925196067,0.03654352339794764,-0.009867579980744612,-0.02295086781592315,0.03826769973034416,0.005140480616215859,0.07699657754382305,0.07699657754382305,0.06382978723404253,0.06382978723404253,0.06963409764151218,-1.0841032175852183,-0.09590656934306574,-3.424882376952328,0.519819467151772,0.11017569546120054,-0.02772963604852674,-0.02450980392156854,0.037234042553191626,0.08467741935483875,0.10462107208872462,0.026936026936026813,0.007051357386296919,-0.014632718759145513,-0.01388888888888895,0.06089115525073474
