Quarter end,Assets,Current Assets,Liabilities,Current Liabilities,Shareholders equity,Revenue,Earnings,Earnings available for common stockholders,EPS basic,EPS diluted,Cash from operating activities,Cash from investing activities,Cash from financing activities,Cash change during period,Cash at end of period,Price,ROE,ROA,Book value of equity per share,P/B ratio,P/E ratio,Equity to assets ratio,Net margin,Asset turnover,Current ratio
1995-03-31,0.08926166571992056,0.10027771852558232,0.06561188318526323,0.05560247196666768,0.10712685145763778,0.0,0.0,0.0,0.0,0.0,0.34330598895501585,-0.2585721238220243,-6.255545696539485,-0.3515792542005871,-0.5237394224897496,0.2793914246196403,-0.21714488133191634,-0.2836932241250931,0.09545454545454546,0.0714285714285714,0.4790076335877862,0.016324381253291165,-0.15288888888888896,-0.04729729729729737,0.04232883371349505
1995-06-30,0.08926166571992056,0.10027771852558232,0.06561188318526323,0.05560247196666768,0.10712685145763778,0.0,0.0,0.0,0.0,0.0,0.34330598895501585,-0.2585721238220243,-6.255545696539485,-0.3515792542005871,-0.5237394224897496,0.2793914246196403,-0.21714488133191634,-0.2836932241250931,0.09545454545454546,0.0714285714285714,0.4790076335877862,0.016324381253291165,-0.15288888888888896,-0.04729729729729737,0.04232883371349505
1995-09-30,0.05308731134155331,0.04317919613481758,0.017937484994102082,0.04814910965472308,0.07864403863766323,0.1907098145196684,0.2288549187270601,0.2288549187270601,0.202247191011236,0.20481927710843384,0.34330598895501585,-0.2585721238220243,-6.255545696539485,-0.3515792542005871,-0.713062392673154,0.17243243243243245,-0.21714488133191634,-0.2836932241250931,0.07676348547717837,0.0714285714285714,0.4790076335877862,0.024352331606217525,-0.15288888888888896,-0.04729729729729737,-0.004735426008968591
1995-12-31,0.0828611927571572,0.101457408294783,0.08787797991399526,0.12274370055854633,0.07941887711183604,0.10261225154899956,0.09886106278924744,0.09886106278924744,0.10280373831775691,0.1200000000000001,-0.7686197812724516,-1.0073596690138042,-0.8456863076143846,-1.168673538194779,0.4191669326524099,-0.12494236975564776,-0.21714488133191634,-0.2836932241250931,0.07899807321772623,-0.18666666666666665,0.4790076335877862,-0.003203506997133676,-0.15288888888888896,-0.04729729729729737,-0.01895973759146463
1996-03-31,0.18068178460724238,0.20768821046223884,0.3087824037706206,0.41246094418282175,0.09209551354064582,0.2045778426784426,0.15442516204187706,0.15442516204187706,0.1610169491525426,0.1428571428571428,3.5238916681041914,-105.89189189189189,-18.48687089715536,-0.3531315438796878,0.19105988192296874,-0.25763962065331936,-0.21714488133191634,-0.2836932241250931,0.08571428571428585,-0.3114754098360656,0.4790076335877862,-0.07510148849797027,-0.15288888888888896,-0.04729729729729737,-0.1449829150898334
1996-06-30,0.05467789492008568,0.06403859244943444,-0.13670652069528477,-0.022566959803399733,0.21328717244672601,0.08020798340806512,-0.003958705270511564,-0.003958705270511564,-0.051094890510948954,-0.0078125,-2.161677788369876,-2.0556557588250453,0.9515109804166928,11.270747498528547,1.9683708634282207,-0.17175301632363382,-0.21714488133191634,-0.2836932241250931,0.10361842105263164,-0.23809523809523814,0.4790076335877862,0.15051207022677415,-0.15288888888888896,-0.04729729729729737,0.08860813888530794
1996-09-30,-0.026595761142603647,-0.0824450179894316,-0.10522027148415225,-0.17060651615995925,0.01976759059735711,-0.2530956508100478,-0.7243869492934331,-0.7243869492934331,-0.7307692307692308,-0.7244094488188977,-1.7621204661086494,-2.7284598486697584,-0.7548010644096054,-1.9581014965464312,-0.6353313506894194,-0.30162810625535563,-0.21714488133191634,-0.2836932241250931,0.013412816691505292,-0.36979166666666663,0.4790076335877862,0.047528214910189215,-0.15288888888888896,-0.04729729729729737,0.1063040303161884
1996-12-31,-0.02431580018313151,-0.02752532975681754,-0.09616651747973548,-0.09977745973829899,0.01286022127878561,-0.14320782041998548,-0.7650329877474081,-0.7650329877474081,-0.7714285714285714,-0.7714285714285714,1.9201481609096391,-0.3099625785497423,-4.246731171548117,-0.8524118250769731,-0.2571303968600087,0.27361963190184047,-0.3090497737556561,-0.2836932241250931,0.008823529411764675,0.2644628099173554,0.4790076335877862,0.03808801213960544,-0.22665267576075543,-0.07092198581560272,0.08024691358024683
1997-03-31,0.0019779718456724993,0.0064240353848505904,0.15179348218553446,0.21266689669329453,-0.0671935754806402,-0.09173195405795997,-18.96189330124348,-18.96189330124348,-19.25,-19.25,-0.8327286135693215,-0.557924895119206,-1.1035399299263018,0.30427408412483037,-0.451450041094282,0.13005780346820806,-0.9273084479371316,-0.9241164241164241,-0.06851311953352779,0.11764705882352944,0.5238709677419355,-0.06899576085367642,-0.9158751696065129,-0.10687022900763365,-0.17007431874483891
1997-06-30,0.04660142813625723,0.06938768489358993,0.1190255116511667,0.18532258122607148,0.0053121957529667085,0.2187607589165248,-0.9562741463632506,-0.9562741463632506,-0.952054794520548,-0.952054794520548,-2.95688210916145,-6.51448939912971,6.565149747180086,-16.13407022106632,12.45515839041096,-0.1184995737425405,-5.990990990990991,-5.917808219178083,-0.1580594679186228,-0.05263157894736836,9.944115156646909,-0.03940964044590989,0.0,-0.0940170940170939,-0.09778715275013927
1997-09-30,0.3533008993742808,0.4295049313841923,0.7662187976905754,-0.0640219260663738,0.09126756366431499,0.10472671191565053,5.216547497446374,5.216547497446374,3.571428571428571,3.571428571428571,-1.8581985310683549,-4.496146872166818,12.94133676092545,-2.0849709144963526,-0.883857625770531,0.6711798839458416,0.6606498194945849,0.5264623955431755,0.05762081784386619,0.9814814814814814,0.0,-0.19369074861065705,0.0,-0.08490566037735858,0.5272398429573426
1997-12-31,-0.023494825658244678,-0.023101555137768237,-0.0590634441087613,-0.10209845602462053,0.013037144147093338,0.006562033504727172,-1.2895990798554058,-1.2895990798554058,-1.28125,-1.28125,-1.5862123280478841,-1.051599735878504,-1.014268381281831,-1.051128534093609,0.4421312149020682,-0.2777777777777778,-0.02717391304347827,-0.09489051094890522,0.007029876977152849,-0.31775700934579443,0.0,0.03750253395499703,0.0,-0.020618556701030966,0.08798128303630759
1998-03-31,-0.03261051882437227,-0.07654142526405505,0.04402151228126505,0.12388913394025725,-0.10571624606016428,-0.17784277578092011,-20.87631205673759,-20.87631205673759,-21.444444444444446,-21.444444444444446,1.8685176892073443,8.77924616100512,0.31067459291806676,25.805762081784387,8.218159369360812,-0.28365384615384626,0.45810055865921795,0.3608870967741937,-0.11169284467713791,-0.28767123287671226,0.0,-0.07561547479484176,0.0,-0.042105263157894646,-0.1783258555234024
1998-06-30,-0.06762704174228673,-0.0675574403509045,-0.034810501275523986,-0.05579182376179015,-0.10417540789047797,-0.03812315491028739,-0.05960264900662249,-0.05960264900662249,-0.07065217391304357,-0.07065217391304357,-3.353982577200487,-2.207693332571994,-0.567343719187537,-2.0436212136971417,-0.9304075913371386,-0.05033557046979853,0.8429118773946358,0.7244444444444444,-0.10216110019646363,0.07051282051282048,0.0,-0.039103783555273774,0.0,-0.06593406593406603,-0.012471728594507292
1998-09-30,-0.07015638197662089,-0.07989508287360558,-0.0840057799876689,-0.17103393763053265,-0.05353773449642407,-0.3829707801369179,-0.5936741136474016,-0.5936741136474016,-0.5906432748538012,-0.5906432748538012,-1.655224098367179,-1.6697806181147659,0.4849589790337283,-1.644116783956325,8.611444222370272,-0.40047114252061256,0.17422037422037429,0.1563573883161511,-0.06783369803063466,-0.33532934131736514,0.0,0.01781786185657719,0.0,-0.10588235294117643,0.10996597304017808
1998-12-31,-0.08445681368325242,-0.07282025063725439,-0.014432458944541704,-0.05811129058111286,-0.1657779285939356,-0.0017025827194889764,2.0915135215897207,2.0915135215897207,2.0857142857142863,2.0857142857142863,-0.6249038422608203,-1.380268599295265,-0.04511970534069987,-1.737896709417873,-0.6611239901109819,0.009823182711198308,0.7255665722379605,0.6448736998514117,-0.15962441314553988,0.09009009009009006,0.0,-0.08882645342554574,0.0,-0.10526315789473684,-0.015622697126013274
1999-03-31,-0.04411197285605506,-0.04793619309324726,-0.04577556754009482,-0.07399746912772176,-0.041829495653858295,0.07809295605905775,-0.8221008626730784,-0.8221008626730784,-0.8240740740740741,-0.8240740740740741,-1.6740245021317934,-1.3607660535556827,1.1430408228865319,-1.338404725014853,0.6602045454545455,0.8579766536964983,-0.14570080032833987,-0.16937669376693765,-0.05307262569832405,1.2066115702479339,0.0,0.0023719165085389626,0.0,-0.044117647058823595,0.02814792633627783
1999-06-30,0.04591804589882442,0.014063514327711246,0.055071321966943865,0.14977004127947535,0.03341133185422529,0.37895486873757966,-1.7707823960880196,-1.7707823960880196,-1.7894736842105263,-1.7894736842105263,0.4591240291456482,-3.517473521718623,-1.8209089545522725,-2.2077524183276536,-0.48028035975851824,0.2753926701570679,-0.36656257506605816,-0.3806416530723219,0.029498525073746285,0.34456928838951306,0.0,-0.012068149550402252,0.0,0.0,-0.11804281345565748
1999-09-26,0.052075091045902244,0.07437573592106861,0.04114847632319307,0.09408799360642628,0.06731775545535457,0.14522605204150807,1.174817164507886,1.174817164507886,1.1,0.9333333333333333,-0.7965757559128573,-1.2106114801567025,0.5711675497898776,-1.5439516588758408,0.5026735150796786,0.47947454844006576,-0.43648084945013266,-0.4503950834064969,0.05730659025787954,0.43732590529247917,0.0,0.014610778443113759,0.0,0.1692307692307693,-0.017997490258239268
1999-12-26,0.04994681966042225,0.05493661063409516,0.0042729430779331334,0.028911564625850428,0.11209981534344737,0.19470821501601931,0.48723766307430516,0.48723766307430516,0.46031746031746046,0.4310344827586208,8.524143512274076,-5.682410028305702,-1.1813001511803698,-2.318277090756655,-0.4409893249662571,0.567702552719201,-1.9044414535666216,-1.9201277955271565,0.09214092140921415,0.4844961240310077,0.0,0.059254013220019,9.467741935483872,0.17105263157894735,0.025288361300736417
2000-03-26,0.09559266639800956,0.10695171201551412,0.01875750199494397,0.036298103178359575,0.19001227812845056,0.13072205668352854,0.8256238422142312,0.8256238422142312,-0.40217391304347827,-0.42168674698795183,-1.017107573783493,-0.5568586134236071,-15.268762026940346,-0.8173543206932189,-0.1440845379574175,0.5670796460176992,1.1793154761904763,1.2690972222222223,0.15136476426798984,0.4347258485639687,-0.22738878143133467,0.08602629819478502,1.0169491525423728,0.12359550561797761,0.0681557282954508
2000-06-25,0.050186949317837515,0.10176494257275359,0.002823775664517081,0.010947161326587906,0.10001367607777012,0.1466742658932616,0.13931209430724456,0.13931209430724456,0.1090909090909089,0.10416666666666674,-135.83609271523179,-0.19901001675955876,-1.939536974601034,-10.305767138193689,1.566529894490035,-0.07386491981025534,0.309662000682827,0.3794950267788828,0.09913793103448265,-0.19563239308462244,-0.6089525335469658,0.04740406320541757,0.2711993888464477,0.08000000000000007,0.08984554917554588
2000-09-24,0.07927383263832932,0.09158699153558825,0.043230124726581165,0.0944654498950499,0.11384209598630202,0.1545230562028348,-0.13440557425573996,-0.13440557425573996,-0.13114754098360648,-0.09433962264150952,-0.838963175795975,-0.24918495450343048,-1.3099043062200957,-0.8971702525724976,0.06276407445472199,-0.2521951219512195,0.06673618352450483,0.1247920133111482,0.11372549019607847,-0.3201357466063348,-0.4693982074263764,0.03213166144200641,0.04086538461538458,0.08333333333333326,-0.0026202349759107957
2000-12-24,0.09507859949982134,0.10119241960540903,0.15159069960582494,0.33248025808172366,-0.030424069107977014,0.14417844602711316,0.11165246864077227,0.11165246864077227,0.13207547169811318,0.12500000000000022,6.30331681280976,-1.589241736876215,-6.652462559827081,14.269274505344553,0.9017635286690933,-0.39660795825179385,0.06085043988269789,0.0641025641025641,-0.014084507042253502,-0.4575707154742097,-0.4946911196911197,-0.11465451784358405,0.004041570438799047,0.05982905982905984,-0.1735875706214689
2001-03-25,0.015758601470848177,0.013421922255808294,-0.1281816282014333,-0.22286667460979392,0.17054219509813784,-0.147283606968596,-0.39541024663799207,-0.39541024663799207,-0.4,-0.38888888888888895,-0.3305283818631699,-3.4827320721513417,-1.2859796236103902,-0.2676983571396655,0.3472371320413583,0.19405405405405407,-0.1531905090992859,-0.1311399443929564,0.1607142857142858,0.20858895705521485,0.03915950334288443,0.15244425385934823,-0.13053479010925817,0.0,0.3040505896427961
2001-06-24,0.2524883819745791,0.2671939789626989,0.8164274064801571,0.5321902098588267,-0.11314767323158126,-0.592216357274183,-3.9688189472736277,-3.9688189472736277,-3.9444444444444446,-4.212121212121212,0.376473707192315,16.659726221592166,31.61862464183381,-0.37149656266525644,0.16199058492959661,0.20280669986419197,-0.8052230685527748,-0.8202666666666667,-0.13076923076923075,0.038071065989847774,0.29871323529411753,-0.291906976744186,-0.7731481481481481,-0.20967741935483875,-0.172948885976409
2001-09-23,-0.07113568671448223,-0.05570637178851279,-0.10983075758020078,0.3624710817236494,-0.008158647225540605,0.9755542756747009,-0.9323571119823462,-0.9323571119823462,-0.9339622641509434,-0.9339622641509434,-1.032413754036141,-0.6891978335963154,-1.002966177379164,-5.0988964758422055,-0.5714182595789028,-0.14301844185171253,-1.4399441340782122,-1.4124629080118694,-0.0035398230088495852,-0.014669926650366705,4.556970983722575,0.06778770362585385,0.0,-0.11224489795918369,-0.306921906693712
2001-12-30,-0.06099417643252569,-0.05163896051730987,-0.07915013022448225,-0.12986537995461256,-0.03447402276661182,-0.23678367395017375,4.790919282511211,4.790919282511211,4.857142857142856,4.857142857142856,-9.729115693813352,-0.871593917479176,1.323790720631787,-1.0464156008210959,0.06188486194591514,-0.09574000878348699,5.473015873015873,5.323741007194245,-0.03730017761989346,-0.09181141439205953,0.0,0.028297244094488194,0.0,-0.1839080459770115,0.08990305469178717
2002-03-31,-0.005604016712208115,-0.00527799419222319,-0.024807023746390877,-0.0340939783116585,0.02114766425829262,-0.3668129010352159,-1.0303746007162908,-1.0303746007162908,-1.024390243902439,-1.024390243902439,-2.8546087931448705,-5.009051480294173,-6.256584536958369,3.9680217724102738,0.28952794464600795,0.22049538610976205,0.33840117704757233,0.2650739476678041,0.009225092250922495,0.2677595628415299,0.0,0.02680067001675046,0.0,-0.23943661971830976,0.029831333389275905
2002-06-30,0.005458196534497972,-0.034906240743694306,0.03283880017263696,0.044301330840010866,-0.03096909406715187,0.09841869534749104,-20.78648820905035,-20.78648820905035,-25.0,-25.0,-1.993177451043893,-1.1897460018814676,-0.41029578147729107,0.4498579107748142,0.3255256178652419,-0.0728213290887385,-0.5218028581898131,-0.5107913669064748,-0.014625228519195677,-0.0818965517241379,0.0,-0.03612211605686311,0.0,0.05555555555555536,-0.07586066408637193
2002-09-29,-0.22518533766344362,-0.27084808886370615,-0.32476142222129367,-0.5409057743028128,-0.0839856248963049,0.09577489792295402,-0.5582541472056692,-0.5582541472056692,-0.5416666666666666,-0.5416666666666666,-0.9663702962979066,-28.784828953891918,-47.79471015485816,-1.0708685590138383,-0.01740406307450515,-0.4158798283261803,0.08812260536398453,0.1341911764705883,-0.0853432282003711,-0.4061032863849765,0.0,0.18205996131528046,0.0,-0.08771929824561397,0.5882378874046643
2002-12-29,-0.024122278158932864,-0.026839756756483313,-0.05399296369526674,-0.1301867465707235,0.0071010299808687005,-0.06556804374240588,-1.1078459967916,-1.1078459967916,-1.0909090909090908,-1.0909090909090908,6.7744020685197155,-1.0712828473882683,-1.0044251027203692,2.3498833722092636,-0.059334238328513256,-0.12049963262307117,-0.55,-0.5299837925445705,0.0020283975659229903,-0.039525691699604626,0.0,0.03211290652485177,0.0,-0.03846153846153855,0.11883084439016289
2003-03-30,-0.031076433198429787,-0.09335879989685836,-0.07395050886153376,0.024776313308048525,0.01102043831252253,0.013490889586008414,-0.4611223799864773,-0.4611223799864773,0.0,0.0,0.9930157146420553,0.7213901289165172,-31.326273990734613,5.263901322988163,-0.39510719865476196,0.04761904761904745,0.04538341158059467,0.09999999999999987,0.004048582995951344,0.04526748971193406,0.0,0.043400713436385185,0.0,0.1200000000000001,-0.11529014811323102
2003-06-29,0.0020194671617079774,0.0008979429880744405,-0.030117705233600245,-0.11264604726676397,0.030922071424600794,-0.005201567419904962,3.641154328732748,3.641154328732748,2.0,2.0,0.32240300375469344,-1.614032961706253,-1.2711738646531219,-2.1265026758349084,0.735815198224177,0.23444976076555046,-0.8158682634730539,-0.8025078369905956,0.010080645161290258,0.22834645669291342,0.0,0.028869895536562273,0.0,0.10714285714285698,0.12795849691531136
2003-09-28,0.006531889591287365,0.022085850206696733,-0.03691247671575104,-0.061304624346720016,0.043290236702799634,-0.012617821867308643,0.2938632062719655,0.2938632062719655,0.3333333333333335,0.3333333333333335,-1.0375102530128084,-4.9878823761594635,0.7343473362304844,-2.137389514639751,-0.48214146991508455,0.4328165374677002,-2.357723577235772,-2.412698412698413,0.03592814371257491,0.4198717948717947,0.0,0.036551596824810906,-0.5772594752186588,-0.016129032258064502,0.08885463540760252
2003-12-28,0.03465876020436087,0.05652248972033025,0.0051595802003709945,0.026576001571091856,0.05769932204441042,0.042288475982104945,0.33535311324697026,0.33535311324697026,0.25,0.25,-30.73507148864592,-0.7537537240307622,0.44155723632314037,-1.5273849509809998,0.49101084698822994,0.2619477006311992,0.40718562874251507,0.449438202247191,0.03660886319845846,0.21670428893905203,2.9607743250127356,0.022261798753339113,0.44137931034482736,0.016393442622950838,0.029157248213347975
2004-03-28,0.09839699207631347,0.1362256531486843,0.1718524286746117,0.4350982577130751,0.043873978019032256,0.2068843077051612,1.997340009388202,1.997340009388202,1.8000000000000003,1.6,0.14775845000707122,-6.13211945817758,-0.6366240705571828,3.227115696458368,1.3920486645873802,0.03644158628081473,1.0765957446808514,1.1007751937984493,0.0371747211895912,0.0,-0.282475884244373,-0.04965156794425085,1.0526315789473686,0.016129032258064502,-0.2082575320583927
2004-06-27,-0.12553348887497862,-0.16292855662074102,-0.38017344742405057,0.25506466845958764,0.0866479153542754,0.4259284898411271,1.7487471288369179,1.7487471288369179,1.7857142857142856,1.6153846153846154,1.0307055373469036,-0.6339656333704047,-25.41801753919745,-1.8099050414748592,-0.4713228656751186,-0.1658048948638401,1.30327868852459,1.439114391143912,0.07526881720430101,-0.19480519480519476,-0.5662110687878109,0.24252978918423462,1.0675990675990676,0.19047619047619047,-0.33303443831086954
2004-09-26,0.09358465442932151,0.09729715257232363,0.025802776051377707,0.030217256230649525,0.12580095659387602,0.2730116636122,0.7044915012819295,0.7044915012819295,0.6923076923076923,0.8823529411764706,-0.5099509732537255,-1.4802721670660732,-1.039683662549201,-1.2013097558966472,0.1794703891605418,0.15743801652892575,0.8727758007117437,0.9818456883509832,0.1183333333333334,0.07603686635944706,-0.4832644628099173,0.029507229271171553,0.6155580608793687,0.21333333333333337,0.06512057810268046
2004-12-26,0.06347426264438716,0.11551498367229085,-0.0814694388625784,-0.08093591005861034,0.1262459343482658,-0.09474221127925464,-0.0683676880222841,-0.0683676880222841,-0.0757575757575758,-0.07812500000000011,2.7235649546827796,1.239018087855297,1.8326172410640829,3.5503648639432583,0.6923919078083733,0.028204212781149485,0.32921615201900245,0.41908396946564896,0.09985096870342769,-0.0813704496788008,-0.5035985605757698,0.059042705646317195,0.25819958129797604,0.13186813186813184,0.21371094982644356
2005-03-27,0.06385935160735179,0.07897650892023056,0.040725349867528626,0.05263275974244497,0.07203035677363179,-0.08020800421274354,-0.2889827062453656,-0.2889827062453656,-0.3114754098360656,-0.30508474576271183,-0.32631263924450504,-1.524026503770619,-1.6089847027689923,-0.1735184796618806,0.33813037866408324,-0.12187500000000007,0.056826304503216685,0.1403980634749864,0.07994579945799463,-0.20046620046620045,-0.400724929520741,0.007713125845737467,0.0709927897947864,0.06796116504854366,0.025056873578160666
2005-06-26,-0.02306508134409424,0.0514883265195798,0.008580030105368897,0.010073211279012728,-0.03391584740721021,0.012681164606096695,0.11900556761030101,0.11900556761030101,0.1428571428571428,0.12195121951219523,0.32167148737894746,-1.4693575334143378,2.99438261791203,-0.5848362030664889,0.10490718550526745,-0.07987346777382365,-0.01623266824484282,0.0018867924528302993,-0.01882057716436636,-0.14868804664723034,-0.2103494623655915,-0.011145427689002285,0.031589849818746796,-0.027272727272727337,0.04099426143749407
2005-09-25,-0.01666258286944844,-0.017592678874968293,-0.04164757448568934,-0.03820295252589456,-0.0077186529896072775,-0.09288599558466448,-0.2560652977783122,-0.2560652977783122,-0.25,-0.23913043478260876,-0.6461040901078545,-4.797427392605776,-0.18567410512908966,-0.2887219358783961,0.06753343701399683,1.0472711645896005,-0.16363011344104506,-0.15160075329566858,-0.005115089514066473,1.0856164383561642,0.9310638297872342,0.009098316132536644,-0.07329317269076308,-0.0841121495327104,0.021410732776999453
2005-12-25,0.11061969264547544,0.12883503306796107,0.20342720067320008,0.2044212379575976,0.0785331659520847,0.11635146631267013,0.5715584651754864,0.5715584651754864,0.5833333333333333,0.5714285714285716,1.3512589434583484,-0.8049637835534725,-1.0001466299548705,2.6527880127732746,0.23107972137726351,-0.11838790931989929,-0.04767776407727087,-0.05327413984461704,0.04884318766066831,-0.11330049261083741,0.022476862053768087,-0.028932848876328854,-0.007583965330444142,-0.05102040816326525,-0.06273667889196999
2006-03-26,0.09894259580059295,0.11537544920546505,0.1553885622176312,0.15509880666953557,0.07716756247367096,0.2210163435637622,0.11004397130293908,0.11004397130293908,0.08771929824561409,0.09090909090909083,-0.015887976302679463,1.2125614418350628,-840.1111111111111,0.04286170606233819,0.1957502737534358,-0.19595238095238088,0.07552870090634456,0.0603751465416178,0.07230392156862742,-0.2333333333333334,-0.1775862068965518,-0.01981707317073167,0.03984716157205237,0.021505376344086002,-0.03439060859606147
2006-06-25,0.33040645263324375,0.10819876760654856,0.8022593208282736,0.11613631928469625,0.13516262558835557,0.2015737626965204,0.4147931941114471,0.4147931941114471,0.38709677419354827,0.3833333333333333,-0.1584256852282574,-16.829531990521325,-51.265757415254235,0.2330025873951138,0.201848662985175,-0.10601125259105715,0.1167736757624398,0.05196241017136538,0.12457142857142856,-0.16666666666666652,-0.1928721174004192,-0.1467552665064329,0.0734908136482939,-0.021052631578947323,-0.00711649973642603
2006-09-24,0.0955400493830576,0.1255478738772211,0.01959561489105366,0.031821216263470786,0.14543146899077386,0.14990791406327286,0.5024109898566504,0.5024109898566504,0.5,0.530120481927711,1.3478529469143563,-0.6761413784177419,-0.9791863690606337,-0.21204811400928292,0.13233532605413822,0.6995693938390195,0.2579949694574202,0.20861797162375195,0.14024390243902451,0.5101449275362318,0.42987012987012974,0.045567522783761305,0.1931540342298288,0.010752688172043001,0.09082160870719425
2006-12-24,0.057349761932100396,0.01877330001041333,0.0043072474678347294,0.09263081863057221,0.08836769545639589,0.04800401067527926,-0.08823112719188309,-0.08823112719188309,-0.0852713178294574,-0.09448818897637801,-0.2519953653053405,3.5920090906464566,-12.20934058979876,-4.337102702164552,-0.39000511951349104,-0.047164295458974936,0.07112253641816624,0.04956521739130437,0.0944741532976825,-0.16314779270633395,-0.3169845594913715,0.02931854199683026,0.04139344262295075,0.010638297872340496,-0.06759346576217562
2007-03-25,-0.026061067893268897,-0.006280102378752317,-0.04844995080898984,0.007061812793034639,-0.013979810515308722,0.02663403852226076,-0.015448884214049219,-0.015448884214049219,-0.008474576271186418,0.0,-0.06564509559486043,-0.9435333691239137,1.9207813470332522,-0.6660873975402195,-0.21348970064391837,0.013499693188791184,0.054400000000000004,0.04225352112676051,0.03501628664495127,-0.07339449541284415,-0.14428191489361697,0.012471131639722799,0.0397481306572216,0.0,-0.013245897360608105
2007-06-24,-0.19474724794721576,-0.27155713321758024,0.035351105302497965,0.0465521076545683,-0.3145699338879766,0.043441954880280464,0.03332503748307958,0.03332503748307958,0.11965811965811968,0.1217391304347828,0.9385142766560326,-20.48937829607071,1.8567916220489487,-1.589382771200953,0.1599815685711803,-0.15116044399596362,0.11330298431967623,0.09856915739268679,-0.25806451612903236,-0.18069306930693074,-0.2571872571872571,-0.1488746958637469,0.011355034065102299,0.08421052631578951,-0.3039510662919491
2007-09-23,0.08922371235317761,0.11461978972874842,-0.029366087205563662,-0.14632029227197463,0.18250561071817195,0.008993115889164516,-0.1271390052340643,-0.1271390052340643,-0.08396946564885499,-0.0852713178294574,-0.24207050934775276,-1.0574136147005075,-1.034705382466928,1.7690879231935321,0.38190523148543387,-0.040656205420827374,-0.0181735574738755,-0.026772793053545407,0.18239660657476153,0.2930513595166164,-0.13179916317991625,0.08576022869394317,-0.07971556886227538,0.058252427184465994,0.30567167015010455
2007-12-23,0.06947916184312031,0.061751918028965624,0.0010689078100416527,-0.008463421513561276,0.113648764742039,-0.10852866038289799,-0.22565079279618816,-0.22565079279618816,-0.23333333333333328,-0.22881355932203384,-0.9036174909079466,0.9409207076238839,-0.25628728506258047,-1.0780698993161528,-0.02157550481108672,0.020322180916976462,-0.05020823692734844,-0.05799256505576211,0.1130044843049327,-0.13785046728971972,0.03975903614457832,0.04130327464209316,-0.07198047986986589,0.01834862385321112,0.07079710408556772
2008-03-30,0.1413712480046272,0.1279632643515778,0.2467652793488404,0.2731359296778011,0.07421513648972211,0.0057183117053349886,-0.10025291372252498,-0.10025291372252498,-0.09782608695652184,-0.098901098901099,5.809001865671642,5.26647628167858,-1.0656390898605432,12.07205048793315,-0.2882553427269975,0.2183628855963078,-0.0940316686967112,-0.1195737963693766,0.07252215954875108,0.09485094850948506,0.2827346465816918,-0.058944374209860984,-0.08983347940403152,-0.03603603603603611,-0.11402167634967553
2008-06-29,0.004470229012004667,0.014293247466656167,-0.08753600795051975,-0.1204937093299423,0.0688317767961073,-0.07762988546944494,-0.3027896912793169,-0.3027896912793169,-0.3132530120481928,-0.31707317073170727,0.3730657259307464,-0.8888064161374918,-18.844249201277954,-1.8054644124773136,0.32621167984966126,0.09948165869218495,-0.25974724388276427,-0.2380098610488569,0.06536438767843711,0.024752475247524774,0.18608852755194216,0.06414777497900914,-0.1454020221473279,-0.10280373831775713,0.15323848602216517
2008-09-28,-0.04353247789707326,-0.05707597667422604,-0.10145960495145245,-0.16302402933137206,-0.0100376870083555,-0.22219690546841886,-0.8770678045941976,-0.8770678045941976,-0.8771929824561403,-0.875,-0.7848209252321062,-0.344098952070091,-0.5530638735956314,-0.9284342671935355,0.01760320639093993,-0.36155938349954664,-0.35524881946966946,-0.3429411764705883,-0.006346967559943573,-0.40096618357487923,-0.22696115765422697,0.035032349692283304,-0.2433802816901408,-0.13541666666666663,0.12659195956505842
2008-12-28,-0.05444037592612594,-0.08171759245945809,-0.11077682400164524,-0.1635870359475532,-0.022463231452158894,-0.3564166672343827,-3.724219542432097,-3.724219542432097,-3.714285714285714,-3.714285714285714,-1.9039460261522767,-0.41663548604355305,-4.951026539809714,-8.174796432725863,-0.12411460736861313,-0.3368361261005396,-0.4777464788732394,-0.4691136974037601,-0.026969481902058168,-0.3306451612903226,-0.025615763546797954,0.033846622960817196,-0.3723008190618019,-0.15662650602409645,0.09787485242030702
2009-03-29,-0.19891854030517397,-0.24511799557478953,-0.3511928724996298,-0.17117371396826253,-0.126618064690052,-0.3845925852742855,7.206147608803574,7.206147608803574,7.315789473684211,7.315789473684211,-0.3805432301418349,-1.2291065358219486,5.084788725254112,2.0076524821928468,-0.42619001306452775,-0.06423982869379019,-1.9029126213592233,-1.9477234401349073,-0.1327498176513494,-0.04216867469879504,0.7532861476238624,0.09025217519539885,0.0,-0.17142857142857149,-0.08920314012259378
2009-06-28,-0.04013362301707124,-0.045987501904711015,-0.05929946588611601,-0.07901394061589517,-0.03337351273034972,0.248560878838612,-0.553889664698854,-0.553889664698854,-0.5506329113924051,-0.5506329113924051,1.406425968863862,11.527995520716685,-1.0361881433528708,-0.9982714319084326,-0.0012838717943243205,0.17254004576659043,1.2425328554360813,1.3345195729537367,-0.03532380151387715,0.35220125786163514,0.0,0.007033680508589324,0.0,-0.1724137931034483,0.03586398252553291
2009-09-27,0.022150029382064673,0.0373189432919645,-0.014910321543279426,-0.011304044159723858,0.03487122949798671,0.4628129534725667,-1.1898180585376879,-1.1898180585376879,-1.1830985915492958,-1.1830985915492958,-1.0465244322092222,-1.517072625698324,-0.49372625762633826,26.035343035343036,-0.034754534739835474,0.18384074941451978,0.014384656366542403,0.05335365853658525,0.03051438535309492,0.22790697674418614,0.0,0.012357286769643983,0.0,-0.02083333333333337,0.04915510215712526
2009-12-27,0.09510126033466904,0.15681919684244638,0.22125594032706153,0.32154485902805185,0.05388093844762465,0.5293644913796351,3.1420491754479967,3.1420491754479967,3.230769230769231,3.153846153846154,26.111686390532544,-0.662388175807079,-0.28422010004547527,-6.306290372193171,0.19105777723631712,0.18133860863831197,-0.303046218487395,-0.2894356005788712,0.048223350253807196,0.1477272727272727,0.0,-0.037548096059440095,0.0,0.25531914893617014,-0.12464012167961325
2010-03-28,0.06385679147508139,0.11829703668550318,0.1330754693712941,0.19790990537751285,0.03764803279185047,0.29883861273954393,0.7291085750424009,0.7291085750424009,0.7090909090909088,0.7407407407407405,0.4904651480016369,-1.7127496159754223,-27.280495552731892,-0.547802269466545,0.07253711357940884,0.02818866871336878,-1.5757347400150716,-1.5692464358452138,0.04923325262308298,-0.01980198019801971,0.0,-0.02467604080507313,-0.15302491103202842,0.3220338983050848,-0.06646188215582238
2010-06-27,0.07014105824444505,0.09467357538783672,0.05786933878110512,0.04742753969637814,0.07521490494074601,0.0988142479885834,0.16372266232200894,0.16372266232200894,0.18085106382978733,0.17021276595744705,0.5140391338568264,-15.003771551724139,-1.0304722534479216,1.7048040252539818,0.18292949894769706,0.07871878393051035,1.7918848167539267,1.7584973166368516,0.0953846153846154,0.030303030303030276,1.546712802768166,0.004664310954063611,1.2759103641456582,0.21794871794871784,0.045102535978994274
2010-09-26,0.0662959437032844,0.0926587429219412,0.06452630978912954,0.09619498189407816,0.06701581044433835,0.1590489710034244,0.3837725094109159,0.3837725094109159,0.4144144144144144,0.40909090909090895,0.5459068021495106,-0.44024213509804677,-55.02578341927806,-0.0223228038579113,0.15118906053315784,-0.004026170105687066,0.42616033755274274,0.407911802853437,0.077247191011236,-0.09150326797385633,-0.6691576086956521,0.0007034327518289363,0.22953846153846147,0.14736842105263182,-0.003212059534410394
2010-12-26,0.10591615717099456,0.13562040000395958,0.10810168375849583,0.126509437505409,0.10502918434370745,0.08045922811754691,0.1452169065268114,0.1452169065268114,0.14649681528662417,0.1483870967741936,-0.27434074699699695,-0.13758420015579897,-0.62163452007724,0.22135637588772816,0.1604043413695464,0.13289540171803949,0.20348454963839568,0.1976047904191618,0.09973924380704058,0.05035971223021596,-0.25667351129363447,-0.000843525938422629,0.12562562562562563,0.06422018348623837,0.00807197779408475
2011-03-27,0.07339313797785851,0.08855577143197935,-0.027225324655425598,-0.03258580227317864,0.11434161606577953,-0.07077754578426443,-0.17856627722486662,-0.17856627722486662,-0.18333333333333335,-0.1853932584269663,0.3018056610788704,0.2554926808533249,-1.285719830011837,1.1199853144008176,0.2930485831070144,0.17506690454950924,-0.0002731494127287126,0.011538461538461497,0.10610551274451674,0.06849315068493156,-0.0966850828729281,0.03827212607288599,0.031124944419742118,-0.025862068965517238,0.12523737181921746
2011-06-26,0.28867728867284215,0.3809962516446994,0.9235114298488258,0.025314995257652573,0.06314212218206605,-0.07053505988849162,-0.3089991220368744,-0.3089991220368744,-0.30612244897959184,-0.3034482758620689,-0.1799927978045721,6.435100935291379,46.54102146155936,1.5715984086122163,0.5828112569082751,-0.05883469349022574,-0.09754098360655739,-0.13954372623574152,0.06913183279742752,-0.14743589743589747,-0.14067278287461782,-0.17509147580973028,-0.036222509702457883,-0.10619469026548667,0.3468905577588388
2011-09-25,-0.038556768211319925,-0.04338481050979126,-0.04817300127429136,-0.13107384923847631,-0.032375715885004874,-0.09518655138573806,-0.42953116066323616,-0.42953116066323616,-0.43137254901960786,-0.4257425742574258,-0.5613503745431785,-0.7126260786411966,-1.196635971165467,-1.2781359319430239,-0.10241319132623661,-0.1814882032667876,-0.21344232515894646,-0.24215642951833838,0.002005012531328232,-0.23684210526315796,-0.16844602609727166,0.006407097092163694,-0.13467561521252802,-0.1188118811881188,0.10092720210499939
2011-12-25,0.019788236416015126,0.02495414927890982,0.002866177124584368,-0.0016633198451380116,0.030487697718966977,-0.14175469845804745,-0.5376820067373813,-0.5376820067373813,-0.5172413793103448,-0.5344827586206896,0.9449482163406213,-0.6973379285756729,-1.2201476272122287,-2.0968235894616987,0.12514578315232083,-0.011086474501108667,-0.340261739799846,-0.360932944606414,0.027513756878439155,-0.009852216748768461,0.18830242510699002,0.010610512569376285,-0.24405377456049637,-0.1573033707865169,0.0266507331322674
2012-03-25,0.05407442208646396,0.0656918107935911,0.045346353412260676,0.0977923029624077,0.05944507427487378,0.12839458818009497,0.37311815006624105,0.37311815006624105,0.357142857142857,0.40740740740740744,-0.13382756662091166,9.150191420437812,1.23074384529074,-1.5767018674303444,-0.06414440504124952,0.011210762331838708,-0.3500583430571762,-0.374087591240876,0.05647517039922101,-0.01492537313432829,0.4717887154861944,0.00500726861573253,-0.2927496580027359,-0.12,-0.02922917744438691
2012-06-24,0.9089315409026335,0.2894936752115784,0.6933857956557612,1.189698536802449,0.9668461892836802,0.12573278236496543,-0.6037847557231821,-0.6037847557231821,-0.631578947368421,-0.631578947368421,-0.3393648776955812,-3.293555770470664,-10.66034972483579,-2.598214378084233,0.10954308652191402,-0.0007390983000739038,-0.518850987432675,-0.5102040816326531,0.29723502304147464,-0.05555555555555547,0.47716150081566067,0.030376084860173513,-0.3878143133462283,-0.19696969696969702,-0.41111872406836436
2012-09-23,-0.03501788709865217,-0.05564822974925421,0.011247599279485598,-0.4013313916329345,-0.023410001323127427,0.2225274799343231,-0.8468094526537163,-0.8468094526537163,-0.8571428571428572,-0.8571428571428572,1.5772837719071497,-1.0849758454785294,-0.47187217171183504,-1.9922387286791596,-0.09796184954548703,-0.13806706114398426,-0.5111940298507462,-0.5029761904761905,0.039076376554174175,-0.33689839572192515,0.4091662065157371,0.012010606769614851,-0.45497630331753547,-0.09433962264150952,0.5774538638053068
2012-12-23,-0.046758910074717,-0.07747080166622855,-0.017003723227780432,-0.03368424256400593,-0.06286477536521928,-0.050725117103765816,1.3150289017341041,1.3150289017341041,1.0,1.0,-0.22480763213004795,0.16110624079924585,0.010653351427212687,0.4435564891770938,-0.15677104514030094,-0.00858123569794067,-0.36259541984732824,-0.35928143712574856,-0.010940170940170968,-0.048387096774193616,0.6767241379310345,-0.01695437731196059,-0.33333333333333337,-0.04166666666666663,-0.04532043927225038
2013-03-31,-0.029452284371229487,-0.045884107978144795,-0.023427814116540602,-0.029642075781179944,-0.032872786425896194,-0.01853671682429492,1.9644194756554305,1.9644194756554305,2.0,1.75,-0.4697556229492925,-0.3265666623929797,-0.3649832731779814,-0.22685141248299645,-0.14374187629023627,0.14310444316214666,-0.43113772455089816,-0.4299065420560747,-0.035257518147251976,0.1610169491525426,0.5964010282776351,-0.0034493571652555177,-0.4,-0.0434782608695653,-0.016739634303373774
2013-06-30,0.014554800510809596,0.03376368797240481,-0.011358618057203618,0.7533735407540203,-0.011740566245431738,0.16721661490683237,3.5118445988629183,3.5118445988629183,3.25,3.545454545454546,0.7079164917965586,0.2842425909081294,-1.1217638819861744,-1.8379939209726444,0.1406758256476981,0.12392730943967711,1.5578947368421052,1.5245901639344264,-0.01433178072375485,0.16788321167883202,1.1029131898697115,-0.025959723096287135,1.2898550724637685,0.11363636363636354,-0.41042430591932944
2013-09-29,0.005521139426355903,0.03437766963139355,0.0009741610387632438,-0.0011285355737908898,0.008554487630745511,0.02924821590445892,-0.002345199341944104,-0.002345199341944104,0.019607843137254832,0.0,-0.7032653667680069,-1.3119584911876132,-3.8439703153988867,-1.0438673586116458,-0.005410018125152183,0.08264091623624514,0.7736625514403292,0.7597402597402596,0.013449654671028544,0.09375,-0.4990602158022973,0.0030689710870619447,0.6772151898734176,0.04081632653061229,0.035576780690063536
2013-12-29,0.03641158271659295,0.08276328839228464,0.04948446487450098,0.08531103650321836,0.030662615367488488,0.09950357565422308,0.7424742123359764,0.7424742123359764,0.7692307692307692,0.74,1.4847953779489647,-7.010349015259518,-0.4753082392850153,2.7571951025600256,-0.020437058461282964,0.08919311346193726,0.7262180974477956,0.7121771217712176,0.03120516499282644,0.07428571428571429,-0.3654808226792663,-0.005475040257648889,0.6150943396226414,0.05882352941176472,-0.0023594180102239903
2014-03-30,0.02005995925248394,0.04667246876703324,0.0041651969234113295,0.01322301999511355,0.030261310861985136,0.09975350809677974,0.10338810137457055,0.10338810137457055,0.09782608695652173,0.10344827586206895,1.2492888864776046,-0.1583062461565492,-0.14206141986820842,-7.760590799441364,0.14104922056765457,0.005522757569986547,0.4086021505376345,0.40086206896551735,0.03130434782608682,-0.02127659574468077,-0.41590013140604465,0.009876943005181271,0.30257009345794406,0.07407407407407396,0.03300247249793964
2014-06-29,0.0370994400552096,0.07562100478284939,0.023714025124649263,0.0254721414658019,0.046271996791540815,0.017439416258212548,0.41971215844667764,0.41971215844667764,0.35643564356435653,0.32291666666666674,-0.1527135522552634,-0.22228368646279095,-0.6703669352501305,0.00394376072014313,0.1241011188569845,0.12102272727272734,0.26812977099236623,0.27384615384615385,0.046543001686340624,0.08695652173913038,-0.21559805024371947,0.008818342151675429,0.23049327354260085,0.034482758620689724,0.04891078118495917
2014-09-28,-0.012445163490550692,-0.019375532803111883,0.014567541728682132,0.011140321655928265,-0.02764797747793868,-0.07721751413560407,-0.3955268964630776,-0.3955268964630776,-0.36496350364963503,-0.3700787401574803,-0.42592042815719156,-1.1056325741816864,25.891497406137344,-1.9914139272709135,-0.10945241096265723,0.216928535225545,0.06772009029345383,0.06642512077294693,-0.008378988076055527,0.15999999999999992,-0.04349904397705551,-0.015257469802924306,0.05685131195335269,0.016666666666666607,-0.030193795885971264
2014-12-28,0.027472222602265894,0.047716296139652004,0.03829727342954281,0.06816035008205046,0.02244312797032233,0.06931206003637724,0.2541731345822613,0.2541731345822613,0.27586206896551735,0.25,0.14223475322504098,-49.135560919832294,-0.7032111876587855,0.964811099440877,-0.24148435700382942,0.05150631681243922,0.02255109231853414,0.022650056625141524,0.020149496262593436,0.06034482758620685,-0.029485257371314355,-0.005003227888960571,0.015862068965517118,0.0,-0.019130434782608785
2015-03-29,0.139057483279164,0.23320424056912037,0.3524262406918448,0.015415624912211712,0.01932231895825054,0.13073092033133138,0.16584717983497232,0.16584717983497232,0.1711711711711712,0.15999999999999992,0.1848064053981977,0.04159947212141213,-10.503630093974815,-3.094605365505453,0.6668477236248758,0.01927647214153705,0.04341833218470015,0.009966777408637828,0.02548582351067208,0.0,-0.013388259526261659,-0.10510948905109496,0.02308214528173802,-0.016393442622950838,0.21450424141287727
2015-06-28,0.013650099079497435,0.03462846770160599,0.014839745442785102,0.5166380787045042,0.0011946113981504691,0.06318446487666618,-0.36364253338827346,-0.36364253338827346,-0.3615384615384616,-0.3620689655172413,0.5288451975271806,-0.13729107329285717,-1.1014994754444232,-1.2049281665624938,-0.08198462249546967,-0.006088082901554381,-0.1380449141347424,-0.16885964912280693,0.0021745883814849876,-0.0325203252032521,-0.05323590814196244,-0.012325539242341699,-0.17252820172528194,0.016666666666666607,-0.3178279040476326
2015-09-27,0.02453728105957631,0.03909071961388322,0.009432305328562096,-0.13279059771730295,0.04997135099460248,0.08011030330032343,1.1991071904685726,1.1991071904685726,1.1927710843373496,1.243243243243243,0.5373134839385618,-0.7674971215076251,0.4076087577235401,-2.8105252168206594,0.16169143791802942,-0.05304313827707552,0.19770114942528716,0.16754617414247996,0.04866707997520159,-0.054621848739495715,0.08269018743109147,0.02495870801982014,0.12830793905372873,0.032786885245901676,0.19822919726406774
2015-12-27,0.016258389893053504,0.023667349551817374,-0.00915390854372189,-0.025838091344167147,0.03623187459116051,-0.10906519387291469,-0.2275849646146758,-0.2275849646146758,-0.22527472527472536,-0.22891566265060237,-0.34399338971084437,-1.1818537842515506,-0.30435064829690217,-0.07923850633891572,0.12815731013429255,-0.01940545004128813,0.029430582213691547,0.011299435028248705,0.03281111439550699,-0.06222222222222229,-0.20468431771894102,0.019516562220232903,0.02274342572850041,-0.015873015873015928,0.05081421817545073
2016-03-27,0.028085043712471558,0.040683655969981025,0.032997651019732066,0.053624414074800564,0.025223461810629066,-0.07820157218277501,-0.3566642748228541,-0.3566642748228541,-0.36170212765957444,-0.359375,-0.37900490587176827,8.429037860368183,-0.33330223010170756,0.18161647610356613,0.134230206929004,0.01333333333333342,-0.09944064636420125,-0.09273743016759783,0.02089295935890112,-0.018957345971563955,-0.04481434058898848,-0.0026343519494205214,-0.06115357887421824,-0.032258064516129115,-0.012297540491901682
2016-06-26,0.22418268796246554,0.32749761761216667,0.4854948094619629,0.03313827339075548,0.03551756141016904,0.17670949846087103,0.8050693268084572,0.8050693268084572,0.8,0.7804878048780488,1.3171050401561417,2.8422615320007956,-33.57325052484255,9.627757923588291,1.257739510515358,0.10235457063711917,0.12146307798481715,0.08128078817734008,0.03111858704793935,0.07729468599033829,0.18565683646112618,-0.15425250924458522,0.14951887490747584,-0.050000000000000044,0.28491412761075696
2016-09-25,0.029730119998096383,0.04168146604997047,0.012894647650628643,0.02746092448886306,0.049260355004489664,0.055720217996832355,0.01890792812206743,0.01890792812206743,0.012345679012345512,0.006849315068493178,0.11655781645211216,-0.2775802758890461,-1.0158484376334331,-0.7070570629939575,0.1631923897698937,0.09888176906646562,-0.06153846153846154,-0.09339407744874717,0.03262642740619892,0.06726457399103136,-0.05313736574335792,0.01915469498230271,-0.03283966516419834,-0.07017543859649111,0.013838922297208622
2016-12-25,-0.08826139991874249,-0.11408769369982419,-0.2113873361100923,0.06908631948812904,0.03408520419868899,0.15307344499175768,0.2613603198969052,0.2613603198969052,0.25,0.23129251700680276,-0.14607458624245595,-6.380773028411262,57.60302290904161,-5.082960532795706,-0.57282706845675,0.13857763549050994,0.08393442622950831,0.08040201005025116,0.03422854133754627,0.10084033613445387,0.18208955223880596,0.13401430030643513,0.04327563249001343,0.037735849056603765,-0.1713375466224616
2017-03-26,0.030737365375873793,0.04375347047710254,0.005230060571625783,0.03714083200339502,0.05481154826620904,0.14434263631867195,0.7269487456091059,0.7269487456091059,0.7170731707317075,0.7127071823204421,0.04600369217368061,-0.7695116013727193,-0.8069582445187473,-0.888201621268585,-0.14991852904998482,0.17814822253464557,0.37205081669691475,0.3767441860465117,0.06466395112016299,0.14122137404580148,0.06565656565656575,0.023419203747072626,0.264837268666241,0.09090909090909083,0.006376394836370425
2017-06-25,0.020848431342464835,0.03003059504179162,0.03666440309546726,0.0701466479053694,0.010553560538930196,0.08863158920981706,-0.08402280790585914,-0.08402280790585914,-0.07670454545454541,-0.08709677419354844,0.7253198576727988,-1.1264890315676832,0.6170709276584017,-1.6632142571725406,0.11696303151881304,0.2442891237640641,0.14550264550264536,0.1908783783783783,0.0035868005738881603,0.16722408026755842,-0.11753554502369667,-0.010033444816053616,0.06912209889001009,0.1166666666666667,-0.03748796471720972
2017-09-24,0.022755617220988844,0.009437464465400947,-0.028235289077711334,-0.054738205120817285,0.0665537603423918,0.056818031589312534,0.1220803002902604,0.1220803002902604,0.1200000000000001,0.13427561837455837,0.1769353547099024,-6.14180569185476,-0.02038684053063211,-0.8838064941115985,0.012167228733637403,0.087203726537882,0.14472671285604322,0.19858156028368823,0.06981177031212771,0.08309455587392534,-0.07465091299677773,0.042852062588904616,0.07833883907503547,0.10447761194029836,0.06789286866731215
2017-12-24,0.0414270903888867,0.047388928980862,0.33028230709362605,0.40272951136238544,-0.15513951109435087,0.04143228389033715,-1.0168531717144356,-1.0168531717144356,-1.0164835164835164,-1.0186915887850467,-0.9665573816331239,-0.029872552987748935,-0.25109870575865534,-23.85982439159292,-0.2747971918941583,0.2198979270367336,-0.1613987895090786,-0.19289940828402374,-0.1603563474387527,0.14021164021164023,0.02611723737666849,-0.18874680306905378,-0.2297592997811817,0.05405405405405417,-0.25330875687435794
2018-03-25,0.05817987781384604,0.07859149718987624,0.02120306505330105,0.009388513163730794,0.10742469922910636,0.12062081164283378,-79.23204419889503,-79.23204419889503,-81.0,-73.16666666666667,35.593471293199556,-8.075210387601633,-0.5291625212740707,-5.466764153040502,1.6925668687287736,0.01162130055265731,0.11868484362469944,0.08211143695014678,0.09999999999999987,0.2064965197215778,0.22002262443438925,0.04644808743169393,0.040909090909091006,0.03846153846153855,0.06855246651288893
2018-06-24,-0.08665576804301733,-0.12237779039818253,-0.1298089482202962,-0.20213452469595428,-0.04427481477071693,0.08084498714608523,0.31117873651771966,0.31117873651771966,0.32291666666666674,0.18937644341801385,-0.3160963804493425,-0.3953201167477841,10.588253906962276,-1.0632191106979365,-0.0397399869546573,-0.004441948330440093,0.2774193548387096,0.25406504065040636,-0.005063901615625754,-0.09615384615384615,-0.12331942512749194,0.04639485840530222,0.1730349344978166,0.061728395061728225,0.09994319257716344
2018-09-23,-0.12195229640214122,-0.1785851250356424,-0.05483491215684211,-0.10327339422050164,-0.18133697619339473,-0.2544002932889049,-0.4776848756201366,-0.4776848756201366,-0.4598425196850393,-0.37281553398058254,0.0026838985575436958,-1.5330545160471902,-0.07894226546197214,9.413247437586351,-0.37414712858775556,-0.11349299964100723,0.052749719416385954,0.0037817396002162162,-0.16868637905962192,-0.10851063829787233,-0.2760444209413009,-0.06756238003838777,-0.010702652396463508,0.011627906976744207,-0.08397603635862827
2018-12-23,-0.017259198817402788,-0.021292004268832154,-0.11636674713142536,-0.23296855005283257,0.08670921925857034,0.08237127959047341,0.06654979751012458,0.06654979751012458,0.06997084548104948,0.08668730650154788,-0.10810566913698172,-1.9919682418332636,-0.7409532643316503,-1.4068172105717058,0.2801251695727598,-0.16255929654055312,0.26732409381663125,0.30516684607104416,0.1052478134110788,0.007159904534606021,-0.16435354273192115,0.10580485796624117,0.2558795860771401,0.04597701149425282,0.27596316481864314
2019-03-31,0.19750311511638907,0.28363784174353857,0.5332151701837557,0.294803439298849,-0.08525865337289518,-0.03314936180789185,-0.03773369312039099,-0.03773369312039099,-0.013623978201634857,-0.011396011396011319,0.45204453791061594,-2.5116571279487685,-4.187881750275917,0.9875460764831698,0.4349275328242628,0.07281016855484945,-0.018927444794952564,-0.06474226804123706,-0.06911105249274596,-0.028436018957346043,-0.16346153846153844,-0.23622486969471335,-0.03970037453183517,-0.03296703296703296,-0.00860164373876926
