Quarter end,Assets,Current Assets,Liabilities,Current Liabilities,Shareholders equity,Revenue,Earnings,Earnings available for common stockholders,EPS basic,EPS diluted,Cash from operating activities,Cash from investing activities,Cash from financing activities,Cash change during period,Cash at end of period,Price,ROE,ROA,Book value of equity per share,P/B ratio,P/E ratio,Cumulative dividends per share,Equity to assets ratio,Net margin,Asset turnover,Current ratio
1993-12-31,0.0017324650819998677,0.12867503034369276,0.011667743917776585,-0.045838607209794824,-0.038937893234169296,-0.03108524640889243,-0.13158449961319363,-0.13158449961319363,-0.1428571428571429,-0.1428571428571429,0.9512646146504413,0.04833230059186766,-3.197840308977694,1.1553127088328945,0.1745901020541223,-0.01729106628242072,0.013613861386138737,-0.018404907975460016,-0.038817005545286554,-0.05555555555555558,0.01473684210526316,inf,-0.04080578512396693,0.01171875,0.0,0.182933359295137
1994-03-31,0.0017324650819998677,0.12867503034369276,0.011667743917776585,-0.045838607209794824,-0.038937893234169296,-0.03108524640889243,-0.13158449961319363,-0.13158449961319363,-0.1428571428571429,-0.1428571428571429,0.9512646146504413,0.04833230059186766,-3.197840308977694,1.1553127088328945,0.1745901020541223,-0.01729106628242072,0.013613861386138737,-0.018404907975460016,-0.038817005545286554,-0.05555555555555558,0.01473684210526316,inf,-0.04080578512396693,0.01171875,0.0,0.182933359295137
1994-06-30,-0.008261811437656141,0.12867503034369276,-0.008899435746608897,-0.045838607209794824,-0.005101397583512357,-0.03108524640889243,-0.13158449961319363,-0.13158449961319363,-0.1428571428571429,-0.1428571428571429,0.9512646146504413,0.04833230059186766,-3.197840308977694,1.1553127088328945,0.3203638998282168,-0.09090909090909094,0.013613861386138737,-0.018404907975460016,-0.00576923076923086,-0.05555555555555558,0.01473684210526316,inf,0.003231017770597644,0.01171875,0.0,0.182933359295137
1994-09-30,0.004352392689027873,0.12867503034369276,0.0006337833239038471,-0.045838607209794824,0.02048372510958396,0.06695019345329478,0.720440557175251,0.720440557175251,0.7380952380952381,0.7142857142857142,0.5678212222188255,-5.3603122515948884,-1.4780519294218908,-2.6047620784621275,-0.3893682929527602,-0.02903225806451626,0.013613861386138737,-0.018404907975460016,0.01934235976789167,-0.025210084033613467,0.01473684210526316,inf,0.016103059581320522,0.01171875,0.0,0.182933359295137
1994-12-31,-0.0010295236257185092,0.12867503034369276,-0.00017771717528070052,-0.045838607209794824,-0.004539214933689806,0.07969481642649723,0.08383543588777997,0.08383543588777997,0.08219178082191791,0.08333333333333348,-0.6338890513795457,-0.7970457626326368,-1.087171792948237,-0.8665719562437846,-0.08508017030528126,0.14119601328903664,0.013613861386138737,-0.018404907975460016,-0.009487666034155517,0.12068965517241392,0.01473684210526316,inf,-0.0031695721077653616,0.01171875,0.0,0.182933359295137
1995-03-31,0.03555463510628698,0.12867503034369276,0.031256009270444585,-0.045838607209794824,0.053328646031197025,-0.03856016462572709,-0.29107491856677525,-0.29107491856677525,-0.2911392405063291,-0.28205128205128205,0.1588730293992331,-1.3660233083053113,7.4638554216867465,-3.0224020442930155,0.18806709043743441,0.11062590975254727,0.013613861386138737,-0.018404907975460016,0.05363984674329503,0.12307692307692308,0.01473684210526316,0.0,0.016958134605193242,0.01171875,0.0,0.182933359295137
1995-06-30,0.027124537470326837,0.12867503034369276,0.021505423229396747,-0.045838607209794824,0.050130216043434705,0.04455096925875002,0.0665318875206764,0.0665318875206764,0.05357142857142838,0.05357142857142838,1.325888138241647,2.4620563805688396,9.661616675139808,3.4325695994608934,0.7016611052033295,0.044560943643512374,0.03785103785103794,-0.018404907975460016,0.049090909090909074,-0.006849315068493178,0.01473684210526316,0.0,0.02240750390828561,0.03088803088803105,0.0,0.182933359295137
1995-09-30,0.033008020285148154,0.12867503034369276,0.021324105258109682,-0.045838607209794824,0.08483664204780794,0.037769703018125655,0.24797518524900908,0.24797518524900908,-0.3728813559322034,-0.38983050847457623,-0.29623189551265583,-3.7510132863192713,-0.6801739511906693,-1.39055039551512,-0.16103912895276085,0.13425345043914683,-0.03882352941176481,-0.018404907975460016,0.017331022530329365,0.08275862068965534,0.061721991701244594,0.0,0.04994903160040787,-0.022471910112359494,0.03333333333333344,0.182933359295137
1995-12-31,-0.005402464629872261,0.12867503034369276,-0.019965802552147416,-0.045838607209794824,0.05040570654177001,0.09947901081110122,1.3955168922028904,1.3955168922028904,1.2702702702702702,1.2777777777777777,-0.17702220849594297,0.1304985530992746,-1.60546875,0.9719360136244755,-0.37851450400573483,-0.005530973451327359,0.2925336597307222,0.3374999999999999,0.047700170357751315,-0.02547770700636942,-0.005862237420615424,2.25,0.05631067961165037,0.32183908045977017,0.0,0.182933359295137
1996-03-31,0.0024047186755193906,0.12867503034369276,0.00646356823785621,-0.045838607209794824,-0.011494470040693039,-0.10555454752699578,-0.7002401767701028,-0.7002401767701028,-0.6904761904761905,-0.6829268292682926,-2.5184907205240172,-1.5319209864999124,0.10884018714602317,-1.1480046637014738,0.09014194576154022,-0.022246941045606317,-0.04734848484848486,-0.01869158878504662,-0.011382113821138296,-0.06535947712418311,-0.2614250614250615,0.0,-0.013786764705882248,-0.021739130434782594,0.0,0.182933359295137
1996-06-30,0.0058545079770013775,0.12867503034369276,0.006619959726916758,-0.045838607209794824,0.003355738294280153,-0.01527414396654414,-0.15563104929171212,-0.15563104929171212,-0.15384615384615385,-0.15384615384615385,-1.7046057065827904,-0.27116912225188705,-0.4262047523872974,2.5336362120706903,0.2921902464242634,-0.0455062571103525,-0.06759443339960236,-0.04761904761904767,0.00164473684210531,-0.034965034965035,-0.03459747172322025,0.0,-0.002329916123019582,-0.041481481481481675,0.0,0.182933359295137
1996-09-30,0.003482822676618147,0.12867503034369276,-2.624627073921637e-05,-0.045838607209794824,0.016283533593008714,-0.0022105838635301245,0.45638806649965846,0.45638806649965846,0.4545454545454546,0.40909090909090917,-0.423442382501116,-0.6744301736613603,-2.0850685037541608,-0.36662381014166245,0.14321911615265814,-0.07389749702026238,-0.03837953091684432,-0.025000000000000022,0.016420361247947435,-0.0724637681159419,-0.03239145416953826,0.0,0.012610929472209209,-0.015455950540958052,0.0,0.182933359295137
1996-12-31,0.0050049631680686435,0.12867503034369276,0.006907902637646179,-0.045838607209794824,-0.0020047252964021656,-0.0322237397960804,-0.962574928329424,-0.962574928329424,-1.0,-0.967741935483871,-0.47566640858312137,-3.529008658609992,-0.7632329861606506,-1.7787958358939977,-0.09756524335901229,0.10810810810810811,-0.5133037694013304,-0.5179487179487179,-0.004846526655896688,0.0859375,0.14245014245014254,0.6153846153846152,-0.006918819188191927,-0.49293563579277866,-0.06451612903225812,0.182933359295137
1997-03-31,-0.13432240982561205,0.12867503034369276,-0.20554851011727393,-0.045838607209794824,-0.01049184022638261,-0.15060362888447631,16.715877437325904,16.715877437325904,inf,20.0,-6.631684421474528,0.5564364049140409,42.92256703826454,-1.1763313326478395,0.019063770821107218,0.060394889663182516,-0.06150341685649208,-0.021276595744680882,-0.01461038961038963,0.06474820143884896,1.1346633416458856,0.0,0.1430562006502556,-0.009287925696594423,0.0,0.182933359295137
1997-06-30,0.04247138853192656,0.12867503034369276,0.033660557802468016,-0.045838607209794824,0.07411042900424447,0.10617662401226169,1.6375000000000002,1.6375000000000002,1.6190476190476195,1.5238095238095242,0.6420009738921977,-0.5755725729611463,-0.4771812126575158,-7.446704637917006,-0.3421600736717396,0.08214676889375694,0.41747572815533984,0.46739130434782616,0.023064250411861664,0.10135135135135132,0.1542056074766356,0.0,0.0300690776107273,0.47812500000000013,0.0,0.182933359295137
1997-09-30,-0.14926704154281079,0.12867503034369276,-0.29442166888765775,-0.045838607209794824,0.23839629071753743,-0.5799226855140133,5.086828221407494,5.086828221407494,4.8545454545454545,5.018867924528301,-2.09146487516111,-3.204927801335883,-2.73527868164165,-1.904371239850225,-0.2794013296928749,0.10931174089068829,2.5222602739726026,3.0518518518518514,0.23671497584541057,0.07975460122699385,-0.21508097165991913,0.0,0.4560157790927022,3.562367864693446,-0.13793103448275856,0.182933359295137
1997-12-31,0.12859456107164569,0.12867503034369276,0.051321783247664676,-0.045838607209794824,0.26626703078741,0.015820109486522016,1.0143237009505062,1.0143237009505062,1.0093167701863353,1.0438871473354232,-2.091449650963508,6.120933681934738,-0.6843545850471813,8.776795682917752,2.2494420867294243,0.05930656934306566,1.2858531842489063,1.7385740402193783,0.2656250000000002,-0.14204545454545459,-0.7150225660863958,0.38095238095238093,0.12191817935518845,2.2451343836886006,-0.16000000000000003,0.182933359295137
1998-03-31,-0.00571930879445659,0.12867503034369276,-0.015898051589441797,-0.045838607209794824,0.007299046809524423,0.014339020280641046,-0.9694096596724356,-0.9694096596724356,-0.9690880989180835,-0.9693251533742331,-0.2906561473722509,-0.38715439892817993,-0.977099602357112,-0.3525399453754723,0.44820737144278233,0.07235142118863047,-0.1205869842620162,0.001335113484646211,0.007201646090534863,-0.152317880794702,-0.5961538461538461,0.0,0.013040328423086223,0.20648293588462074,-0.1428571428571429,0.182933359295137
1998-06-30,-0.022870270838035722,0.12867503034369276,-0.04617972158353212,-0.045838607209794824,0.005471109399280749,0.0065368707757489375,0.17952793451482152,0.17952793451482152,0.1499999999999999,0.1499999999999999,1.2868558162135897,-1.803228826130161,-15.69560669456067,-2.5956464064848257,-0.4938384486264449,-0.02329317269076303,-0.12382103990326476,-0.010666666666666602,0.005107252298263587,-0.03125,-0.022408963585434094,0.0,0.02908224076281285,0.2913954314120013,-0.2222222222222221,0.182933359295137
1998-09-30,-0.00925761167936101,0.12867503034369276,-0.003016159873246438,-0.045838607209794824,-0.017997216280783657,-0.4714399299778842,-1.137245654224498,-1.137245654224498,-1.1304347826086956,-1.1304347826086956,-1.5649199641137028,-2.370916093219397,-0.7438251832870667,-2.109090741610707,1.0820886132830054,-0.1455592105263157,-0.35550648633728954,-0.3342318059299192,0.009146341463414531,-0.14516129032258063,-0.12034383954154737,0.0,-0.00880240908037977,-0.23627531848593153,-0.14285714285714302,0.182933359295137
1998-12-31,-0.08607612002076725,0.12867503034369276,-0.1388227316081202,-0.045838607209794824,-0.00014891269453742861,0.934519896849876,-15.21453117329406,-15.21453117329406,-16.333333333333336,-16.333333333333336,-0.6705080920688322,-2.14094730399209,-11.101694915254237,-1.9156900933523802,-0.5039473570620786,-0.059672762271414936,-0.8753747323340471,-0.8714574898785425,0.03222557905337364,-0.07547169811320764,0.3811074918566777,0.27586206896551735,0.09394718392147694,-0.8771150846033842,0.0,0.182933359295137
1999-03-31,0.02585861759844965,0.12867503034369276,-0.0003210908070850893,-0.045838607209794824,0.055682216150907626,0.9510768708016415,4.39854947332067,4.39854947332067,4.5434782608695645,4.5434782608695645,0.8106291222729578,-2.106728474452705,0.8110903289690836,-2.0670618193196995,1.0237029302355936,-0.37973387922210855,2.6048109965635735,2.732283464566929,0.05756097560975615,-0.3979591836734694,3.985849056603773,0.0,0.02905362102114939,1.8427734375,0.3333333333333335,0.182933359295137
1999-06-30,-0.21276657562903134,0.12867503034369276,-0.07082201095466756,-0.045838607209794824,-0.3676147431922865,-0.5331413165430279,-0.9152480568083677,-0.9152480568083677,-0.9137254901960784,-0.9137254901960784,-1.5507005253940456,-0.39932055225843877,11.322368021383877,-2.1840832493954343,-0.5989760028206683,0.11881188118811892,0.08579599618684464,0.06540084388185674,-0.35977859778597776,0.06779661016949157,-0.7000946073793757,10.837837837837837,-0.1965953913223999,0.007214015802129881,0.0625,0.182933359295137
1999-09-30,-0.045170007600376594,0.12867503034369276,-0.06834665253046768,-0.045838607209794824,-0.014082195988408985,-0.05782764334956991,1.7949879227053138,1.7949879227053138,1.8636363636363638,1.8636363636363638,-2.7582127524248685,-0.7528131735494439,-0.8222576088858871,-0.9769549525944298,-0.034420459815098225,0.04424778761061954,0.3204565408252853,0.306930693069307,0.03170028818443793,0.6190476190476191,0.04731861198738163,0.0,0.03229974160206717,0.11221009549795347,0.17647058823529416,0.182933359295137
1999-12-31,0.005711165385653416,0.12867503034369276,0.06108579343749687,-0.045838607209794824,-0.08014393195943736,0.04551684229761843,-0.7717673112239386,-0.7717673112239386,-0.7777777777777778,-0.7777777777777778,-0.7963354857380578,-2.095998772287173,-1.0802429756192273,3.996807102250603,-0.17812349051418297,0.007062146892655274,0.0332446808510638,-0.025757575757575868,-0.05586592178770955,-0.019607843137254943,-0.1656626506024096,0.11872146118721472,-0.0853566958698373,-0.06685065930696099,0.04999999999999982,0.182933359295137
2000-03-31,0.016294886339023096,0.12867503034369276,0.030934437452778907,-0.045838607209794824,-0.005511645400842036,0.1430371265857815,2.0260324221985564,2.0260324221985564,2.2857142857142856,2.2857142857142856,-5.936145648312611,-0.4319301416769562,-0.4252506049083996,0.5357988903434947,-0.3328503198697552,0.04768583450210384,-0.5379665379665379,-0.578538102643857,-0.004437869822485063,0.1100000000000001,0.14259927797833938,0.0,-0.021346469622331776,-0.5096943805455143,-0.1428571428571429,0.182933359295137
2000-06-30,0.03330239570086557,0.12867503034369276,0.03759203150316259,-0.045838607209794824,0.029493531121953298,-0.12755248319582047,-0.6274195440503656,-0.6274195440503656,-0.6304347826086956,-0.6304347826086956,-0.16834889620553783,2.8429650211755217,22.99112915351075,-0.3894137584607734,-0.30463002809913176,0.09103078982597057,-0.02506963788300831,-0.044280442804428,0.028231797919762158,0.09009009009009006,1.663507109004739,0.0,-0.003635346756152069,-0.04021447721179627,0.0,0.182933359295137
2000-09-30,-0.03532725341855636,0.12867503034369276,-0.0826846041455771,-0.045838607209794824,0.04267906779151964,0.2674261510935845,2.0217254408060454,2.0217254408060454,2.0588235294117645,2.0588235294117645,-0.44349255797853926,-2.5465830903790088,-1.7984771096418388,-2.81149761505094,0.7935869992573501,0.047852760736196265,-0.09857142857142864,-0.10810810810810811,0.043352601156069426,0.016528925619834656,0.08540925266903932,0.0,0.08083076059500427,-0.16480446927374304,0.05555555555555558,0.182933359295137
2000-12-31,0.010728982431411849,0.12867503034369276,0.015307296733843012,-0.045838607209794824,0.005428561648238794,0.4291838322145718,0.8101490048973639,0.8101490048973639,0.8076923076923075,0.8076923076923075,-0.26519981340382526,0.177017708557188,-1.089742482870127,1.805754339608793,1.241428583026849,0.18266978922716626,0.5752773375594293,0.5930735930735931,0.005540166204986097,0.1382113821138211,0.283606557377049,0.01632653061224487,-0.005193456245131123,0.3553511705685619,0.21052631578947367,0.182933359295137
2001-03-31,-0.017356011524231274,0.12867503034369276,-0.011315874201383802,-0.045838607209794824,-0.02569087084728061,-0.46866256521073046,-1.373915879960089,-1.373915879960089,-1.372340425531915,-1.372340425531915,-1.0586710401015766,-0.966286664253614,-0.47524925660311357,-0.9570656865566223,0.023779425454308445,0.09306930693069293,-0.3953722334004024,-0.38586956521739135,-0.026170798898071612,0.08571428571428585,-0.32524478501489995,0.0,-0.008613938919342146,-0.36582356570018504,-0.0434782608695653,0.182933359295137
2001-06-30,0.013915487997057996,0.12867503034369276,0.012335388769939115,-0.045838607209794824,0.016727989274722743,0.14600057665751098,-2.327756966182583,-2.327756966182583,-2.342857142857143,-2.342857142857143,-52.990081154192964,-19.504418052256533,10.896166666666666,-14.92132520944402,-0.32335199048980345,-0.011775362318840465,0.21797004991680535,0.23893805309734528,0.016973125884016893,0.013157894736842035,0.6132492113564669,0.0,0.0028962611901000024,0.20525291828793768,0.045454545454545414,0.182933359295137
2001-09-30,0.033211347668085756,0.12867503034369276,0.0573015568214954,-0.045838607209794824,-0.0020076618074824637,-0.592852035276358,-2.2352168199737186,-2.2352168199737186,-2.2340425531914896,-2.2340425531914896,-0.7593006920235184,-1.7972519883548386,-0.8389116942432436,-1.8674741639175654,0.41454270707789,-0.054078826764436316,-0.6953551912568305,-0.7,-0.002781641168289384,-0.06493506493506496,-0.23386781384434885,0.0,-0.03412969283276457,-0.6384180790960452,-0.17391304347826086,0.182933359295137
2001-12-31,-0.20359280141850544,0.12867503034369276,-0.3436298270958983,-0.045838607209794824,0.004130915932752943,-0.4963085829511822,-1.5652377972465583,-1.5652377972465583,-1.5517241379310347,-1.5517241379310347,-4.381827352644473,-1.0979120511103098,-15.936336754218125,-1.8966530653431128,-0.3040712374136886,-0.05910852713178294,-1.2825112107623318,-1.2976190476190477,0.004184100418409997,-0.06249999999999989,2.098009188361409,0.01807228915662651,0.2609404729546072,0.0,-0.368421052631579,0.182933359295137
2002-03-31,-0.02882736137393549,0.12867503034369276,-0.06963064101371519,-0.045838607209794824,0.015884355135668216,2.0140117517918252,-0.2946028231386659,-0.2946028231386659,-0.28125,-0.28125,-1.1518760786653315,-21.04906926264553,-0.7123758282965913,-2.7458220796758948,0.6591933967525534,0.09886714727085466,-4.26984126984127,-4.4399999999999995,0.016666666666666607,0.0962962962962961,0.0,0.0,0.045915067902565276,0.6383928571428572,0.0,0.182933359295137
2002-06-30,-0.009684994949946901,0.12867503034369276,-0.05435123378020901,-0.045838607209794824,0.032067402148476365,0.021594755559364076,1.1251667582201992,1.1251667582201992,1.1304347826086953,1.1304347826086953,-6.81523569023569,-1.717636791926668,-1.7993764677301805,-1.5542918610553795,-0.22553284802386853,0.07966260543580117,0.03883495145631066,0.11627906976744184,0.031420765027322384,0.06081081081081097,0.2942824188498929,0.0,0.04225061830173127,0.2561307901907357,-0.16666666666666663,0.182933359295137
2002-09-30,-0.03151930666965752,0.12867503034369276,-0.05237314849079211,-0.045838607209794824,-0.015458924864327539,-0.22219309650631214,-1.0917248255234298,-1.0917248255234298,-1.0816326530612246,-1.0816326530612246,-1.1740368145521218,-2.0648623937094266,-1.7369953907714126,-2.4290355639868295,0.40634448892535535,-0.07465277777777768,1.1168224299065423,1.322916666666667,-0.015894039735099397,-0.1019108280254778,-0.11495862507956722,0.0,0.016412893019576824,1.0444685466377441,0.19999999999999996,0.182933359295137
2002-12-31,0.05882004985470157,0.12867503034369276,-0.15020262897622727,-0.045838607209794824,0.24352719994165373,-0.1702996724228576,-51.03341384863124,-51.03341384863124,-55.5,-55.0,-4.918491821458275,-2.612146242615744,-3.942373114325968,-2.3318888566763816,-0.38483152672294196,0.14258911819887432,1.7505518763796908,1.9192825112107625,0.11843876177658164,0.16312056737588643,-0.47439585730724965,0.0019723865877712132,0.1381322957198443,1.6424403183023872,0.08333333333333348,0.182933359295137
2003-03-31,-0.03762130288325727,0.12867503034369276,-0.10598791201944047,-0.045838607209794824,0.0003629787719325872,-0.07553454214596733,-1.110924261564333,-1.110924261564333,-1.1055045871559632,-1.1064814814814814,-1.231604641290505,-1.1666702173554115,-1.966201854576881,-0.8981990651635964,-0.06368370759675113,-0.02545155993431858,-0.2126805778491171,-0.15821812596006146,0.032490974729241895,-0.12804878048780488,-0.6568144499178983,0.0,0.07264957264957261,-0.058221240714715905,-0.07692307692307698,0.182933359295137
2003-06-30,0.11089289999439944,0.12867503034369276,0.27293126966426384,-0.045838607209794824,0.033025597329654044,0.537074465280585,-2.1183084288408534,-2.1183084288408534,-2.1304347826086953,-2.1304347826086953,-0.32808920116083706,-1.6865962580088518,-2.8429990813711745,-4.952734638757596,0.2688459006689765,0.05644481887110353,-0.13863404689092762,-0.10766423357664234,0.03263403263403264,0.020979020979021046,0.26076555023923453,0.0,-0.06996015936254973,-0.06054146237476021,-0.08333333333333326,0.182933359295137
2003-09-30,0.019827306402336875,0.12867503034369276,0.08557028114413101,-0.045838607209794824,0.03982017670810367,0.16314116490201003,2.638191606667964,2.638191606667964,2.615384615384615,2.576923076923077,0.41827688110934313,5.036977566787676,-1.241364158058698,-3.868750711764036,-0.6078373019862702,0.006379585326953707,0.37751479289940826,0.42126789366053186,-0.10948081264108345,-0.0273972602739726,0.1138519924098671,0.0,0.019533927347498148,0.3424098025867939,0.09090909090909083,0.182933359295137
2003-12-31,0.5866831836258382,0.12867503034369276,1.0223587212522687,-0.045838607209794824,0.29427414830874654,2.050272300100269,-0.29875200570511673,-0.29875200570511673,-0.4148936170212765,-0.3978494623655914,0.17246353582304863,-1.092563824825284,-1.0610564643225913,-1.0640519243365554,0.09927805238222209,0.10935023771790808,-0.5171821305841924,-0.5467625899280576,0.2724968314321925,0.24647887323943674,-0.2356615559341283,0.015748031496062964,-0.1843697478991596,-0.7052062204192022,0.5,0.182933359295137
2004-03-31,-0.007984009693520644,0.12867503034369276,-0.020058028845190368,-0.045838607209794824,0.005185175813821052,-0.6001089296533588,-1.3038669819235755,-1.3038669819235755,-1.309090909090909,-1.3035714285714286,-8.567464114832536,3.326031732811394,-13.372051624388073,5.786798884412767,0.6129297075423294,0.18999999999999995,-0.06405693950177938,-0.11746031746031749,0.004980079681274896,-0.062146892655367325,1.4427934621099556,0.0,0.013393777045126676,-0.0905963302752294,0.0,0.182933359295137
2004-06-30,0.0932213861487825,0.21837308192722227,0.18933273828892627,0.028547649303169553,-0.004703931099133141,0.39430058912179744,-3.8426204819277108,-3.8426204819277108,-3.8235294117647056,-3.7647058823529407,-0.26893200375749693,-2.9559784753708573,-14.67,0.653082812048156,0.6281882959895431,0.01740696278511389,0.10836501901140672,0.03597122302158273,-0.0049554013875124925,0.012048192771084265,-0.021289537712895434,0.0,-0.08967059780398545,0.04413619167717542,-0.05555555555555547,0.18451915559030496
2004-09-30,-0.007040082672530423,0.04499964457809269,-0.042966706572365454,-0.004527966120086435,0.03600707402245096,0.17134368732262484,1.1946725533480502,1.1946725533480502,1.1875,1.127659574468085,-2.2562702315352494,-1.258030700480833,-1.2193113102787705,-1.376310277362182,-0.14615085405340122,0.03244837758112107,0.0806174957118353,0.03472222222222232,0.02788844621513964,0.03571428571428581,-0.0885643256681169,0.0,0.04355595264686185,0.013285024154589431,0.0588235294117645,0.04974813270800782
2004-12-31,0.013786550800591879,0.061550314092686964,0.007552627029349335,0.026715209574870613,0.02108348221712686,-0.3179622310057093,-0.3440131967169143,-0.3440131967169143,-0.5714285714285714,-0.53,-1.4612903225806453,-0.4247267733506266,-0.41982626223843345,-1.0693751223331376,0.0129239601859652,0.2074285714285713,0.05555555555555558,0.046979865771812124,0.016472868217054293,0.17816091954022983,0.16195022161609285,0.025193798449612448,0.007063356164383583,0.35935637663885567,-0.2222222222222221,0.03395439653175347
2005-03-31,-0.00898716211951367,-0.006312777646436896,-0.009839606098732911,-0.022610592155453135,-0.00789762747974121,-0.1224306706121534,-0.9465786191809948,-0.9465786191809948,-0.9555555555555556,-0.9574468085106382,1.667149923247484,3.8890951891515533,-0.9529304711089052,35.44066302239464,0.42438823036546003,-0.06436346426881212,0.08872180451127831,0.07692307692307687,-0.007626310772164024,-0.08292682926829265,-0.13204225352112675,0.0,0.0010626992561106885,0.10477860587461651,-0.07142857142857151,0.016675735364721778
2005-06-30,0.2651153678555791,-0.004154972410103874,0.004549665918928136,0.04181841599307301,0.5588596113467645,1.1325281338884539,485.45656333716033,485.45656333716033,589.5,550.5,0.9407993605115907,-2.7655364166553644,14.464411247803163,-1.8520190655924125,-0.2538541499964677,-0.06221547799696514,6.564917127071822,7.190476190476192,0.558117195004803,-0.05319148936170204,-0.1473968897903989,0.0,0.2322717622080679,6.691666666666666,0.0769230769230771,-0.04413801788187888
2005-09-30,0.007200152064872123,0.07796354074684553,-0.001335451250650932,0.11579318952959428,0.014197352736067259,0.32706396304099905,-0.9180921257073537,-0.9180921257073537,-0.9187129551227773,-0.9156844968268358,-0.7425059927345816,-0.9642091677997742,-1.7466261329090549,-1.2859422742710451,0.09728343725665622,0.115426105717368,-0.09676830381595758,-0.041787790697674465,0.010480887792848392,-0.2865168539325843,-0.86558287073751,0.0,0.00689179875947632,-0.14553990610328638,0.1428571428571428,-0.033891048020551984
2005-12-31,-0.13212768842614542,0.014222040590452956,-0.3684798223613005,-0.36672811662766525,0.03364797955462895,-0.0738292572793614,1.4800026893597402,1.4800026893597402,1.4895833333333335,1.5053763440860215,2.387952269746313,-16.539278815196393,-17.418585182084556,-4.593441515879794,-0.318588917298847,0.08027079303675055,0.022437841115827917,0.12286689419795227,0.033557046979865834,0.07086614173228356,0.05899705014749257,0.022684310018903586,0.19113620807665987,-0.051201545707040164,0.1875,0.6015409266014387
2006-03-31,0.022421516992201296,0.1392398417851446,0.012468675122725204,0.054294302650106596,0.02703804622391459,0.21569441561137648,-0.6874823297947739,-0.6874823297947739,-0.6861924686192469,-0.6909871244635193,-0.1622223900891373,-1.6895887288925722,-1.1017419761556004,-1.1812358016570952,0.08473551324824213,0.19024171888988373,-0.062475286674574915,0.019250253292806718,0.02715466351829976,0.15441176470588225,0.03621169916434552,0.0,0.004453383134607192,-0.16501209112892956,0.21052631578947367,0.08056962833666814
2006-06-30,0.03067203510942229,-0.17667266526371184,0.08277049686631366,0.19643789000565826,0.008199578561125298,-0.3110407352210631,-0.5412241458366897,-0.5412241458366897,-0.7733333333333333,-0.7638888888888888,-1.028684459672693,0.1970675720337709,0.34926420338056396,-2.9153984567995366,-0.1496238201197867,0.13350883790898838,-0.7256431885280472,-0.7140490390987408,0.00747126436781631,0.10191082802547768,0.08064516129032251,0.0,-0.021739130434782594,-0.7215913421233138,0.04347826086956519,-0.31184130173551594
2006-09-30,-0.05761152822214133,-0.2564309250811341,-0.20116111224757338,-0.4919518985564888,0.008662988694177365,-0.3606617094787442,0.6336304700162074,0.6336304700162074,0.6470588235294119,0.588235294117647,5.8911591355599215,-1.2254237571741713,-2.102819517136586,-0.10956308515381186,-0.15667251262109816,-0.09787657597876576,-0.10760953112990013,-0.05561993047508684,0.00855675984027382,-0.10404624277456642,2.1318407960199006,0.0,0.07032163742690045,0.04708458800985493,-0.125,0.46357312569776443
2006-12-31,0.015196098791964596,-0.12103197963370782,0.0037928052115365762,0.07445636263761557,0.017953198377560486,-0.7670799974154591,-0.8146568116804735,-0.8146568116804735,-0.7857142857142858,-0.8148148148148149,-2.304652754019843,-0.7678518408551069,-0.3413962033067973,-0.752874488135472,-0.0459107232433833,0.009194556822361255,-0.5727820844099913,-0.5668711656441718,0.018099547511312153,0.0,0.1088165210484513,0.04621072088724576,0.002731867231252627,-0.42614379084967324,-0.23809523809523803,-0.1819586519842744
2007-03-31,0.13585367840260165,0.13964774057263574,0.4236267459633636,0.25959045225361477,0.032403567690440616,3.972763725317126,-0.25292175930056204,-0.25292175930056204,-0.33333333333333326,-0.20000000000000007,0.1505616013286133,-19.182573940847323,-12.637261738726174,-30.901519536903038,1.4388594667808734,0.036443148688046545,-0.3911290322580645,-0.3994334277620396,0.03111111111111109,0.019354838709677358,1.3968481375358164,0.0,-0.09113199836534525,-0.20774487471526193,-0.25,-0.09520849273144616
2007-06-30,0.058260883133301355,-0.040823456949499626,0.06900809258825524,0.32556890404400063,0.05381433342182018,0.7445748915992596,2.140554096011464,2.140554096011464,2.0,2.0,0.2423079845020133,1.6016248725072977,-0.9399282910703407,-1.5640876103175159,-0.3327960504712766,0.16385372714486635,-0.11920529801324509,-0.12264150943396235,0.05334051724137945,0.12658227848101267,0.8664076509264793,0.0,-0.004196642685851404,-0.1857389304197815,0.08333333333333348,-0.2764124517731621
2007-09-30,0.1477888361632682,0.25526119315537676,0.20754591360206098,-0.12099104517018577,0.11890949714972665,-0.03736875152614505,-0.8521616791512985,-0.8521616791512985,-0.8333333333333333,-0.8333333333333333,-2.960892829842532,0.3755475044611474,22.240406996076345,-1.9772375301905165,0.4874383472241539,0.28277945619335343,-0.556390977443609,-0.5698924731182795,0.08951406649616378,0.2191011235955056,0.41649319455564426,0.0,-0.025135460565924084,-0.6144067796610169,0.15384615384615374,0.42805492659411293
2007-12-31,0.11056460221229503,-0.08242494202920969,-0.008666498000444944,-0.04060156649249602,0.1753573182107535,-0.14673757130476006,113.64326131687243,113.64326131687243,99.49999999999999,93.5,-0.7930953828881508,-0.6542303836779622,-1.1204423320151315,-2.0455010382050682,-0.3426140646668546,0.11163447951012717,7.8389830508474585,7.699999999999999,0.17511737089201884,0.023041474654378113,1.3199186072801266,0.044169611307420586,0.05836035201482148,6.679487179487179,0.13333333333333353,-0.04360279262460687
2008-03-31,-0.024201445569881352,-0.4563995923571026,0.010226589606320058,-0.0017175779976084105,-0.040030934430926424,0.14967599457808523,-1.214980717155786,-1.214980717155786,-1.2139303482587065,-1.2275132275132274,2.4714748662295576,0.45648080380300016,-1.618833228400708,-0.1649465489876638,-0.43521018885265994,-0.07351694915254248,-0.2674976030680729,-0.2658045977011494,-0.0819017179384739,-0.21171171171171177,-0.8970373257967059,0.0,-0.01633843909555066,-0.2931075602194133,0.0,-0.4554521632172842
2008-06-30,0.21925357373177579,-0.14839610080582633,0.032173511039474745,0.15728939803118736,0.3099981299672745,0.03911047902256115,-2.949177659041576,-2.949177659041576,-2.8837209302325584,-2.7674418604651163,-2.2275144910231637,0.04545498897410383,1.6174031558336854,-0.8921851587405344,-0.0830789020969267,0.1733363823462155,0.24869109947643975,0.2798434442270059,0.30939947780678856,0.27428571428571424,0.5177472787505917,0.0,0.07444757526323609,0.42914979757085003,-0.11764705882352955,-0.264129634176283
2008-09-30,-0.13026126285926165,0.13183390786193727,-0.031693059265415546,-0.15419821182917715,-0.16804095234764382,-0.25459037665084694,-0.5210249601130754,-0.5210249601130754,-0.5308641975308642,-0.513157894736842,-1.8885626868047327,-0.8383584785033296,-0.9231982163680501,2.4780804029474863,-0.31513627720261994,-0.17598908594815832,0.1058700209643606,0.12232415902140681,-0.1681621801262878,-0.367713004484305,-0.4112878079201746,0.0,-0.043340234644582476,0.23536355051935787,-0.06666666666666654,0.33811557453623386
2008-12-31,-0.3818065732773357,-0.03844178034694912,-0.022111566936919624,0.25247472983225894,-0.5407046814270017,-0.3377448174996821,-31.35748138874606,-31.35748138874606,-31.473684210526315,-32.2972972972973,-1.9668006846861192,-2.4685605404469078,-3.301279602750191,-2.0114378427665365,0.4654075632585317,-0.3237937559129612,-5.608530805687204,-5.4277929155313345,-0.5517379145025969,-0.19148936170212771,-0.4152542372881356,0.0,-0.2571057567450584,0.0,0.0,-0.23223457836732653
2009-03-31,-0.016483815598097418,-0.1024106951229925,-0.021950763492658343,-0.038217069687129124,-0.011770784261936895,0.5023524610823722,-0.948401618504176,-0.9484480129727771,-0.9490500863557858,-0.9490500863557858,-2.356054679458146,-0.27248958087599273,-0.8348479190007885,-1.4350788810817976,-0.13817930720875105,-0.41832808674361666,0.16886055121349242,0.1184615384615384,-0.011586452762923471,0.29824561403508776,0.0,0.0,0.004855311711011723,0.0,0.0,-0.06677058976357497
2009-06-30,0.18401005945467874,-0.04177866908347638,-0.04030787241177747,0.048682774199625856,0.3935430117465426,0.135733773263083,-3.933092133901365,-3.9357317848393296,-3.8813559322033897,-3.830508474576271,-1.0541377582777938,-1.4192720296160186,8.194974874371859,0.47848741544274476,-0.23705205559762565,0.2176788935658449,0.11736758754179122,0.0462173314993124,0.36429215509468005,0.23648648648648662,0.0,0.0,0.1768457672980286,0.0,0.0714285714285714,-0.0862332962138086
2009-09-30,0.09379793111844514,0.09640642566401847,0.0021855927936302866,0.008537057911793822,0.15306820561621826,-0.012387320055007867,-0.09932290893696949,-0.09932290893696949,-0.10588235294117643,-0.10179640718562866,-17.620302860347728,-8.15474349059036,-1.675893540277626,-2.576389604501144,0.4897927819471837,0.09777777777777774,-0.01433070866141728,-0.05074940836181974,0.1553205551883674,-0.19672131147540983,0.0,0.0,0.05419609131220238,0.0,0.13333333333333353,0.08705918196359219
2009-12-31,0.021285297349135535,-0.3252044060172824,0.01412334601199694,0.09146587450031163,0.026129121581674797,0.08096125013799815,-1.2452977992917322,-1.2452977992917322,-1.236842105263158,-1.24,-0.8000101235067827,-1.5452784808986335,-1.2468971093592076,-2.0266185545445037,-0.3375169781476196,0.06117858749437688,-1.2353411088033233,-1.2484764542936289,0.025743707093821566,-0.08163265306122436,0.0,0.0,0.00482941268110304,-0.060003821899484056,0.0588235294117645,-0.38172645739910316
2010-03-31,0.03337560651866722,0.20046275980372608,0.008656679789954769,0.021904665901843368,0.047290622097569956,0.23360403248389816,-3.1085905582045834,-3.1085905582045834,-3.1944444444444446,-3.166666666666667,5.07837678224922,-3.09953248641237,-2.6065171115113803,-1.8259258315928888,0.42078661891414937,0.0038151759220008685,0.41955193482688413,0.488294314381271,0.04684885666480754,-0.022222222222222254,-0.03351449275362317,0.0,0.013488372093023226,0.44216304126855066,0.05555555555555558,0.17475067996373528
2010-06-30,-0.07975902331719442,0.1548161395961476,0.015482006096644518,0.14257888646893324,-0.12985363991250265,0.10157781445457514,-2.228040672867521,-2.228040672867521,-2.2278481012658227,-2.2435897435897436,-1.1999389287548405,-1.0709491624111858,1.4325756803587808,-0.5489322334438362,0.13359027869743323,0.00929054054054057,-0.7369679579148734,-0.7363295880149813,-0.12946190729888118,-0.037878787878787956,-0.3758200562324273,0.0,-0.054459232063637675,-0.7576825486326473,0.05263157894736836,0.010708084121165529
2010-09-30,0.13632013057363412,-0.10560799250767805,0.02944157538534009,0.12438265006879234,0.2034438878199194,-0.5493930570674244,-2.2237394957983194,-2.2237394957983194,-2.216494845360825,-2.2061855670103094,6.187920860812218,17.07441499390041,5.133118243526355,1.9718329117385656,0.3502217638788738,-0.09999999999999987,-0.369090909090909,-0.3664772727272727,0.20318237454100374,0.03937007874015741,2.3993993993993996,0.0,0.05905193334411907,-0.30133798720186156,-0.050000000000000044,-0.20454328529159116
2010-12-31,0.2795770277399352,0.44139097980774444,-0.05199663520578779,-0.08855353699826207,0.45435696141084847,0.8681300944233719,4.891199110354295,4.891199110354295,4.906779661016949,4.965811965811967,2.7218326862529216,0.0051418298287488895,-1.7883011211084012,0.22115760657019945,0.3167449839636012,0.22966062296606227,10.023054755043228,10.565022421524665,0.45116988809766023,0.022727272727272707,0.8842756183745581,0.04230118443316422,0.13657195233730546,11.233139050791008,-0.052631578947368474,0.5813534917206624
2011-03-31,-0.013466201825866886,-0.22110411022839116,-0.02959591808177664,-0.03675919982884035,-0.0077743109649638376,-0.18197684465180575,-0.9938019917155393,-0.9938019917155393,-0.994261119081779,-0.994269340974212,-1.0461249824841838,0.09587644599090428,-1.6056887317352193,-2.20009419300146,-0.28868446095980427,0.27372400756143667,-0.1869281045751634,-0.15587436991081816,-0.010865755345250694,-0.125925925925926,-0.9008438818565401,0.0,0.005779569892472969,-0.026681187040566323,-0.16666666666666663,-0.1913650504590636
2011-06-30,-0.0034911812549021093,0.9381350368386498,0.030405729201294918,0.14718123134587358,-0.014769493677377787,1.6526436975855003,16.731893023698486,16.731893023698486,18.0,17.75,-2.1082419127988747,-1.8747555996234424,-0.3071199633699634,-2.7672359663443427,0.7172253863894091,0.05550608489165931,0.10192926045016071,0.1419384474046852,-0.014528703047484104,0.06779661016949157,0.16548463356973975,0.0,-0.011359080582654002,-0.029440559440559455,0.19999999999999996,0.6894998592474428
2011-09-30,-0.10629979979724069,-0.04599852673518601,-0.08381901050068252,-0.20217650162396594,-0.1142941377573714,-0.6866934504493385,-2.5620394076507305,-2.5620394076507305,-2.5657894736842106,-2.586666666666667,0.06756688156759227,-1.5748135789654667,-4.37818024120271,-2.034029134837449,-0.43187804678978725,-0.17688413948256476,-0.29967901955062737,-0.2839903459372486,-0.11434735706580368,-0.16666666666666663,-0.33671399594320484,0.0,-0.008921330089213364,-0.2882772534044239,0.0,0.1957234101638432
2011-12-31,0.12758711020037117,-0.11690325507797938,0.302914365392557,0.33040092583183056,0.025061086335686378,0.2591608841894788,-1.4104053989045502,-1.4104053989045502,-1.411764705882353,-1.4201680672268908,-1.6595339990489777,-0.30710004763645626,-0.6248800317877556,-0.40821743649655107,-0.44986449864498645,-0.16228220020498807,-0.98375,-0.9842696629213483,0.024766544863986883,-0.04761904761904767,0.1406727828746177,0.0405844155844155,-0.0908346972176759,-0.9837011540797732,0.0,-0.33619768684100504
2012-03-31,-0.029854945202996475,-0.10215488253093985,-0.1843746917798723,-0.085466041599212,0.04102150234614044,7.156132353188555,3.1099240603832987,3.1099240603832987,3.1020408163265305,2.94,2.0776496034607064,-9.628177661241326,6.499022228016426,-1.2670997241979969,0.2184165232358004,0.09298531810766719,19.384615384615387,19.25,0.04120443740095103,0.06000000000000005,70.84986595174263,0.0,0.07290729072907287,7.459627329192546,1.3333333333333335,-0.018263242600237928
2012-06-30,-0.04265878325785277,0.14235536639328972,-0.02674103554110374,-0.00970620830824509,-0.05217995484839866,-0.1165880456447419,-1.4018338606208887,-1.4018338606208887,-1.4029850746268657,-1.4111675126903553,-3.4798182116335186,-1.057894073654055,-0.7973814025251538,-1.5061275508817695,-0.09072974460643668,-0.14514925373134335,-0.7522012578616353,-0.7548500881834215,-0.05213089802130899,-0.179245283018868,-0.9578731343283582,0.0,-0.00992729306487694,-0.8245227606461086,0.38095238095238093,0.1535281539558091
2012-09-30,0.01591323679183687,0.6641356335088877,0.021819133681435954,0.6399221532237049,0.016358235492343276,0.021408776898132142,-1.540803341934895,-1.540803341934895,-1.5432098765432098,-1.5308641975308641,0.8888301088270858,-14.491310053451974,-0.6141743261939746,-32.433426393213786,3.1365226475236385,-0.029681361850720234,3.2385786802030463,3.201438848920864,0.016459253311922994,0.02298850574712641,3.1895482728077944,0.0,0.00042366897330903264,2.083682008368201,0.36206896551724155,0.01476767177459215
2012-12-31,0.06967061563005994,0.1784474832915086,0.012503575386455523,-0.01707500366539927,0.09291527601518235,0.11555043554385258,3.2575135459437163,3.2575135459437163,3.204545454545455,3.1860465116279073,-1.2063377745768815,-2.2398382952677167,0.7325012509034303,-2.0695242698713363,-0.8109679023601815,0.0062977957714800414,0.6059880239520956,0.6404109589041096,0.09281200631911535,-0.011235955056179803,-0.773784355179704,0.03900156006240252,0.021739130434782483,0.2605156037991858,0.30379746835443044,0.19892833221701278
2013-03-31,4.064573364032842,0.0,14.64494617994268,0.0,0.4838426673806919,-0.12139070369931737,-0.3282125918716945,-0.3325986533558214,-0.4054054054054054,-0.4,2.9571941050998642,-6.952281177107671,-1.7547372643401524,-5.7820784306210316,20.51562756919704,0.1296379079123826,-0.31618195376584635,-0.6231732776617953,-0.003614022406938977,0.03409090909090917,-0.3037383177570093,0.009009009009008917,-0.7069632495164411,-0.19483315392895573,-0.5339805825242718,0.0
2013-06-30,-0.024710357877775313,0.0,-0.02182689739059729,0.0,-0.0017879690219478883,0.444686096688675,-0.8275598732231411,-0.8337110827386667,-0.8727272727272727,-0.8703703703703703,-4.741158166827965,-0.7921116926202632,-18.854673781330387,-0.8605485260953474,0.1315823579067903,0.13019390581717438,0.20719738276990185,-0.08864265927977844,-0.0021762785636560977,0.1428571428571428,0.5328859060402684,0.008928571428571397,0.023573785950023574,0.23796791443850251,-0.27083333333333337,0.0
2013-09-30,-0.01382011705856978,0.0,-0.02018377734606891,0.0,0.007756289726841947,-0.11473727335858197,-0.9435299931574546,-0.9491508610427744,-0.9285714285714286,-0.9285714285714286,-0.1957467082750739,-0.013037481018256525,-0.6739194109536522,1.0509696299169984,0.24100550280064548,-0.0626750700280112,-0.20686540198735326,-0.331306990881459,0.007270083605961375,-0.0673076923076924,-0.32049036777583184,0.008849557522123908,0.021649009672961794,-0.16090712742980562,-0.19999999999999984,0.0
2013-12-31,0.051068361959763164,0.0,0.06392550719275114,0.0,0.00010978727305133162,0.10106507322036484,1.8791652642208012,2.2161529457666798,1.0,2.0,-1.4812394522176553,-2.6795718871965692,-3.9072240236029563,-1.5867233036915258,-0.11394272184282739,0.05304445274561087,-0.5876993166287016,-0.6409090909090909,0.0010826416456151122,0.05154639175257736,0.19845360824742286,0.00877192982456143,-0.04824165915238954,-0.574002574002574,-0.14285714285714302,0.0
2014-03-31,0.06817322852773411,0.0,0.08704929827760677,0.0,0.008445565051370618,0.039969303045318094,10.025952770633621,10.151158558777144,11.5,7.333333333333334,3.3760982770217396,-1.5293845472142542,-0.8167282939621997,-0.3690163940951009,-0.0811414693692668,-0.02873359347286275,-0.580110497237569,-0.5822784810126582,-0.0036049026676279183,-0.02941176470588236,1.3365591397849461,0.010144927536231751,-0.05589767882520136,-0.6132930513595165,0.04166666666666674,0.0
2014-06-30,0.005431662897647627,0.0,0.0025191118741925145,0.0,0.015989543554274732,-0.01338719124090293,-0.3100428347258154,-0.30869569947453734,-0.31999999999999995,-0.31999999999999995,-0.9248829604080895,-0.7197750785480548,2.5226154415493633,-2.880347433358144,0.1660474910786076,-0.039444850255661024,0.07236842105263142,0.06060606060606055,0.01628075253256145,-0.04040404040404044,1.8145421076852277,0.008608321377331585,0.01003512293025599,0.08593749999999978,-0.040000000000000036,0.0
2014-09-30,0.025678353656312547,0.0,0.030568066243752856,0.0,0.003325964736039966,0.037106583860395226,-0.1597412176906291,-0.15902366863905326,-0.17647058823529405,-0.17647058823529405,0.9571981932129667,-2.4090263104940135,-0.14433876186010863,-0.8974283711116106,0.014606404767449455,-0.04486692015209126,0.3006134969325154,0.2571428571428571,0.003559985760057005,-0.06315789473684208,-0.10709614126880307,0.008534850640113723,-0.021361152508693637,0.2517985611510791,0.04166666666666674,0.0
2014-12-31,-0.00197036474174217,0.0,0.00046509406764849714,0.0,-0.00798730335662401,-0.10220391479910096,-1.1785511805263447,-1.1750968393869645,-1.1428571428571428,-1.1428571428571428,-2.8220635421598024,-0.7618635331081051,-1.4137364973477846,-0.5274639020162544,0.006802690661078303,-0.09076433121019112,-0.08490566037735847,-0.11363636363636376,-0.0031926214969847377,-0.0898876404494382,-0.29115546603186226,0.008462623413258097,-0.006091370558375497,-0.06896551724137934,-0.040000000000000036,0.0
2015-03-31,-0.005723938252552463,0.0,-0.015102212091878786,0.0,0.033942403135343024,0.17060494573613316,-40.00020485506504,-40.93512878059207,-51.0,-50.5,-7.233488744704346,-6.021083603515808,-4.892471286475793,-27.032148665951482,-0.17589211496980783,0.008756567425569184,1.3814432989690721,1.4102564102564106,0.03380782918149472,0.012345679012345512,0.10229914750710423,0.00839160839160824,0.039836567926455624,1.3641975308641978,0.0,0.0
2015-06-30,0.004458180400962464,0.0,0.00542347171715063,0.0,0.0002979767435442593,-0.095186139816693,-0.9569123776457024,-0.956049808254811,-0.96,-0.9494949494949495,-1.0193760865399588,-0.4682255897282771,-1.293895495353043,-0.9554776264837136,-0.009502559778284958,0.02690972222222232,-0.10389610389610382,-0.1063829787234043,0.00034423407917372195,-0.012195121951219412,-0.5669088352472463,0.00832177531206657,-0.004420432220039405,-0.09399477806788514,0.0,0.0
2015-09-30,-0.03885797453670137,0.0,-0.042115900782747295,0.0,-0.027173690653750526,-0.16009175407995035,-11.555467511885896,-11.349814284844426,-12.25,-10.0,14.346549148491187,2.7441550328834237,3.701354662055051,-3.0383673713125523,0.01955553544052302,-0.048182586644125114,-0.5144927536231885,-0.5119047619047619,-0.015485203028217431,-0.04938271604938271,0.05032467532467533,0.008253094910591452,0.012333497779970504,-0.48991354466858794,-0.04166666666666663,0.0
2015-12-31,-0.08262952149769631,0.0,-0.10623305442880082,0.0,0.0034475020732285255,0.04685733526160907,-1.3210373441587313,-1.3221356081776732,-1.3333333333333333,-1.3333333333333333,-0.1852159743326669,-1.3049428146692885,-0.8227767781330177,0.0,0.0,-0.17362344582593248,0.29850746268656736,0.3414634146341462,0.003495281370150316,-0.15584415584415579,0.6821226172076249,0.008185538881309684,0.09405458089668617,0.3276836158192089,0.0,0.0
2016-03-31,-0.06917263712679711,0.0,-0.0845361692225749,0.0,-0.02979518442612117,-0.17829659079910354,-5.008993614533681,-5.070495845128299,-5.0,-5.0,-3.2049327022099674,2.1503052210316653,-3.3697656317564646,-16.154491789831404,-0.2683771336001085,-0.14938205265986026,-2.1877394636015324,-2.2181818181818183,-0.029954719609892044,-0.15384615384615385,-0.3448698315467075,0.008119079837618504,0.04231625835189301,0.0,-0.0434782608695653,0.0
2016-06-30,0.04422371814213566,0.0,0.05736064536923924,0.0,-0.000474368775891687,0.28723074114226876,-1.2570396625987077,-1.2535759152907393,-1.25,-1.25,-1.9716762047393077,-1.0642590500276121,-2.2338914515940678,-1.4126014177706552,0.16392441666225044,0.05938092229943148,-0.11290322580645162,-0.08955223880597007,0.0050269299820466795,0.09090909090909083,0.0,0.00805369127516764,-0.04316239316239312,0.0,0.0,0.0
2016-09-30,0.023624388894373904,0.0,0.028440363987104478,0.0,-0.0026617708906085946,0.014920550899653495,1.6943741381417028,1.6947290195870268,1.7333333333333334,1.7333333333333334,-0.6017781624168019,-3.3996052232007288,-0.9638515731752764,-0.41893550729730367,0.08183577614307924,0.07394156231365545,-1.1454545454545455,-1.1639344262295082,-0.0017863522686673017,0.06666666666666665,0.0,0.007989347536617952,-0.02545779365788292,-0.8382978723404255,0.09090909090909083,0.0
2016-12-31,-0.022441930841344715,0.0,-0.03083865426611554,0.0,0.0068024100194141734,0.02053223104958546,-0.11134505500200831,-0.0844988115405324,-0.07317073170731703,-0.07317073170731703,-0.2216720624642925,0.026474645338463,-19.838924344078983,1.1520365748934642,0.1612037298241067,0.16712937257079385,2.0999999999999996,1.7999999999999998,0.007516105941302698,0.171875,7.933613838242168,0.00792602377807139,0.02978918423464716,2.026315789473684,0.0,0.0
2017-03-31,0.020161163731062803,0.0,0.017921958439215402,0.0,0.026664231198349153,0.04670532896080393,1.0515123459040177,1.0101270180521986,1.0,0.9736842105263157,-1.6943932699088933,-2.5387555325418254,0.5221325287948717,-0.14972208119687747,0.11920212377592154,0.19029495718363454,3.983870967741936,3.928571428571429,0.026642984014209503,0.18666666666666676,-0.6148935056779528,0.007863695937090576,0.006230529595015577,3.6521739130434785,0.08333333333333348,0.0
2017-06-30,0.05211189987680953,0.0,0.06707536053782692,0.0,0.008958221254187437,-0.029429591065226246,-0.7932077268592221,-0.7931494630178042,-0.7894736842105263,-0.7866666666666666,-4.119621935610908,-0.39052960499959943,-1.5372537830151891,-0.11756475987564696,0.09398494917312905,0.011191047162270262,-0.008090614886731351,-0.01449275362318847,0.01211072664359869,-0.011235955056179803,-0.7965756216877293,0.00910273081924573,-0.040689960194604136,-0.009345794392523366,0.0,0.0
2017-09-30,-0.014659262955911578,0.0,-0.020159383864860714,0.0,-0.003755204189525685,0.05090016941414155,0.7072671970855602,0.707368820505744,0.6875,0.6875,0.0009634007381642551,-3.930338644370826,-0.910475610490127,-0.11364260567776086,0.07614753266721541,-0.02292490118577084,-0.0929853181076673,-0.09558823529411753,0.003076923076922977,-0.03409090909090917,-0.02872411489645965,0.012886597938144506,0.011065006915629283,-0.10566037735849054,0.0,0.0
2017-12-31,-0.010444051122723508,0.0,-0.0009109111179004259,0.0,-0.03309950047407606,0.017182640268984528,-3.7337520508097555,-3.7326510612933532,-3.7777777777777777,-3.7777777777777777,-0.8984972138051888,-0.8867903366905183,-9.57496539450267,-0.27168551669741825,0.05153508159967091,0.05218446601941751,-0.710431654676259,-0.7154471544715447,-0.03306066802999319,0.04705882352941182,0.14649243466299877,0.012722646310432628,-0.023255813953488302,-0.7172995780590716,0.0,0.0
2018-03-31,0.038847162426730586,0.0,0.046466091731312886,0.0,0.015151756533300142,-0.0780408388555508,-1.4584850571242374,-1.4585302011934074,-1.4533333333333334,-1.4533333333333334,-7.625353540307683,9.174796909054884,3.0333736128919186,-0.16813512384547546,0.13536246938667196,-0.03844675124951946,-0.937888198757764,-0.9428571428571428,0.04970038773352137,-0.011235955056179803,2.4889022195560884,0.012562814070351758,-0.022408963585434205,-0.9328358208955224,0.0,0.0
2018-06-30,0.008169220309895087,0.0,0.013662705887644622,0.0,0.027206338190169044,-0.5778587862285332,4.826372214414776,4.8186106139035365,5.029411764705881,4.970588235294117,-0.7066992718129168,-2.0316286351899238,-1.7726115713063804,-3.5190931619838475,-0.09045689665823087,-0.06997201119552177,64.19999999999999,69.0,0.0614506380120885,-0.11363636363636365,18.996561210453923,0.012406947890818865,0.01862464183381074,70.11111111111111,-0.15384615384615385,0.0
2018-09-30,-0.009172317979195821,0.0,-0.013944192682769585,0.0,0.007875449602740225,0.17297515890486292,-0.7344902822630108,-0.7345269718800708,-0.7268292682926829,-0.729064039408867,-7.091333574511404,-1.4781827379738903,-0.6502771384804376,-1.6537129082925586,0.06501378634207722,0.0034393809114359186,0.1334355828220859,0.13571428571428568,0.04017715912685871,-0.05128205128205132,-0.9893809114359415,0.014705882352941124,0.017346460384435103,0.35468750000000004,-0.18181818181818188,0.0
2018-11-30,-0.037132245618364035,0.0,-0.03272065417091674,0.0,-0.05275484797600272,-0.44715098318890567,-1.1057492148363486,-1.1046815707194346,-1.0892857142857142,-1.0909090909090908,-0.3215744825433481,-3.060475912270452,1.278553653953583,-0.40511207546424,0.03631494438779703,-0.07069408740359895,0.32746955345060913,0.320754716981132,0.0009124087591239061,-0.108108108108108,-0.19028340080971662,0.01570048309178751,-0.016129032258064502,0.8177623990772778,-0.2777777777777777,0.0
2019-02-28,0.038790738895414956,0.0,0.052861540660825934,0.0,-0.012714014877049373,0.4815532969498906,-3.1997447351627315,-3.2216903515332835,-3.8000000000000003,-3.8000000000000003,-2.596015838923442,3.1184593691567297,-0.9287951055341342,0.261302907478951,0.044199058586695816,-0.11203319502074682,-0.07135575942915395,-0.07619047619047625,0.013369796414463897,-0.10606060606060619,-0.32899999999999996,0.01545778834720557,-0.049648711943793944,0.26459390862944177,-0.23076923076923073,0.0
2019-05-31,-0.008893194955937433,0.0,-0.009145653138349363,0.0,-0.00796148013198894,-0.07812055443794708,13.968735355158332,13.962698626447617,14.499999999999998,14.285714285714285,-0.16269938963333352,-0.8809789626850952,-6.377520411091113,-2.2771359979529944,-0.05405885815785383,-0.0005192107995847239,-0.04171240395170139,-0.05670103092783507,-0.014992503748125885,-0.016949152542372947,0.07451564828613999,0.014051522248243575,0.0009857072449481752,-0.029101856497742107,-0.10000000000000009,0.0
