Quarter end,Assets,Current Assets,Liabilities,Current Liabilities,Shareholders equity,Revenue,Earnings,Earnings available for common stockholders,EPS basic,EPS diluted,Cash from operating activities,Cash from investing activities,Cash from financing activities,Cash change during period,Cash at end of period,Price,ROE,ROA,Book value of equity per share,P/B ratio,P/E ratio,Cumulative dividends per share,Equity to assets ratio,Net margin,Asset turnover,Current ratio
1994-12-31,0.06541847512868082,0.07130562912435146,0.10840115756154667,0.1626151224462442,0.010441541414992761,0.18873782405446704,4.050228310502283,4.050228310502283,4.125,0.8999999999999999,0.8560496499410981,-0.21990917853274639,1.0128426278477818,-128.52878703186138,-0.010249916923535274,-0.06976744186046513,0.07358351729212664,-0.055718475073313734,0.005847953216374213,0.1800947867298579,-0.04312203536006898,inf,-0.051731996353691856,0.05974842767295585,0.03333333333333344,-0.07845413833139825
1995-03-31,0.06541847512868082,0.07130562912435146,0.10840115756154667,0.1626151224462442,0.010441541414992761,0.18873782405446704,4.050228310502283,4.050228310502283,4.125,0.8999999999999999,0.8560496499410981,-0.21990917853274639,1.0128426278477818,-128.52878703186138,-0.010249916923535274,-0.06976744186046513,0.07358351729212664,-0.055718475073313734,0.005847953216374213,0.1800947867298579,-0.04312203536006898,inf,-0.051731996353691856,0.05974842767295585,0.03333333333333344,-0.07845413833139825
1995-06-30,0.06142660698089464,0.6810927458559606,0.07043855972739776,0.13510068363090189,0.048782397494487206,0.18873782405446704,4.050228310502283,4.050228310502283,4.125,0.8999999999999999,0.8560496499410981,-0.21990917853274639,1.0128426278477818,-128.52878703186138,1.320696501861082,0.19166666666666665,0.07358351729212664,-0.055718475073313734,0.04651162790697683,0.1800947867298579,-0.04312203536006898,inf,-0.011776015380918103,0.05974842767295585,0.03333333333333344,0.48092152627789786
1995-09-30,0.017465892019691065,-0.005621385244745425,-0.007277331219644578,-0.061614956937576904,0.05289868652195717,0.036263639503931744,0.1338322952247002,0.1338322952247002,0.09756097560975618,0.8999999999999999,-0.7434362615587846,0.3620296537844241,-0.3259409831268387,-1.154026535290534,-0.08765571292448449,0.2331002331002332,0.07358351729212664,-0.055718475073313734,0.05555555555555558,0.18072289156626486,-0.04312203536006898,inf,0.034776264591439565,0.05974842767295585,0.03333333333333344,0.05967428293631505
1995-12-31,0.0024179039414236048,-0.1610052275806303,-0.02000182195238276,-0.05588428563697789,0.03268848696729276,-0.021442530801660142,-0.3597028811081412,-0.3597028811081412,-0.4444444444444444,0.8999999999999999,1.1826025744167339,-0.2681863879731594,-1.0031861947067306,0.3771378162260608,-0.1323118901347069,-0.14366729678638934,0.07358351729212664,-0.055718475073313734,0.026315789473684292,-0.19047619047619047,-0.04312203536006898,0.0,0.030082256169212673,0.05974842767295585,0.03333333333333344,-0.11136598233742401
1996-03-31,0.03475576160844107,0.06303472997193205,0.04058116670785927,0.11677456228986549,0.02729174577774529,0.032003601523968195,-0.2389123365391268,-0.2389123365391268,-0.12,0.8999999999999999,0.3059003492475971,-0.15429834762495043,3.97323600973236,-1.1511964293094186,0.023055617699605735,0.20309050772626924,0.07358351729212664,-0.055718475073313734,0.025641025641025772,0.17226890756302526,-0.04312203536006898,0.0,-0.00707278120009136,0.05974842767295585,0.03333333333333344,-0.048012390294269514
1996-06-30,0.060018858566980304,0.3212839987275331,0.06021064424475009,0.11199309015934289,0.05976994718578821,0.178347997292011,1.5853333333333333,1.5853333333333333,1.5454545454545459,0.8999999999999999,0.5677662915005468,0.521623827009384,-65.98140900195695,19.992893262265955,0.4730965874091413,0.06972477064220173,0.07882111034955464,-0.055718475073313734,0.06000000000000005,0.04659498207885293,-0.04312203536006898,0.0,-0.00022977941176471894,0.06528189910979232,0.021505376344086002,0.18817787418655096
1996-09-30,0.013440526029312005,0.1646234386121197,-0.006501285437507165,-0.04929862573635391,0.03933301199360839,-0.02066992710159643,-0.2866754184443715,-0.2866754184443715,-0.2857142857142857,0.8999999999999999,-0.6307747011378366,-0.19807043938965108,0.4697489873665508,-0.24647635168126036,0.2420000627241079,-0.1475128644939966,-0.06734434561626423,-0.055718475073313734,0.037735849056603765,-0.1986301369863014,-0.23388913925191535,0.0,0.025511376695012578,-0.06685236768802227,0.010526315789473717,0.22501141031492478
1996-12-31,0.02872318528863671,-0.029671014039594046,0.035262441605919514,0.06171332502906024,0.020607034787567535,-0.06691142489220314,-0.537234217358441,-0.537234217358441,-0.675,0.8999999999999999,1.0638523521022027,0.1280347733478635,-0.9964756806597853,-1.1053090846256857,-0.020519165698702047,-0.07444668008048294,-0.10081743869209814,-0.09782608695652173,0.0181818181818183,-0.10683760683760679,-0.04235294117647048,1.0,-0.007844016136261733,-0.09104477611940298,-0.01041666666666663,-0.08606557377049195
1997-03-31,0.0359250045454802,0.0960425571578849,0.03961416117353456,-0.0051972553056948145,0.03128048573328357,0.06642375165446279,0.8064126691048539,0.8064126691048539,1.6153846153846154,0.8999999999999999,-0.4476740065208147,-0.3640939505217339,134.04360465116278,-6.789728443678727,0.12128914944117031,-0.006521739130434634,0.046969696969696884,0.04991394148020656,0.03125,-0.023923444976076458,0.08476658476658461,0.0,-0.004517732098486604,0.05090311986863716,0.0,0.10171218915613545
1997-06-30,0.04633825437585637,-0.07765238720619305,0.03795681136270823,0.20231775642019056,0.056975466388057505,0.07868041190627828,0.8443998899241263,0.8443998899241263,0.8235294117647058,0.8999999999999999,1.3591235255745313,1.5604143288735433,-0.9850177591217307,-2.057488203369656,-0.11438784081224751,0.07002188183807423,0.0007235890014472002,0.006557377049180468,0.051948051948051965,0.03921568627450989,-0.019818799546998944,0.0,0.010211027910143056,0.0234375,-0.010526315789473717,-0.23283996299722476
1997-09-30,0.02627637430583829,-0.002926765015806132,-0.002088189848432065,-0.01840135623435235,0.06162719573356612,0.04216672309936764,-0.014078352800750316,-0.014078352800750316,-0.032258064516129115,0.8999999999999999,-0.42535493463400487,-0.4436053724580614,9.492097701149426,-0.6828804202176126,-0.04095994350830068,0.194274028629857,0.0882140274765002,0.09771986970684043,0.05349794238683114,0.13207547169811318,0.14615829000577718,0.0,0.034366576819407024,0.10381679389312981,-0.010638297872340274,0.01579645484143244
1997-12-31,0.025138856899774353,0.06530969195934366,0.0011447320843611664,-0.0335143496210899,0.05324805368423813,-0.02170789207423285,-0.129238685129336,-0.129238685129336,-0.4,0.8999999999999999,0.33868690294945925,-0.3249333494910325,-0.25135227661759674,-3.925082396687231,0.12492826437690163,0.14383561643835607,0.13953488372093026,0.15875370919881315,0.04296875,0.08749999999999991,0.008568548387096753,0.5,0.02736156351791541,0.15214384508990308,0.010752688172043001,0.10220797720797714
1998-03-31,0.02191415302296673,-0.10565762584075711,0.002876884882586861,0.020472923260791642,0.043113103018489696,-0.033764079898072286,-0.1309291788219229,-0.1309291788219229,-0.13888888888888884,0.8999999999999999,0.26849691227077743,1.1179934118998682,-9.751783427839765,-2.681401227880101,-0.18672705075696683,0.221556886227545,0.00641399416909616,0.02944942381562088,0.041198501872659055,0.1724137931034484,-0.0169915042478761,0.0,0.020925808497146425,0.04441776710684264,-0.02127659574468077,-0.12364028002154015
1998-06-30,0.052866062516895296,0.07754723992390589,0.0406587156764775,0.050919897911979595,0.06593520907525319,0.144473098796694,0.9053965261113015,0.9053965261113015,0.9354838709677418,0.8999999999999999,0.3618077846787042,-0.0005466750292407729,-1.0304414162103415,-1.517419133124275,0.11879916677844671,0.023284313725490113,0.05793742757821563,0.08333333333333326,0.06474820143884896,-0.019607843137254943,-0.027452974072191272,0.0,0.012215320910973215,0.0839080459770114,0.0,0.025439351112203523
1998-09-30,0.0038698877207237192,-0.15175772705046708,-0.008216124814170334,-0.0378077008966915,0.01650230615061532,0.014820534258523699,-0.02809742640168522,-0.02809742640168522,-0.35,-0.3508771929824561,-0.37272773788610125,-0.146987614641944,-34.53930655681428,-2.909323370693234,-0.20274061000788124,0.08023952095808373,0.05257393209200445,0.07118254879448904,0.013513513513513598,0.016666666666666607,-0.023523261892315683,0.3333333333333335,0.012681529965228089,0.07211028632025451,0.0,-0.11852828379674019
1998-12-31,0.028281695349267277,-0.1290164031413692,0.0010632160081809339,-0.05083189300709989,0.056038917113524045,-0.04308796799503123,-0.22569323923020557,-0.22569323923020557,-0.20512820512820518,-0.3783783783783784,0.05402745149221255,0.3625016776271641,-1.0676356192425793,-0.35930393341971845,-0.16292703855067847,-0.037694013303769425,0.002601456815816805,0.02036441586280824,0.06333333333333324,-0.052459016393442526,-0.12152034261241973,0.0,0.027065239345586578,0.029673590504451175,-0.010869565217391353,-0.08225696804894633
1999-03-31,0.05362069857565621,0.07883062935966767,0.060737818140718325,0.17446009124754758,0.0467405474248912,0.026645196514886615,-0.04520595706529862,-0.04520595706529862,-0.06451612903225812,0.17391304347826098,0.6027612822007709,0.054694568484954686,-0.16661622276029053,-1.3673394595034816,0.07149858260394026,0.45276497695852536,0.012973533990659147,0.024159663865546133,0.04075235109717856,0.3667820069204153,0.4649603900060937,0.0,-0.006686332350049118,0.026897214217098897,0.0,-0.0814814814814816
1999-06-30,0.06307730669602818,0.16079016363800736,0.06119307503884919,0.10881350231918474,0.0649231593013222,0.13468288007021378,0.6459252767431427,0.6459252767431427,0.06896551724137945,0.07407407407407396,0.1668555167840542,-0.032522068793757075,-1.1327401489013982,2.0322211136976684,0.20233298978731384,0.1403647898493261,0.006147540983606481,0.014358974358974264,0.06626506024096401,0.09620253164556969,0.07653910149750409,0.25,0.0017818253811126006,0.019644527595884087,0.0,0.04693548387096769
1999-09-30,0.006679295018414244,-0.3206316445344445,-0.0356427432388049,-0.09608681954450793,0.04799407397430944,0.01207277423076425,-0.1951038622691862,-0.1951038622691862,-0.19354838709677413,-0.1724137931034483,-0.6983883515501288,0.19291439930781507,-5.615595075239398,-3.692472672767819,-0.45309914177612354,-0.15020862308762173,-0.05651731160896134,-0.04145601617795758,0.04519774011299438,-0.20323325635103928,-0.18585780525502316,0.0,0.04110671936758892,-0.03669724770642202,-0.01098901098901095,-0.24849792019719608
1999-12-31,0.06291155970314288,0.2917883039834259,0.11921703588751109,-0.040806849310964344,0.012332748235514224,-0.024893819939991846,-0.26132085873143385,-0.26132085873143385,-0.24,-0.45833333333333326,1.005323333028446,-0.2045790361785219,57.767634854771785,-1.6885406907538911,0.5704456143508518,-0.07774140752864167,-0.05342687533729085,-0.05696202531645567,0.027027027027026973,-0.11594202898550732,-0.070716658756526,1.9999999999999996,-0.0476461655277145,-0.04571428571428571,-0.011111111111111072,0.3468634686346863
2000-03-31,0.05094024128675412,0.2764795841554346,0.11024650919194334,0.36010332484439855,-0.007958987061091993,0.03174064153807077,-0.2162565567828052,-0.2162565567828052,-0.21052631578947367,0.0769230769230771,0.8954625482343712,-0.2772605155373352,-1.5043977769036019,-0.18660890942674402,0.295454599719688,0.061224489795918435,-0.07297605473204105,-0.08836689038031309,-0.0052631578947368585,0.032786885245901676,0.09090909090909105,0.0,-0.05600956747059993,-0.07984031936127733,-0.011235955056179803,-0.061491628614916305
2000-06-30,0.053769229901584614,0.11636135648352197,0.039357621093668804,0.015940805292371962,0.06978733962316475,0.17545449351263875,1.593073239743171,1.593073239743171,1.5333333333333337,1.5714285714285712,-0.04714545257661251,0.5859965590949376,-1.0232569765930428,-0.23963569362059767,0.17341644533978662,0.15217391304347805,0.04120541205412054,0.02699386503067469,0.06349206349206349,0.15873015873015883,0.20973782771535587,0.06666666666666665,0.01520270270270263,0.022776572668112616,0.011363636363636465,0.09876743431722335
2000-09-30,0.03007193633152183,-0.04372602008474291,-0.003920761357576685,0.04275530325349597,0.06677919751989081,0.01243192359696721,-0.03317560407508058,-0.03317560407508058,-0.02631578947368418,-0.02777777777777779,-0.41512173809830466,-0.0023766477104631978,5.81384350816853,-1.5956275441337457,-0.08802638812534358,0.06748911465892604,0.07914943886591841,0.0669056152927121,0.05970149253731338,0.00273972602739736,-0.018575851393188847,0.0,0.035565723793677284,0.06786850477200423,0.0,-0.08295202952029523
2000-12-31,0.03441792886935513,-0.032953741952290616,-0.005833858746169818,-0.061779752872317406,0.07500342623624823,-0.007729062220641403,-0.16081020955192138,-0.16081020955192138,-0.16216216216216217,-0.3142857142857143,0.10171160123663614,0.10428782781470036,0.4115717079941952,0.028032547018307596,-0.09922873952821865,0.32834806254248794,0.05747126436781613,0.06718924972004459,0.07042253521126751,0.25409836065573765,0.17941640378548906,0.0625,0.03936533440449885,0.06057596822244293,0.0,0.030741992596169387
2001-03-31,0.059416256395462774,0.25600575320852004,0.06385298603092604,0.1463474745514297,0.055279139575582725,-0.026432393533069254,-0.2173527909427716,-0.2173527909427716,-0.4838709677419355,-0.375,0.6484213331661128,-0.24112228730340135,-1.2050330770606115,-3.8063631472063597,0.3091482710159752,0.004605936540429845,0.011904761904761862,0.03252885624344182,0.04824561403508776,-0.0631808278867102,-0.09695753928452022,0.0,-0.0038647342995169476,0.04400749063670406,-0.011235955056179803,0.09572142410993134
2001-06-30,0.057007271450453256,0.27283529328408074,0.06523758910924204,0.09466004578005816,0.04927039465627847,0.08761480508771768,0.4509727787186584,0.4509727787186584,0.4375,0.4666666666666668,0.15127033414329127,-0.18831980749268662,-2.281883584041857,0.7544763518737283,0.41431008444845596,-0.06826286296484974,-0.07928388746803072,-0.06605691056910579,0.04811715481171541,-0.1093023255813953,-0.13550536838208072,0.0588235294117645,-0.007371483996120087,-0.0385650224215246,-0.022727272727272707,0.16274761294000273
2001-09-30,0.07046352905702746,0.3182710267367852,0.10917209928754423,0.1831475190494165,0.033521965148209265,-0.14072732070395844,-0.14045765886820816,-0.14045765886820816,-0.13043478260869568,-0.13636363636363635,-0.28681472547715714,-0.001932830506750416,63.92142857142858,0.8368027525037984,0.5380757104632947,-0.13942044833242206,-0.09944444444444445,-0.10228509249183892,0.029940119760479167,-0.1801566579634465,-0.11691648822269807,0.0,-0.034590580418213945,-0.028917910447761264,-0.08139534883720922,0.11422968501041808
2001-12-31,0.12535638228546464,0.43809865640759926,0.23183197347220186,0.1615717012844189,0.016303428649554697,-0.07301039228536654,-0.5793367955274105,-0.5793367955274105,-0.6000000000000001,-0.7894736842105263,-0.3211096310882029,0.6067639321665357,1.3237665624066768,0.5170887679351457,0.5307337025670225,0.09656925031766206,-0.18260333127698947,-0.21333333333333337,0.013565891472868241,0.06369426751592355,0.16246362754607158,0.0,-0.09696356275303641,-0.11623439000960611,-0.11392405063291144,0.23803761962380365
2002-03-31,-0.003152445871416276,-0.029727178471394722,-0.025170938181304447,-0.22150827198288658,0.02418154418987495,0.015833270714509018,-0.6632548618219039,-0.6632548618219039,-0.625,-0.25,-0.6052301576468982,-0.6705009545443561,-1.168882951739998,-1.2104292383012638,-0.07295971114028443,0.134994206257242,-0.21886792452830195,-0.24191063174114025,0.019120458891013214,0.1227544910179641,0.36211931581143086,0.05555555555555558,0.027572293207800858,-0.16956521739130437,-0.08571428571428563,0.2463793869391382
2002-06-30,0.008835428862215222,0.011331533963112816,-0.0068378616119411095,-0.032152603249106404,0.027354839400173026,0.17145054695074857,3.783633387888707,3.783633387888707,3.333333333333334,3.333333333333334,2.1711127678195195,0.32128712871287135,-0.03172664223588384,-1.0259231203934158,0.002040195446181503,-0.1271056661562021,-0.19806763285024143,-0.21544715447154472,0.024390243902439046,-0.14400000000000002,0.09127105666156221,0.0,0.018324607329842868,-0.16492146596858637,-0.046875,0.04491017964071853
2002-09-30,-0.010360276573186611,-0.04544302103227282,-0.03999321786991783,-0.14655520380952602,0.02348837881057242,-0.05540949946971685,-0.2679524526383702,-0.2679524526383702,-0.23076923076923073,-0.3076923076923077,-0.9308304031400769,-0.17243939330863267,-0.4841235919425333,-41.30705009276438,-0.0820668276801545,-0.21111111111111114,-0.24216867469879522,-0.24611398963730569,0.0219780219780219,-0.23052959501557624,-0.029188885770418116,0.05263157894736836,0.03427592116538136,-0.23354231974921624,-0.016393442622950838,0.11850184199754388
2002-12-31,-5.930124372910406e-05,-0.05450583488800442,-0.0214541817787679,-0.00420312803844769,0.022863511770079503,0.006719422422945431,-0.4338269659620495,-0.4338269659620495,-0.5,-0.5555555555555556,4.6085414511600415,0.933220427087438,-0.8402154158648707,-0.2596315389749373,-0.0661918457061641,0.03484062268346921,-0.10333863275039745,-0.07903780068728516,0.01971326164874565,0.012145748987854255,0.39173171436831433,0.0,0.022783761391880653,-0.10838445807770958,0.016666666666666607,-0.05056419640134191
2003-03-31,0.016780678486667533,0.01973153640746239,0.024903726346954036,0.07962740300789206,0.008454599301567667,-0.035371382017923114,-0.43394891388947854,-0.43394891388947854,-0.4,-0.25,1.3450056649013251,-0.16298394056752286,-1.0,-1.5750744099658842,0.040569542435847206,-0.03080229226361042,-0.00886524822695034,0.00746268656716409,0.005272407732864526,-0.04800000000000004,-0.030743664312422148,0.0,-0.008100445524503841,-0.004587155963302725,0.016393442622950838,-0.05544134652447641
2003-06-30,0.05865553602811957,0.1340070298769771,0.055113024757804,0.07105943152454786,0.062345817447858165,0.12139156180606947,9.25,9.25,9.666666666666668,9.0,1.3895131086142323,0.6839378238341969,inf,3.256756756756757,0.16675489677077815,0.17442719881744284,0.5438282647584973,0.5666666666666667,0.05769230769230771,0.16806722689075637,0.17423917702528935,0.0,0.0034708044099631685,0.5783410138248848,0.0,0.05876351764945942
2003-09-30,0.006329113924050667,-0.06044168926772564,-0.014282799428688042,-0.05186972255729794,0.027654633734431,0.02508250825082503,-0.5691056910569106,-0.5691056910569106,-0.5625,-0.5666666666666667,-0.7789968652037618,0.036923076923076836,12.0,-1.5396825396825395,-0.07713248638838477,0.0962869729389555,0.04866743916570093,0.05910165484633567,0.02148760330578514,0.03597122302158273,-0.3088154772768754,0.04999999999999982,0.02115971515768056,0.04963503649635026,0.0,-0.00905762189246484
2003-12-31,0.018455510877410042,-0.04618556701030929,-0.0010349824052990897,0.09605597964376589,0.03779786359901394,-0.022537025112685072,-0.37735849056603776,-0.37735849056603776,-0.5,-0.5384615384615385,1.0567375886524824,0.13649851632047483,-3.923076923076923,-0.00588235294117645,-0.08308751229105216,0.004592422502870175,0.022099447513812098,0.029017857142857206,0.035598705501618255,-0.01736111111111105,-0.07578558225508314,0.0,0.01892807332137858,0.03477051460361591,0.0,-0.12978088940749377
2004-03-31,0.03978538165620571,0.03761348897535677,0.08702859510982175,0.26581543818920483,-0.005344418052256494,-0.022397891963109373,-0.6060606060606061,-0.6060606060606061,-0.5714285714285715,-0.5,0.4379310344827587,-0.06005221932114879,0.2894736842105263,-0.757396449704142,-0.021983914209115274,-0.1577142857142857,-0.024864864864864833,-0.02386117136659449,-0.006249999999999978,-0.187279151943463,-0.18999999999999995,0.0,-0.04341024638247937,-0.017473118279569877,-0.016129032258064502,-0.1802741358760429
2004-06-30,0.05276993476779279,0.029583333333333295,0.05966450629050701,0.058688674919761485,0.045572139303482695,0.15633423180592998,3.346153846153846,3.346153846153846,3.666666666666667,3.666666666666667,0.031175059952038398,0.4194444444444445,-1.2551020408163265,0.36585365853658547,-0.030701754385964897,0.03867028493894176,-0.31707317073170727,-0.31999999999999995,0.045597484276729494,0.04782608695652191,0.0384479717813051,0.04761904761904767,-0.006745707277187263,-0.32147742818057456,0.016393442622950838,-0.027444565612504523
2004-09-30,0.08489780819384074,0.1622824767300688,0.1201654973916173,0.041576440017323524,0.04758279406166732,-0.02447552447552448,0.053097345132743445,0.053097345132743445,0.0714285714285714,0.0714285714285714,-0.16279069767441856,-0.02935420743639927,8.76,-2.928571428571429,0.06108597285067874,-0.01894186806009146,0.009740259740259605,-0.006535947712418277,0.06165413533834574,-0.06224066390041505,0.41711956521739113,0.0,-0.0343692117719695,0.022177419354838745,-0.032258064516129115,0.11586619323490921
2004-12-31,-0.033586224533287856,-0.2437325905292479,-0.06648466356190785,-0.1093555093555093,0.00363372093023262,-0.010752688172043001,-0.5378151260504201,-0.5378151260504201,-0.4666666666666667,-0.6666666666666666,-1.1388888888888888,-0.02620967741935487,-1.1557377049180328,-6.287037037037037,-0.30437100213219614,0.0046604527296938425,-0.054662379421221874,-0.06578947368421051,-0.0014164305949008194,-0.05309734513274322,-0.048178331735378666,0.0,0.03857630008525148,-0.05522682445759375,-0.01666666666666672,-0.15089599732038184
2005-03-31,0.16909235247419963,0.48941068139963173,0.2281094099432306,0.34453781512605053,0.10698769007965248,0.004227053140096526,0.38181818181818183,0.38181818181818183,0.25,0.7999999999999998,-18.72,-0.6438923395445135,-4.842105263157895,-2.5061295971978987,0.4620689655172414,-0.004638833664678654,0.1020408163265305,0.08450704225352101,0.10496453900709213,-0.004672897196261738,0.02216066481994461,0.045454545454545414,-0.05315001026061983,0.12943632567849694,-0.03389830508474578,0.10779092702169613
2005-06-30,0.03961068356722497,0.07635239567233376,0.045244431993276324,0.09097222222222223,0.03303352412101379,0.16897173782321095,1.0921052631578947,1.0921052631578947,1.0,1.2222222222222223,-0.24604966139954854,0.7209302325581395,-1.0753424657534247,-0.5802325581395349,0.18920335429769386,-0.03262316910785623,0.07561728395061729,0.06168831168831157,0.029525032092426073,-0.12206572769953039,-0.167528948016753,0.0,-0.006285218899002909,0.09057301293900166,-0.0350877192982455,-0.01344253538680662
2005-09-30,0.07017925829160321,0.1800689259046524,0.07089252211203423,0.10057288351368565,0.06933671046382783,0.02314814814814814,0.4276729559748427,0.4276729559748427,0.44999999999999973,0.40000000000000013,-0.09880239520958078,0.5506756756756757,-2.4545454545454546,-0.5595567867036011,0.07007492287351247,-0.03991741225051615,0.2008608321377332,0.18960244648318025,0.06234413965087282,-0.06951871657754016,-0.15744303048239128,0.04347826086956519,-0.0008724100327154316,0.2084745762711866,0.0,0.07227937195452072
2005-12-31,-0.03580632035806319,-0.11900705767826725,-0.05606307095482421,0.11278195488721798,-0.011843079200592133,-0.0005027652086475598,-0.6211453744493391,-0.6211453744493391,-0.6206896551724137,-0.7142857142857143,-0.8787375415282392,-0.383442265795207,2.875,-1.930817610062893,-0.060955518945634224,0.1283154121863801,0.0131421744324971,0.005141388174807249,-0.025821596244131273,0.06321839080459779,-0.10818405338953274,0.0,0.024885396201702603,0.014025245441795287,-0.018181818181818188,-0.20836489102078593
2006-03-31,0.03551835701223793,0.13038674033149178,0.05501789738830709,0.15618503118503124,0.01348314606741563,0.015593561368209219,-0.2906976744186046,-0.2906976744186046,-0.2727272727272727,-0.12499999999999989,9.287671232876713,0.09187279151943462,-2.967741935483871,-3.1621621621621623,0.14035087719298245,0.06734434561626435,-0.05188679245283023,-0.051150895140664954,0.015662650602409567,0.09189189189189184,0.018117369042930376,0.0,-0.021299254526091493,-0.07192254495159056,0.0185185185185186,-0.02221749760816416
2006-06-30,0.04217890375602806,0.06500488758553269,0.05441065594370453,0.05304562823106318,0.027790096082779048,0.21297672114908361,4.459016393442623,4.459016393442623,4.25,4.714285714285714,0.1078561917443408,0.5533980582524272,1.9508196721311477,-1.025,-0.003076923076923088,-0.008928571428571508,0.29601990049751237,0.2911051212938005,0.04982206405693956,-0.01980198019801982,0.022437137330754364,0.0,-0.01392818280739938,0.247391952309985,0.036363636363636154,0.011306805827353772
2006-09-30,-0.08192127215849843,-0.2425424506654429,-0.11059468478131329,-0.15816435432230525,-0.047317704587947595,-0.04369130257247855,-0.8558558558558559,-0.8558558558558559,-0.8571428571428572,-0.85,-1.3834134615384617,-0.29374999999999996,-1.0361111111111112,79.625,-0.24884259259259256,0.016816816816816793,-0.24952015355086365,-0.24425887265135693,-0.05423728813559325,-0.03535353535353536,-0.22814982973893305,0.04166666666666674,0.03774001324210996,-0.2831541218637993,0.05263157894736836,-0.10019350677273697
2006-12-31,-0.04450912188542633,-0.21205695243865497,-0.060565456250837424,-0.26800202839756593,-0.026419082125603843,-0.02818104184457726,0.1875,0.1875,0.16666666666666674,0.0,-1.4451410658307209,0.08259587020648973,-26.53846153846154,-0.13643410852713178,-0.28608115048793015,-0.06556408741878317,-0.04731457800511518,-0.04419889502762442,-0.02270011947431294,-0.010471204188481686,0.27107843137254917,0.0,0.018928115695448833,-0.08499999999999996,0.050000000000000044,0.07634408602150522
2007-03-31,0.05780089153046064,0.1530180699730872,0.09599201255170442,0.22064426740561127,0.016281594045588488,-0.03427065026362042,0.631578947368421,0.631578947368421,0.714285714285714,1.0,3.345070422535211,-0.2615803814713896,-0.6445783132530121,-1.4093357271095153,0.16402877697841722,-0.017699115044247815,0.0724832214765101,0.07514450867052025,0.025672371638141955,0.005291005291005346,0.01581180100269952,0.0,-0.03924024212064292,0.04371584699453557,0.031746031746031855,-0.055389055389055475
2007-06-30,0.04319426885798561,0.10236745581860629,0.0965642894325871,0.15919409761634506,-0.01937747940189194,0.17515923566878988,1.989247311827957,1.989247311827957,2.0,2.0,0.5883306320907618,0.966789667896679,2.8983050847457625,-1.0570175438596492,-0.00803461063040789,-0.03732303732303721,-0.08510638297872342,-0.09677419354838712,0.02502979737783062,-0.06315789473684208,-0.11237661351556572,0.040000000000000036,-0.059960895068433606,-0.1169284467713787,0.01538461538461533,-0.04900117508813151
2007-09-30,-0.022150407325119525,-0.13188142770719902,-0.020294327082838848,-0.06340269277845778,-0.024583787147969494,0.0019357336430507743,-0.41726618705035967,-0.41726618705035967,-0.38888888888888884,-0.38888888888888884,-0.8428571428571429,-0.40712945590994376,-0.14565217391304353,41.69230769230769,-0.3457943925233645,0.04211229946524053,0.2558139534883721,0.22916666666666674,-0.006976744186046546,0.016853932584269593,0.11120615911035081,0.0,-0.0025421770279638878,0.20948616600790504,0.030303030303030276,-0.07314963548745834
2007-12-31,0.15477829798953446,0.5480836236933797,0.19091459721380977,0.2645060115002613,0.10719412984527033,-0.037094281298299836,-0.308641975308642,-0.308641975308642,-0.31818181818181823,-0.40909090909090906,6.103896103896104,0.29430379746835444,-2.216284987277354,-3.0954954954954954,1.1076190476190475,-0.12828736369467608,0.07298474945533773,0.03389830508474567,0.10421545667447307,-0.12154696132596687,-0.31177829099307164,0.0,-0.041241890639480916,0.06862745098039214,-0.044117647058823595,0.22437008398880143
2008-03-31,0.07506558549964226,0.13661940130542427,0.1032448377581121,0.19491525423728806,0.03515343610430777,0.015248796147672605,-0.6964285714285714,-0.6964285714285714,-0.6666666666666666,-0.6153846153846154,-0.11882998171846437,-0.6919315403422983,-1.1443514644351465,-0.3387790197764402,0.3474920921825577,-0.11258278145695355,-0.1126903553299492,-0.14519906323185017,0.04135737009544016,-0.19496855345911956,-0.18736017897091717,0.03846153846153855,-0.036974383760270624,-0.12079510703363905,-0.015384615384615441,-0.04878048780487798
2008-06-30,0.2901114746824913,0.7681188118811881,0.3398487921814495,0.44853831517038567,0.21503131524008356,0.13399209486165997,8.441176470588236,8.441176470588236,7.799999999999999,7.799999999999999,1.4232365145228214,9.031746031746032,-9.681159420289855,1.1729518855656695,0.5603621730382293,0.10447761194029859,-0.011441647597253968,-0.04931506849315059,0.21079429735234223,0.0625,0.20646937370956664,0.0,-0.05821831869510663,0.04347826086956519,-0.09375000000000011,0.22058150183150182
2008-09-30,-0.21868283036712233,-0.4063164968081532,-0.2354115056427195,-0.3326964413661333,-0.19083619702176402,0.007668177065179416,-1.3738317757009346,-1.3738317757009346,-1.3636363636363638,-1.3636363636363638,-1.9743150684931505,-0.9636075949367089,-0.9015025041736227,-2.3542788749251944,-0.48635289060820974,0.10510510510510507,-0.462962962962963,-0.4755043227665706,-0.19680403700588733,-0.08823529411764708,-0.0005704506560183509,0.03703703703703698,0.03570476951771906,-0.4633333333333334,-0.017241379310344862,-0.11038169370721185
2008-12-31,-0.21276478679504818,-0.4542539143557819,-0.15804158041580418,-0.49785254115962774,-0.29883918459796155,-0.05465236942234519,-0.525,-0.525,-0.4375,-0.4375,0.11818980667838308,-10.956521739130435,17.050847457627118,-0.5483870967741935,-0.4276150627615063,-0.25203804347826086,-0.45043103448275856,-0.46703296703296704,-0.2994764397905759,-0.07258064516129037,0.3658675799086759,0.0,-0.10933882171340359,-0.5,0.05263157894736836,0.086864853468269
2009-03-31,-0.00901593514117971,0.03560318008987218,-0.01111704970603955,0.11297220242337858,-0.00504744599232787,-0.13757775338455913,0.5964912280701755,0.5964912280701755,0.33333333333333326,0.33333333333333326,-1.11237721021611,-2.393013100436681,-0.8788732394366197,-0.7818003913894325,-0.16301169590643272,-0.32334241598546776,-0.6745098039215687,-0.6907216494845361,-0.005979073243647215,-0.03478260869565197,0.2971165900543251,0.0,0.004043905257076874,-0.6956521739130435,0.03333333333333344,-0.06954413191076614
2009-06-30,-0.01072007899005567,0.032710280373831724,-0.04021186898713658,-0.01761127121357664,0.044642857142857206,0.10988544760288499,-2.0,-2.0,-2.0,-2.0,-0.5279720279720279,-0.40909090909090906,-0.6666666666666667,-0.1076233183856502,-0.1737991266375546,-0.07651006711409403,-4.855421686746988,-4.9,0.043609022556390986,-0.07207207207207211,2.166559278350516,0.03571428571428559,0.05581127733026481,0.0,0.12903225806451601,0.051287397060356454
2009-09-30,0.005204248948456502,0.010665804783451804,0.0004505011825655103,-0.014341590612777066,0.013403263403263477,0.01911314984709489,-1.1758241758241759,-1.1758241758241759,-1.1666666666666667,-1.1666666666666667,-0.4666666666666667,-0.2122015915119363,3.2093023255813957,-0.778894472361809,-0.046511627906976716,0.20639534883720945,-0.55,-0.5555555555555556,0.012968299711815456,0.16504854368932032,0.0,0.0,0.008174386920980714,0.0,0.04285714285714293,0.02538423401090739
2009-12-31,0.011985815602836958,0.07387272145826662,-0.00900596645277496,-0.11507936507936511,0.04772857964347321,0.016879219804951218,-8.1875,-8.1875,-8.5,-8.5,5.833333333333333,-0.13468013468013473,-1.12707182320442,-5.818181818181818,0.2350332594235034,0.197590361445783,-2.326388888888889,-2.3461538461538463,0.045519203413940224,0.17500000000000004,0.0,0.0,0.03540540540540538,0.9591836734693877,0.0,0.21351900203075136
2010-03-31,0.018291400939098645,0.07832042882668255,0.021697148699306945,0.0904334828101645,0.01280643980973295,-0.02987827369974183,-0.9043478260869565,-0.9043478260869565,-0.9333333333333333,-0.9333333333333333,-0.24186991869918695,0.2529182879377432,1.391304347826087,-1.0188679245283019,-0.0035906642728904536,0.2233400402414487,0.968586387434555,1.0142857142857142,0.01224489795918382,0.17021276595744683,-0.04832638111710241,0.0,-0.0054815974941268,0.9687500000000002,0.027397260273972712,-0.011156267431667866
2010-06-30,0.03145216792842387,0.09665838166252416,0.049477429397376094,0.14393420150788216,0.0021676300578035157,0.2045627376425856,9.181818181818182,9.181818181818182,14.0,14.0,0.44772117962466496,0.8944099378881987,-0.07272727272727275,29.25,-0.109009009009009,0.02960526315789469,0.08510638297872353,0.0851063829787233,0.0,0.0181818181818183,-0.48524695317511235,0.034482758620689724,-0.02834645669291347,0.05291005291005302,0.026666666666666616,-0.041340962204851284
2010-09-30,0.010409021151664755,0.017879627297909817,-0.02606208284775935,-0.04523666866387055,0.07245854361932236,0.007575757575757569,0.8303571428571428,0.8303571428571428,0.8000000000000003,0.8000000000000003,-0.2870370370370371,-0.48852459016393446,-0.3921568627450981,-1.3471074380165289,0.04246713852376138,-0.018370607028754038,0.9313725490196076,0.9673202614379084,0.06989247311827951,-0.017857142857142905,-0.11983385254413281,0.0,0.06131820637493268,0.9045226130653268,0.025974025974025983,0.06615669132481505
2010-12-31,0.02113187611437617,0.05863433943592278,0.003589687805939379,0.03702541575149043,0.048235294117647154,-0.024436090225563922,-0.36097560975609755,-0.36097560975609755,-0.2962962962962963,-0.33333333333333337,-0.3168831168831169,-0.9326923076923077,-0.6129032258064516,4.476190476190476,0.22308438409311337,0.08380797396257123,0.0012690355329949554,0.013289036544850585,0.047738693467336724,0.0121212121212122,-0.4579990561585654,0.0,0.026469839653855853,0.0,0.025316455696202445,0.020815264527320076
2011-03-31,0.06150164909784639,0.24538443561579815,0.06514199002818133,0.31860816944024206,0.05611672278338942,-0.0035324341682723137,-0.9618320610687023,-0.9618320610687023,-0.9473684210526316,-0.9444444444444444,2.6692015209125475,10.0,-4.666666666666666,2.382608695652174,0.6169706582077716,-0.06156156156156156,-0.055766793409378956,-0.042622950819672156,0.05635491606714638,-0.10179640718562866,-0.1079669133652591,0.03333333333333344,-0.004959087527894868,-0.05013192612137218,0.0,-0.05553410056383712
2011-06-30,0.15419763616425008,-0.999998982735973,0.19497303347918993,-0.9999987797154658,0.09336572035828139,0.3329036416371254,31.200000000000003,31.200000000000003,20.0,20.0,-0.9999997544041451,-0.9999974502164503,-1.000002090909091,-1.0000005706940873,-0.9999992177538009,-0.05840000000000001,0.037583892617449655,0.041095890410958846,0.017026106696935273,-0.10666666666666658,-0.058077110785749064,0.0,-0.05257911786693248,0.03055555555555567,0.012345679012345512,-0.16633954857703637
2011-09-30,-0.055951438374241214,-0.15255487917358423,-0.029208890402793175,0.00037608123354648804,-0.09955567897806161,0.04231141199226296,-1.8695652173913042,-1.8695652173913042,-1.8571428571428572,-1.8571428571428572,-1.9198312236286919,-0.767402376910017,1.4347826086956523,0.30405405405405395,-0.36300940438871476,-0.1741716227697535,-0.6934023285899094,-0.700657894736842,-0.07031250000000011,-0.19402985074626866,-0.2481865284974094,0.032258064516129004,-0.04629142556549182,-0.7115902964959568,0.03658536585365857,-0.15293309790072596
2011-12-31,0.010232038020687728,945797.8680888115,-0.018333333333333313,852066.6691729323,0.06044718581341568,-0.047088842495940586,-2.0857142857142854,-2.0857142857142854,-2.0555555555555554,-2.0555555555555554,-1926606.4174311927,5985395.160583941,3616069.0178571427,2089807.2504317788,815943.8818897638,-0.15534979423868311,0.10548523206751059,0.09890109890109877,0.06842737094837936,-0.08333333333333337,1.5720192970365265,0.0,0.049641478212906875,0.06542056074766367,0.03529411764705892,0.1100173711638679
2012-03-31,0.041952623422625734,0.17836593785960875,0.048074345456170064,0.11339069049194794,0.0319906936164025,-0.02848101265822789,-0.35526315789473684,-0.35526315789473684,-0.3157894736842105,-0.3157894736842105,1.916666798611117,-0.9853658407019517,-0.4024689026915719,-1.6024798482123015,0.8793727382388419,0.10109622411693042,0.49618320610687006,0.47,0.038202247191011285,0.030303030303030276,0.05305466237942125,0.0,-0.009458749343142392,0.4385964912280702,0.022727272727272707,0.058424621804903376
2012-06-30,-0.01646658876022522,-0.08378906249999996,-0.0045187142978940775,0.006538537745195194,-0.03621248414823164,0.1566023552994238,1.3265306122448979,1.3265306122448979,1.3076923076923075,1.3076923076923075,-0.8816326530612245,28.583333333333332,-0.4524793388429752,-1.6515775034293552,-0.30487804878048785,-0.049778761061946786,0.26275510204081653,0.2517006802721089,-0.0032467532467531646,-0.08823529411764708,-0.3755725190839695,0.03125,-0.020159151193633984,0.21341463414634143,0.03333333333333344,-0.08979793001478553
2012-09-30,0.016040181464679115,-0.008313792368364936,0.011562178828365965,-0.02185039370078745,0.023684210526315752,-0.0665077989601387,-0.9298245614035088,-0.9298245614035088,-0.9333333333333333,-0.9333333333333333,2.2,-0.21971830985915497,-0.6150943396226415,-1.1789473684210527,0.07848568790397037,0.06286379511059392,0.43434343434343425,0.44565217391304346,0.030401737242128135,0.06451612903225801,-0.154441727791361,0.030303030303030276,0.007579859231185537,0.4572864321608041,-0.010752688172043001,0.013861815031405822
2012-12-31,-0.01153457715409556,-0.09135855546001714,-0.017526035052070066,-0.06419802777218753,-0.00142816338189089,-0.031793919702947315,3.9375,3.9375,4.5,4.5,-0.5043103448275862,-0.31768953068592054,-0.05882352941176472,-1.6470588235294117,-0.047089041095890405,0.0558598028477546,-0.1507042253521126,-0.15413533834586468,0.011591148577449806,0.030303030303030276,-0.2742168674698795,0.9411764705882353,0.010209564750134348,-0.15172413793103456,-0.010869565217391353,-0.02905362102114928
2013-03-31,0.0323187782318779,0.06789685356044473,0.05446397793864177,0.16365591397849455,-0.004433638443935961,-0.021093000958772756,-0.25316455696202533,-0.25316455696202533,-0.2727272727272727,-0.2727272727272727,3.2739130434782613,1.4973544973544972,1.9791666666666665,-5.090909090909091,0.202156334231806,0.24170124481327804,-0.08789386401326693,-0.09777777777777785,0.004166666666666874,0.22549019607843146,0.41965471447543146,0.015151515151515138,-0.03563829787234052,-0.09756097560975607,0.0,-0.08228822882288223
2013-06-30,0.00963692243579728,0.07753655294638895,0.029830009807126467,0.06800961005359452,-0.02585835368481537,0.13687561214495592,2.7966101694915255,2.7966101694915255,2.875,2.875,-0.20854526958290942,-0.364406779661017,0.14335664335664333,-0.3288888888888889,0.11285500747384147,0.1278195488721805,-0.00909090909090915,-0.01970443349753681,-0.004149377593361092,0.11999999999999988,0.2380729653882132,0.05970149253731338,-0.0350248207391064,-0.009009009009009139,0.0,0.008990649724286648
2013-09-30,-0.0009286967289237058,-0.018708881578947345,-0.0198396952622808,-0.04031839418584526,0.034213242884530315,-0.021107042860219694,0.15625,0.15625,0.19354838709677424,0.19354838709677424,-0.4498714652956298,0.19666666666666677,-0.3119266055045872,-2.033112582781457,-0.10476830087306921,0.014814814814814836,0.6422018348623852,0.6331658291457287,0.04895833333333344,0.021428571428571352,-0.004533434076312681,0.05633802816901423,0.03515290082880829,0.6181818181818182,0.0,0.022454556255197877
2013-12-31,-0.0009812022309440005,-0.06641525246176405,-0.027690065581734258,0.02344031734583485,0.046057322116070054,-0.025962596259625936,-0.18146718146718144,-0.18146718146718144,-0.16216216216216217,-0.21621621621621623,-0.3271028037383178,-0.29526462395543174,-0.9422222222222222,-1.141025641025641,0.01650412603150797,0.22189781021897814,0.19999999999999996,0.19999999999999996,0.037735849056603765,0.16083916083916083,-0.26982922201138526,0.053333333333333455,0.04693539480949749,0.196629213483146,0.01098901098901095,-0.08772949105275385
2014-03-31,0.0326182476092014,0.08034111310592462,0.06470147389457903,0.13477801268498935,-0.019901853871319486,-0.058956403885249586,-0.28301886792452835,-0.28301886792452835,-0.29032258064516125,-0.2413793103448275,2.8854166666666665,0.41501976284584985,27.846153846153847,16.545454545454547,0.284870848708487,0.2831541218637994,0.11359404096834269,0.11282051282051286,-0.00574162679425827,0.24096385542168686,0.0634095634095635,0.05063291139240489,-0.050896624472573815,0.11737089201877948,-0.010869565217391353,-0.04801936059100764
2014-06-30,0.04580496595915107,0.10448691316992109,0.04606600969810737,0.09097966154323855,0.04534075104311541,0.20283245319251075,2.0592105263157894,2.0592105263157894,2.0454545454545454,2.0454545454545454,0.19571045576407498,1.393854748603352,-0.09333333333333338,-0.6347150259067358,0.0809879379666858,0.16480446927374293,0.2525083612040133,0.26036866359447,0.05582290664100098,0.16990291262135937,0.027859237536656867,0.07228915662650603,-0.00027785495971099916,0.2584033613445378,0.0,0.012443136205512628
2014-09-30,-0.016849360968838267,-0.062441226255407156,-0.019813084112149548,-0.08268108723495093,-0.011575306013837161,-0.04210736379964075,-0.2924731182795699,-0.2924731182795699,-0.28358208955223885,-0.28358208955223885,-0.820627802690583,-0.9486581096849475,-0.27647058823529413,-1.3546099290780143,-0.026567481402762994,0.22621902478017586,0.04939919893190936,0.04936014625228524,-0.001823154056517895,0.1618257261410787,-0.058963385639562604,0.0674157303370786,0.0052807115063924215,0.05008347245409017,0.0,0.02193735958768328
2014-12-31,-0.01650518525731537,-0.1165496489468405,0.024027459954233388,-0.08113558796152653,-0.08803338268946026,-0.035833333333333384,-0.42249240121580545,-0.42249240121580545,-0.41666666666666663,-0.4374999999999999,-0.14583333333333337,9.636363636363637,0.16666666666666674,10.0,-0.30021834061135366,0.16688396349413281,0.0,-0.029616724738675937,-0.08493150684931505,0.16785714285714293,0.08994441637190498,0.06315789473684208,-0.07271219242466143,-0.02861685214626386,0.0,-0.03853614379930159
2015-03-31,0.047673267326732605,0.12693006357856484,0.06227188081936674,0.16545669424278242,0.01874538745387455,-0.04624027657735519,1.3842105263157896,1.3842105263157896,1.3928571428571428,1.4444444444444442,6.082926829268293,-0.35470085470085466,0.4181184668989546,-2.3509090909090906,0.5795631825273011,0.19329608938547493,0.27735368956743,0.2459605026929983,0.03093812375249505,0.3027522935779816,0.20769587389893363,0.05940594059405946,-0.027728085867620655,0.2471358428805237,0.0,-0.03295225285810355
2015-06-30,-0.004158200633180509,-0.07394720934918397,-0.024121730593927526,-0.003911342894393766,0.03709069834830481,0.15790666062528325,0.3421633554083885,0.3421633554083885,0.3582089552238805,0.36363636363636354,-0.5681818181818181,0.3476821192052981,0.16216216216216206,-1.3405114401076716,-0.12493827160493831,-0.0962078651685393,0.11354581673306763,0.09798270893371752,0.05130687318489824,-0.12206572769953039,-0.28752399232245685,0.0747663551401867,0.041398344066237325,0.09448818897637801,0.0,-0.0703755215577192
2015-09-30,0.003985765124555174,-0.005004351610095714,0.019688151182007507,0.03025014543339144,-0.026543727298127928,0.04050088045392286,-0.03947368421052633,-0.03947368421052633,-0.02197802197802201,-0.022222222222222254,0.33333333333333326,-0.36363636363636365,0.2875264270613107,-0.8735177865612649,-0.018058690744920947,-0.06475006475006473,0.1806797853309483,0.15223097112860895,-0.013812154696132506,-0.10962566844919786,-0.15786637931034475,0.0608695652173914,-0.030329799764428844,0.12949640287769792,0.0219780219780219,-0.0342609216038301
2015-12-31,0.007230965546575874,-0.1200524819593265,-0.016700725812134443,0.045454545454545414,0.05597014925373145,-0.064121850319669,-0.0821917808219178,-0.0821917808219178,-0.0674157303370787,-0.05681818181818188,-0.6136363636363636,2.6486486486486487,-1.7635467980295565,3.90625,-0.09022988505747132,0.22320686790362787,0.16401515151515156,0.1731207289293848,0.07656395891690004,0.23723723723723733,0.04286628278950744,0.05737704918032782,0.048587913756453105,0.16772823779193202,0.010752688172043001,-0.15832687838884585
2016-03-31,0.04359046546546552,0.13667992047713717,0.05668625483732259,0.11436672967863903,0.01875509649361229,-0.030339561985131658,-0.04664179104477617,-0.04664179104477617,-0.036144578313252906,-0.04819277108433728,4.003095975232198,-0.8148148148148149,-2.367741935483871,-6.127388535031847,0.5085281111813014,-0.10187910346388951,0.0055320533680442985,0.01359223300970891,0.018213356461405095,-0.16504854368932043,-0.25582822085889567,0.0620155038759691,-0.024037069215175122,0.006363636363636349,0.0,0.020062580526412743
2016-06-30,0.009262173463423506,-0.022955837341495422,-0.008070532383858908,-0.05089058524173029,0.04335645677694777,0.11562370493162044,0.6046966731898238,0.6046966731898238,0.625,0.620253164556962,-0.31188118811881194,2.8514285714285714,0.23584905660377364,-1.4322981366459628,-0.14572864321608037,0.06478447189311831,0.07022653721682848,0.0775862068965516,0.07410562180579205,0.04651162790697683,0.023907666941467287,0.07299270072992692,0.033827893175074175,0.079494128274616,0.0,0.02941176470588225
2016-09-30,0.026640531028645276,0.08279257104497662,0.025434158348147218,-0.0021703051193667777,0.02889656054213008,-0.04550520059435359,-0.526829268292683,-0.526829268292683,-0.5153846153846153,-0.515625,-0.2302158273381295,-0.13353115727002962,-0.5597964376590331,-0.7873563218390804,-0.03627450980392155,-0.048058712121212155,-0.112186271545207,-0.09955555555555562,0.03647898493259327,-0.11388888888888893,-0.14331723027375198,0.06802721088435382,0.0022962112514350874,-0.07196652719665264,-0.031914893617021156,0.08518843120070119
2016-12-31,0.010457799956606673,-0.0704691051870221,-0.010201360181357533,-0.12436028659160692,0.04896234621598117,-0.012259194395796813,0.3530927835051547,0.3530927835051547,0.33333333333333326,0.37096774193548376,-0.17172897196261683,0.4366438356164384,-0.5491329479768786,2.864864864864865,-0.14547304170905395,0.09699079830887825,-0.038828337874659447,-0.026653504442250786,0.04973221117061977,0.056426332288401326,0.17763157894736836,0.06369426751592355,0.038087056128293106,-0.00901713255184855,-0.01098901098901095,0.061540946535293184
2017-03-31,0.02048441123421796,0.035571365051133785,0.048097002357696095,0.0897136177673874,-0.02807724203293449,-0.038022064617809326,-0.3314285714285714,-0.3314285714285714,-0.3214285714285715,-0.3294117647058824,1.291960507757405,-0.4398092967818832,5.3076923076923075,-1.597902097902098,0.10178571428571437,0.22919972795284504,-0.09142452161587522,-0.08620689655172409,-0.01093294460641403,0.17210682492581597,0.2226656025538707,0.05988023952095811,-0.04772413793103447,-0.07461328480436757,-0.011111111111111072,-0.049604382227632304
2017-06-30,0.006648992130623199,-0.06762559038213822,-0.010797609100841932,-0.04840439796192009,0.03973671379814725,0.17632602908048334,1.1253561253561255,1.1253561253561255,1.1754385964912282,1.1578947368421053,-0.5409230769230768,0.24255319148936172,-0.516260162601626,-2.8362573099415203,-0.16963803349540785,0.06621172998893399,-0.05616224648985968,-0.05105438401775797,0.05011053795136333,0.07848101265822782,0.13642297650130542,0.06779661016949157,0.0330243337195828,-0.05211406096361848,0.0,-0.0203330131284023
2017-09-30,0.013711801346097507,-0.014506101772967961,0.0037684360990188903,-0.018599408200648204,0.03165298944900341,-0.08234679665738165,-0.3257372654155496,-0.3257372654155496,-0.32258064516129037,-0.3170731707317074,0.3351206434316354,0.06164383561643838,-0.04831932773109249,-0.7547770700636942,-0.050097592713077455,-0.012627573084241561,0.03388429752066102,0.04444444444444451,0.040701754385964906,-0.05868544600938963,0.0028719126938541173,0.06878306878306883,0.017666853617498646,0.05082987551867224,-0.011235955056179803,0.004249060303971319
2017-12-31,0.035506618829642456,0.125,-0.049776684575053354,-0.008614501076812608,0.1852272727272728,0.00037943464238288094,2.753479125248509,2.753479125248509,2.8095238095238098,2.785714285714286,-0.4357429718875502,0.18387096774193545,-1.4569536423841059,-1.4545454545454546,0.023972602739726012,0.049053959355291,0.550359712230216,0.6103023516237402,0.19622387053270396,0.007481296758104827,-0.01718213058419249,0.06435643564356441,0.1446679526040231,0.6268509378084897,-0.011363636363636354,0.13474369406021158
2018-03-31,0.015651135005973815,-0.002907580477673921,0.0820163487738419,0.03721940622737141,-0.07775647171620326,-0.06239332448321644,-0.7547669491525424,-0.7547669491525424,-0.753125,-0.7515723270440251,0.7829181494661921,-0.9005449591280654,-3.9082125603864735,8.342857142857143,0.21872909698996645,0.006513026052104243,-0.006960556844547661,0.013908205841446364,-0.06482525366403602,-0.15841584158415845,-0.3962703962703963,0.05581395348837215,-0.0919595570534425,0.029126213592232997,-0.011494252873563204,-0.038720780152014966
2018-06-30,0.03772105242520496,0.126431993334722,0.03676655754218072,0.077352694777995,0.039297224243684425,0.16140776699029136,0.5831533477321815,0.5831533477321815,0.6075949367088607,0.6075949367088607,0.627744510978044,8.506849315068493,0.0714285714285714,-0.10703363914373087,0.16026344676180027,-0.11133233781317409,-0.041017653167185864,-0.02880658436214001,0.05183845690174804,-0.04999999999999993,-0.1438223938223938,0.07048458149779746,0.0013255567338281704,-0.003537735849056589,-0.023255813953488413,0.045651200954796245
2018-09-30,0.0157566597392782,0.035687869822485174,0.01584891911586106,0.016459305339554087,0.015604681404421283,-0.029083942877046298,-0.16098226466575716,-0.16098226466575716,-0.14960629921259838,-0.14960629921259838,-0.22072348252605767,-0.12968299711815567,0.04961240310077519,-1.0342465753424657,-0.004730368968779541,0.06908140403286023,-0.0035192203573363168,0.004943502824858781,0.03495702005730661,0.015479876160990669,0.06200676437429542,0.06584362139917688,0.0,0.016568047337278013,-0.011904761904761862,0.018832929091168404
2018-12-31,-0.023770552786251065,-0.1023031601499732,-0.020264211847689673,0.007905138339920903,-0.029547916871860536,0.023139013452914803,0.06341463414634152,0.06341463414634152,0.08333333333333326,0.07407407407407396,-0.22187254130605827,0.10430463576158933,-0.15509601181683896,24.0,-0.11882129277566544,-0.06147397834439394,-0.32382504754142893,-0.3408292340126494,-0.012735326688815052,-0.09146341463414631,-0.09766454352441611,0.061776061776061875,-0.005824728620598352,-0.34691501746216535,0.012048192771084265,-0.10922839938383977
2019-03-31,0.008230766299584635,0.0904932378679395,0.016961561928004798,0.10347881087919042,-0.006292499746270219,-0.09730014025245437,-0.40825688073394495,-0.40825688073394495,-0.4017094017094017,-0.39655172413793105,0.11729019211324565,-1.2458770614692654,0.3618881118881119,-2.96,0.2642934196332254,-0.038146631931522235,-0.03535556448372845,-0.03944562899786774,0.011217049915872357,-0.02684563758389269,0.4141176470588235,0.058181818181818334,-0.01464713715046606,-0.039215686274509665,0.0,-0.011790598962427179
2019-06-30,-0.0032125174798744993,0.012949115447747683,-0.01403887688984884,-0.012839619396996405,0.015218057399652762,0.14760147601476015,0.9147286821705427,0.9147286821705427,0.9571428571428575,0.9571428571428575,-0.1257918552036199,-2.5365853658536586,-0.21437740693196405,-0.7918367346938775,0.04351535836177467,-0.010833816985877265,0.00499791753436063,0.004439511653718142,0.025513033832501142,-0.020689655172413834,0.009983361064891838,0.061855670103092786,0.01864864864864879,-0.004638218923933235,0.0,0.026089723194400172
