Quarter end,Assets,Current Assets,Liabilities,Current Liabilities,Shareholders equity,Revenue,Earnings,Earnings available for common stockholders,EPS basic,EPS diluted,Cash from operating activities,Cash from investing activities,Cash from financing activities,Cash change during period,Cash at end of period,Price,ROE,ROA,Book value of equity per share,P/B ratio,P/E ratio,Cumulative dividends per share,Equity to assets ratio,Net margin,Asset turnover,Current ratio
1995-01-28,-0.001153580955679745,0.01881629485547287,0.004629236592433417,0.02007468828261194,-0.015040347729564418,0.019826934751804304,0.17416095019210864,0.17416095019210864,0.19354838709677424,2.615384615384615,-1.1596488546701564,4.583344599161823,0.01762541710635146,-2.5632733608306073,-0.27240060051334203,0.07430340557275539,0.19587628865979378,0.673913043478261,-0.015060240963855498,0.19047619047619047,-0.25958973415509157,inf,-0.0139455782312925,0.21999999999999997,-0.018018018018018056,-0.0012017974710001322
1995-04-29,-0.001153580955679745,0.01881629485547287,0.004629236592433417,0.02007468828261194,-0.015040347729564418,0.019826934751804304,0.17416095019210864,0.17416095019210864,0.19354838709677424,2.615384615384615,-1.1596488546701564,4.583344599161823,0.01762541710635146,-2.5632733608306073,-0.27240060051334203,0.07430340557275539,0.19587628865979378,0.673913043478261,-0.015060240963855498,0.19047619047619047,-0.25958973415509157,inf,-0.0139455782312925,0.21999999999999997,-0.018018018018018056,-0.0012017974710001322
1995-07-29,0.007431443352035272,0.020379292197424625,0.017361417184913686,-0.11981278980493881,-0.01689043588482597,0.019826934751804304,0.17416095019210864,0.17416095019210864,0.19354838709677424,2.615384615384615,-1.1596488546701564,4.583344599161823,0.01762541710635146,-2.5632733608306073,0.5852624432582101,0.1767531219980787,0.19587628865979378,0.673913043478261,-0.01834862385321101,0.19047619047619047,-0.25958973415509157,inf,-0.024146257330113885,0.21999999999999997,-0.018018018018018056,0.15924666492283546
1995-10-28,0.2325441643807289,0.3236411255177791,0.26837072183436583,0.5943565065550962,0.14173546719238517,0.23008293710162842,-0.3067716582494098,-0.3067716582494098,-0.3513513513513513,2.615384615384615,-11.310058038652546,0.3799999999999999,1.4408508730136487,-1.9114646711626162,-0.3365032980228657,0.11510204081632658,0.19587628865979378,0.673913043478261,0.031152647975077663,0.1359999999999999,-0.25958973415509157,inf,-0.07352421350300453,0.21999999999999997,-0.018018018018018056,-0.1697730041969403
1996-02-03,-0.06898124695767327,-0.10946821782053451,-0.11553011280663406,-0.20201007587947584,0.062091435047119115,0.4045812992264102,-6.278004095268887,-6.278004095268887,-6.0,2.615384615384615,-3.3651196666511907,0.8490893778292452,-2.1124443117622747,-1.1808075262645672,0.09169951970232937,0.002196193265007196,0.19587628865979378,0.673913043478261,0.037260825780463414,-0.028169014084507116,-0.25958973415509157,inf,0.1407859595574208,0.21999999999999997,-0.018018018018018056,0.11594281676360274
1996-05-04,-0.010095452621711742,0.036488943637668525,-0.022167142117579974,-0.11479860519568807,0.01821144557648835,-0.37307985030643576,-1.1549619598730771,-1.1549619598730771,-1.15,2.615384615384615,-1.0620800243412585,-1.094818779039793,-1.0899561335604067,0.584086674487613,0.13305857939461396,0.11176040905770646,0.19587628865979378,0.673913043478261,0.01747572815533971,0.07246376811594213,-0.25958973415509157,inf,0.028428093645485042,0.21999999999999997,-0.018018018018018056,0.1709206039941551
1996-08-03,-0.00836465385013574,-0.024779414263108368,-0.009896707074308675,0.008287585941588071,-0.00491460906957486,-0.004979905564484688,-0.283376376956728,-0.283376376956728,-0.2777777777777777,2.615384615384615,-9.476343873517786,-7.31553138968577,-7.9053858686922,-3.672184709213679,-0.31380292930481446,0.08409986859395535,0.35344827586206895,0.673913043478261,-0.005725190839694694,0.06081081081081097,-0.25958973415509157,inf,0.0035772357723578008,0.39344262295081966,-0.00917431192660556,-0.032821664794708605
1996-11-02,0.07584784864195071,0.15190530045382777,0.10494464215940269,0.37569521720938126,0.010652567012999548,0.09893344798229609,-2.537197072776082,-2.537197072776082,-2.5384615384615383,2.615384615384615,-1.4032799957099857,0.19754181918057112,-2.3896170359834636,-1.3009944571242256,0.13764696234334584,0.018787878787878798,0.6273885350318473,0.673913043478261,0.009596928982725572,0.02547770700636942,-0.3574357062989191,inf,-0.06059624108878803,0.6823529411764704,-0.0092592592592593,-0.16266666666666674
1997-02-01,-0.05514790191812857,-0.13211465108516351,-0.10498154133082449,-0.054756921278004134,0.06692865615524868,0.39505445606553136,5.918542618597641,5.918542618597641,5.949999999999999,2.615384615384615,-6.869016234216733,0.1631521609689186,-2.8061019997225927,-1.2059253642419976,-0.024915463052766817,-0.0035693039857227493,0.17416829745596862,0.2012987012987013,0.06463878326996197,-0.012422360248447228,-0.40583913379737047,inf,0.12901000344946523,0.22377622377622397,-0.009345794392523366,-0.08182658722005343
1997-05-03,-0.011503880744885953,-0.006522954732794517,-0.02066328580470489,-0.029572831318750548,0.007318456405593032,-0.32291570257388447,-0.9168090123858065,-0.9168090123858065,-0.9136690647482014,2.615384615384615,-0.900308525225779,-0.9159898072941551,-0.9003503540615119,-1.996317727511836,0.025458015780206233,0.04298507462686563,0.20833333333333326,0.2324324324324325,0.0035714285714285587,-0.018867924528301883,-0.11161731207289294,inf,0.019248395967002896,0.22285714285714264,0.009433962264151052,0.023776223776223793
1997-08-02,-0.016022496374126338,0.005743905175841668,-0.02963479297308369,0.14383595405924976,0.011173372029362305,0.012829812991205003,0.15121160480485463,0.15121160480485463,0.08333333333333348,2.615384615384615,3.5720835556609556,-5.19029564432408,4.192335800369391,42.49788806758184,1.0798783604881308,0.12650257584430458,0.14068965517241372,0.17105263157894735,0.009786476868327343,0.1217948717948718,-0.08754578754578757,inf,0.027577937649880147,0.1542056074766356,0.009345794392523477,-0.12076502732240446
1997-11-01,0.07621442552225965,0.16277736063882364,0.10330496350453022,0.24657927571744254,0.02427480777993196,0.08498741177162272,2.7951402678990505,2.7951402678990505,2.846153846153846,2.615384615384615,-1.3368308897264773,-2.7355120858287734,-2.1023747984748065,-0.30931601626509675,0.35860495601099096,0.07672764227642292,0.13542926239419595,0.1685393258426966,0.022907488986784186,0.06857142857142873,-0.07547169811320753,inf,-0.04842473745624276,0.15384615384615397,0.0092592592592593,-0.06718458669981364
1998-01-31,-0.07993421442569126,-0.17053000507939897,-0.1568769497593292,-0.3849767919183539,0.0789672214438577,0.35062232467655874,2.6068459006412086,2.6068459006412086,2.6,0.0,-8.474652396809814,0.41239960774091045,-3.847765074574894,-3.542634705282767,-0.6706528495486552,0.04483246814535158,0.16613418530351431,0.21474358974358987,0.07493540051679592,0.021390374331550666,-0.08858011289622247,inf,0.17290006131207858,0.19999999999999996,0.01834862385321112,0.34865747218335663
1998-05-02,-0.01346629785995046,-0.01065547303842429,-0.03230370195708554,-0.09934640522875815,0.01693302891933035,-0.316969590126416,-0.8417429377785983,-0.8417429377785983,-0.8388888888888889,-0.42553191489361697,-0.8506369817682693,-0.8461964379095019,-0.9168532035156423,-1.127867515430499,0.26056338028169024,0.08130081300813008,0.03287671232876721,0.07651715039577844,0.015224358974359031,0.005235602094240788,-0.09480705097665554,inf,0.030841610036591582,0.06432748538011701,0.009009009009008917,0.09845865033099499
1998-08-01,-0.01490444919943923,-0.024804177545691863,-0.020224171539961033,-0.0500725689404935,-0.006735266604303125,0.01938657407407418,0.7833333333333334,0.7833333333333334,0.7586206896551726,0.7407407407407405,2.0229885057471266,-2.942857142857143,3.8235294117647056,1.7567567567567566,0.5698324022346368,0.10693400167084377,0.10875331564986745,0.14950980392156854,0.022099447513812098,0.08854166666666674,0.044736842105263186,inf,0.008113590263691739,0.13461538461538458,0.01785714285714257,0.02662469080278851
1998-10-31,0.06486405512695681,0.14089692101740292,0.10034817209649338,0.420550038197097,0.011113203993219134,0.035197275049673626,-0.1869158878504673,-0.1869158878504673,-0.17647058823529416,-0.14893617021276584,-1.553231939163498,-3.676470588235294,-1.7235772357723578,-2.1470588235294117,-0.41637010676156583,-0.18716981132075472,-0.0510366826156301,-0.01492537313432829,-0.011583011583011449,-0.20574162679425834,-0.27909319899244334,inf,-0.05030181086519114,-0.021791767554479535,0.0,-0.19687212511499552
1999-01-30,-0.05296476049799537,-0.12408330888823704,-0.12362978867668661,-0.17504705566012368,0.06352459016393452,0.42774883465862357,3.6896551724137927,3.6896551724137927,3.6190476190476195,3.55,-5.402061855670103,0.6263736263736264,-3.365168539325843,-2.2222222222222223,0.8719512195121952,-0.04456824512534818,0.024369747899159577,0.04978354978354993,0.06953124999999982,-0.030120481927710774,-0.021663172606568915,inf,0.12288135593220328,0.034653465346534684,0.01754385964912286,0.06174657721049481
1999-05-01,0.1460190136660724,0.0624581379772271,0.24010315925209547,0.3034550195567145,0.018216850586792788,-0.28807374687920106,-0.7867647058823529,-0.7867647058823529,-0.7835051546391752,-0.7802197802197802,-0.8860265417642467,4.41554054054054,-2.649643705463183,-1.4755244755244754,-0.22149837133550487,0.015063168124392678,0.018047579983593076,0.006185567010309256,0.013148283418553675,-0.049689440993788914,0.007857142857142785,inf,-0.1115566037735849,0.02392344497607657,-0.017241379310344862,-0.18489596712047263
1999-07-31,0.09390797148412178,0.23987391646966105,0.13164188416346057,0.08852213053263314,0.03148116291071745,0.10898300512543835,0.5747126436781609,0.5747126436781609,0.5476190476190477,0.5249999999999999,1.3356164383561642,-0.8602620087336245,-0.9992800575953924,-2.735294117647059,0.493723849372385,0.2326471996170416,0.012892828364222453,-0.018442622950819776,0.02956020187454933,0.21568627450980404,0.1814316087880936,inf,-0.05707459516856905,0.007009345794392496,-0.02631578947368407,0.13910248329761754
1999-10-30,0.09953196279400434,0.2073217236557774,0.14260773683726913,0.34390075809786347,0.021347565043362327,0.03186572610070537,-0.1021897810218978,-0.1021897810218978,-0.09230769230769242,-0.08196721311475397,-1.5278592375366569,0.2232142857142858,691.0,1.0169491525423728,0.6666666666666667,-0.11339805825242721,0.015910898965791676,-0.02087682672233826,0.021008403361344685,-0.13978494623655913,-0.1517696460707859,inf,-0.07094594594594594,0.0139211136890951,-0.03603603603603611,-0.10164333536214243
2000-01-29,-0.046715879088312984,-0.10275847546851968,-0.10414153598713305,-0.2218803418803419,0.06988896146309598,0.33333333333333326,2.6422764227642275,2.6422764227642275,2.5762711864406778,2.642857142857143,-6.311111111111111,0.20802919708029188,-2.4479768786127165,-2.584033613445378,-0.6336134453781512,0.03810775295663604,0.01722787783868429,-0.010660980810234588,0.06241426611796985,0.018749999999999822,-0.011315417256011373,inf,0.12212121212121207,0.027459954233409523,-0.03738317757009346,0.1530549396403056
2000-04-29,-0.0020913407189689925,0.0023468669326449643,0.004847396768402179,-0.024384885764499153,-0.01388888888888884,-0.28712871287128716,-0.8013392857142857,-0.8013392857142857,-0.8009478672985781,-0.7990196078431373,-0.9393305439330544,-0.6404833836858006,-1.091816367265469,-1.0822281167108754,0.14220183486238525,-0.19451476793248945,-0.0238645111624326,-0.030172413793103425,0.0032278889606196515,-0.24539877300613488,-0.24320457796852646,inf,-0.01161220631920068,-0.015590200445434244,-0.009708737864077666,0.027402382351370047
2000-07-29,-0.00453129425092047,-0.009599625380472987,0.005985349294264752,0.08151317270884939,-0.02275189599133265,0.008184523809523725,-0.2921348314606742,-0.2921348314606742,-0.26190476190476186,-0.2682926829268293,5.655172413793103,0.23529411764705888,-3.0869565217391304,0.5161290322580645,0.1887550200803212,-0.18962807752750122,-0.10410094637223966,-0.09999999999999998,0.006435006435006496,-0.1869918699186992,-0.1918714555765595,inf,-0.01830601092896167,-0.09049773755656121,-0.009803921568627416,-0.0842258500571903
2000-10-28,0.026799431009957297,0.14633569739952712,0.11189059586182393,0.3439516968561316,-0.1249604054482103,0.03198031980319804,-11.603174603174603,-11.603174603174603,-11.709677419354838,-12.066666666666666,-1.455958549222798,0.7346938775510203,-3.28125,-0.851063829787234,0.023648648648648685,-0.1273432449903038,-1.095950704225352,-1.0938271604938272,-0.11125319693094626,-0.14,-0.04561403508771933,inf,-0.14778736431951012,0.0,0.0,-0.14704212558192353
2001-02-03,-0.05729801618087116,-0.10290781604454524,-0.10630141362510981,-0.24570100697134,0.05375565610859723,0.4576877234803338,-1.4970059880239521,-1.4970059880239521,-1.5030120481927711,-1.5090361445783134,-6.778409090909091,0.1098039215686275,-2.632420091324201,1.7142857142857144,0.06270627062706269,0.37703703703703706,1.7981651376146788,1.7631578947368425,0.05971223021582728,0.558139534883721,0.0,inf,0.11757021554539504,0.0,0.03960396039603964,0.18929712460063897
2001-05-05,-0.0052316012226663045,0.0012643678160919603,-0.00285969615728332,-0.08626001232285885,-0.009790450017176267,-0.3749795584627964,-0.8253012048192772,-0.8253012048192772,-0.8203592814371258,-0.8284023668639053,-0.7610619469026548,-0.7137809187279152,-1.048951048951049,9.368421052631579,0.6118012422360248,0.1877353415814953,0.2032786885245903,0.18095238095238075,0.004073319755600657,0.11940298507462677,0.0,inf,-0.0043834015195791665,0.0,0.0,0.09581374524289243
2001-08-04,-0.018022809194587208,-0.04924807714384116,-0.027782756766445593,-0.14138008541245228,0.0008673026886383273,-0.023547880690737877,0.896551724137931,0.896551724137931,0.8666666666666669,0.8965517241379313,1.1934156378600824,3.098765432098766,-12.142857142857142,-1.9593908629441623,-0.36416184971098264,-0.04619565217391308,-0.19891008174386926,-0.20967741935483875,0.01217038539553772,-0.053333333333333344,0.0,inf,0.01907836806574692,0.0,-0.00952380952380949,0.10730337078651675
2001-11-03,0.05512095318329524,0.10673750301859464,0.08665191740412981,0.4814136125654451,-0.004159445407279083,0.011521972132904512,-0.9727272727272728,-0.9727272727272728,-0.9642857142857143,-0.9636363636363636,-1.2870544090056284,-0.39156626506024095,-1.823076923076923,-0.8201058201058201,-0.10303030303030303,-0.214624881291548,-3.9625850340136055,-4.020408163265307,0.0013360053440214514,-0.22535211267605626,0.0,inf,-0.05616359447004615,-0.28358208955223885,-0.019230769230769273,-0.25294036252940366
2002-02-02,-0.14200980951294628,-0.2057604189395592,-0.1957923311842552,-0.3437003004064322,-0.03167420814479638,0.14490066225165554,-150.0,-150.0,-114.99999999999999,-114.99999999999999,0.0,0.0,0.0,-13.941176470588236,1.1486486486486487,0.1493349455864572,-1.5545350172215844,-1.564189189189189,-0.07738492328218816,0.15454545454545454,0.8272058823529411,inf,0.12847116264876424,0.0,-0.06862745098039225,0.21022411557695864
2002-05-04,0.06780111672427536,0.14725274725274717,0.09662447257383966,0.24421109316101242,0.01869158878504673,-0.2010643220731143,-1.1991051454138701,-1.1991051454138701,-1.1929824561403508,-1.1885964912280702,-2.104575163398693,-0.5445544554455446,-0.8535825545171339,-0.15227272727272723,0.5864779874213837,0.06628090478695414,-0.10766045548654246,-0.10179640718562877,0.016630513376717282,0.15748031496062986,0.0,inf,-0.04597079502433754,0.0,-0.010526315789473717,-0.077951229466381
2002-08-03,0.0016807768924302913,0.014727011494252817,-0.012504809542131623,0.08504652672581692,0.02769936485532809,0.009556907037358897,2.168539325842697,2.168539325842697,2.1818181818181817,2.2325581395348837,1.2899408284023668,1.0543478260869565,-4.872340425531915,0.04289544235924936,0.3855302279484638,-0.06857424765663545,-0.703016241299304,-0.7,0.05618776671408243,-0.08843537414965974,0.0,inf,0.026077097505669,0.0,-0.010638297872340274,-0.06478919995573751
2002-11-02,-0.024423590827170494,-0.04648967551622418,-0.02415741281901418,-0.02652572796170727,-0.02489270386266096,-0.002008032128514081,-0.624113475177305,-0.624113475177305,-0.6142857142857142,-0.6115107913669064,-1.7338501291989665,0.015873015873015817,3.478021978021978,-4.038560411311054,-0.8454935622317596,-0.1827330508474576,-1.4140625,-1.4222222222222223,0.005387205387205496,-0.22388059701492535,0.0,inf,-0.0005524861878454246,-0.9305555555555556,0.010752688172043001,-0.02052890019523157
2003-02-01,-0.08007389476366411,-0.11471352555376813,-0.1336594130564983,-0.2622413439868879,0.014436619718309895,0.4420810577752228,2.2169811320754715,2.2169811320754715,2.333333333333333,2.314814814814815,-4.154929577464788,-0.14583333333333337,-0.4785276073619632,-1.4230118443316413,2.314814814814815,-0.023979261179520317,25.92452830188679,26.63157894736842,0.030140656396517196,-0.028846153846153855,24.251509054325954,inf,0.10281923714759533,25.5,0.05319148936170226,0.19998791978738817
2003-05-03,-0.0017311820511044518,0.014956667598546192,0.00795022468026274,0.02415995556789774,-0.0163137799375217,-0.34403029699023324,-0.8651026392961877,-0.8651026392961877,-0.8666666666666667,-0.8659217877094972,-0.7723214285714286,-0.6829268292682926,-0.7082352941176471,-0.944,0.03910614525139655,-0.0962815405046481,-0.05255781359495448,-0.026666666666666616,-0.0058517555266580645,-0.12871287128712872,-0.9825763612217795,inf,-0.014536340852130292,-0.04339622641509433,0.02020202020202011,-0.00900991594100764
2003-08-02,-0.02358490566037741,-0.04049029059358211,-0.043324188385916784,-0.037960954446854656,0.006880733944954143,0.043451838347007055,1.608695652173913,1.608695652173913,1.7083333333333335,1.666666666666667,1.5245098039215685,1.4807692307692308,3.564516129032258,-7.428571428571429,-0.24193548387096775,0.30051432770022046,-0.2048816568047337,-0.1819960861056752,0.02092871157619358,0.3181818181818181,0.3628048780487805,inf,0.031027466937945114,-0.20512820512820507,0.02970297029702973,-0.002641202763104422
2003-11-01,0.047882921284455815,0.09989952633845278,0.09929501732584534,0.23111612175873741,-0.0275100753460662,0.015142690739662124,-0.44166666666666665,-0.44166666666666665,-0.4307692307692308,-0.4375,-1.1728155339805826,0.3565891472868217,-0.8710247349823321,0.8722222222222222,-0.5975177304964538,0.22090395480226,-0.05860465116279068,-0.04784688995215303,-0.01665598975016014,0.18965517241379315,0.505592841163311,1.166666666666667,-0.07178095707942767,-0.06451612903225823,0.019230769230769162,-0.10658993685068241
2004-01-31,-0.013559322033898313,-0.027534907999477998,-0.06413043478260871,-0.11103479853479858,0.07027027027027022,0.44951233505450383,5.865671641791045,5.865671641791045,5.837837837837838,5.944444444444445,-11.786516853932584,0.17714285714285705,-0.23287671232876717,-3.0712166172106823,3.07488986784141,0.07774178621008798,0.19762845849802368,0.20603015075376874,0.0710097719869709,0.10144927536231885,0.1419019316493313,0.46153846153846145,0.08477278766941265,0.20424403183023898,0.0,0.09394060308955132
2004-05-01,0.005017182130584219,0.024154589371980784,-0.0038327526132404532,-0.015709502961627653,0.017845117845117775,-0.3039778349495349,-0.7913043478260869,-0.7913043478260869,-0.7905138339920948,-0.792,-0.9645833333333333,-0.6553398058252426,-1.4464285714285714,-1.0171919770773639,-0.012972972972972951,0.09531987977672829,0.05528052805280548,0.06666666666666665,0.022506082725060716,0.019736842105263275,-0.11255692908262838,0.3157894736842106,0.012983831455168904,0.05726872246696035,0.009433962264151052,0.04053983638163716
2004-07-31,-0.03815906448745132,-0.06525157232704404,-0.04173953596828728,-0.06985871271585553,-0.033079722130334055,0.00881433039522328,-0.1875,-0.1875,-0.16981132075471705,-0.17307692307692313,12.411764705882353,0.6056338028169015,-27.0,24.666666666666668,-0.3373493975903614,-0.06742453939631521,-0.06254886630179834,-0.05468750000000011,0.007138607971445721,-0.08387096774193559,-0.13196480938416422,0.28,0.005078597339782442,-0.06458333333333333,0.009345794392523477,0.004957684410836993
2004-10-30,0.039744045503021574,0.08424446313428646,0.10427059252950488,0.2309423347398032,-0.05097502565856993,-0.016065388951521986,-0.05128205128205132,-0.05128205128205132,-0.022727272727272707,-0.023255813953488413,-1.2390350877192982,0.2192982456140351,-0.7769230769230769,0.275974025974026,-0.6495867768595041,-0.0130306851618327,0.010008340283569561,0.010330578512396604,-0.03189604252805667,-0.021126760563380254,0.04138513513513509,0.21875,-0.08710298363811364,0.011135857461024523,0.0,-0.11919473789117008
2005-01-29,0.017847374179431164,-0.029088558500323214,-0.03944468929043632,-0.017138939670932385,0.1115717375630858,0.45345173302778563,4.95945945945946,4.95945945945946,5.046511627906977,5.095238095238096,-11.330275229357799,1.8992805755395685,-0.5379310344827586,-2.669211195928753,3.0943396226415096,0.15758091993185697,-0.03633360858794388,-0.030674846625766916,0.12263575350823652,0.1942446043165469,0.1394971613949716,0.17948717948717952,0.09198734844491296,-0.028634361233480177,-0.0092592592592593,-0.012163385381308012
2005-04-30,0.008128988915015123,0.03448735019973359,-0.009635237439779787,0.0009300162752847729,0.03324144640830218,-0.2824201813165156,-0.7210884353741497,-0.7210884353741497,-0.7192307692307692,-0.72265625,-0.9502664298401421,-0.8486352357320099,-1.8208955223880596,-0.9237804878048781,0.05760368663594462,0.10338484179543772,0.02570694087403602,0.03164556962025311,0.015760869565217606,-0.01807228915662651,0.08612099644128102,0.15217391304347827,0.024861211682355666,0.02947845804988658,0.009345794392523477,0.03350323578260128
2005-07-30,0.01419432227109163,0.036169391170034704,-0.0032429928190873536,-0.03577235772357723,0.03782172002510986,-0.004943696786597118,0.2032520325203253,0.2032520325203253,0.19178082191780832,0.18309859154929575,9.875,1.8852459016393444,-0.12727272727272732,8.62,0.5239651416122004,0.12470823607869286,0.06349206349206349,0.0756646216768917,0.029427501337613515,0.10429447852760743,0.07273918741808649,0.1132075471698113,0.023316062176165886,0.09471365638766516,-0.01851851851851849,0.0746425800731465
2005-10-29,1.2761022406202773,0.4264596273291925,1.5161515221938182,1.324018308841243,0.9637078481778316,0.5967430306375932,1.945945945945946,1.945945945945946,1.0919540229885056,1.130952380952381,0.0,0.0,0.0,-3.4095634095634098,-0.8284488920657612,0.005040023717758801,0.12254516889238021,0.09505703422053235,0.23960498960498988,-0.022222222222222254,-0.08552229688454493,0.22033898305084754,-0.13716915995397005,0.27364185110663963,-0.14150943396226412,-0.38622183262001764
2006-01-28,-0.04249422632794453,-0.11652007315161539,-0.09259259259259256,-0.21322690992018245,0.041044201447712814,0.6146931719965427,0.6032110091743119,0.6032110091743119,0.401098901098901,0.44134078212290495,0.0,0.0,0.0,-1.006902502157032,0.03333333333333344,-0.006194690265486802,-0.0034989503149055468,-0.00347222222222221,0.029769392033542896,-0.19886363636363646,-0.2371409485637943,0.16666666666666674,0.08722325953587617,-0.00789889415481837,0.0,0.12291019070822484
2006-04-29,-0.0012361312108055689,0.03518974864465263,-0.0017303679576569087,-0.005401844532279321,-0.000517789777350397,-0.36516432930093135,-1.0743919885550788,-1.0743919885550788,-1.035294117647059,-1.0348837209302326,-1.1313628899835797,-0.3352272727272727,2.9583333333333335,-1.875,-0.028225806451612878,0.06233303650934996,-0.2584269662921348,-0.26132404181184665,-0.005700325732898914,0.03546099290780136,0.0586690017513134,0.15476190476190488,0.0007360157016682578,-0.2054140127388534,-0.06593406593406603,0.040849917701631044
2006-07-29,-0.05660035620490833,-0.11940582746143591,-0.09864899311751207,-0.15803417671214726,0.00444049733570151,0.010961214165261302,-7.096153846153846,-7.096153846153846,-7.333333333333333,-7.333333333333333,-31.75,-3.700854700854701,-11.289473684210526,-118.28571428571429,3.406639004149378,0.009499860296172224,-0.01041666666666674,0.0,0.022522522522522515,0.013698630136986356,0.18858560794044665,0.12371134020618557,0.06472174552586418,0.038076152304609145,-0.03529411764705881,0.04585968947671071
2006-10-28,0.012575195187507937,0.02951989619377171,0.05039592760181,0.21947765890497162,-0.03669319186560571,-0.018181818181818188,-1.0094637223974763,-1.0094637223974763,-1.0175438596491229,-1.0175438596491229,-1.1341463414634148,0.860759493670886,-0.7191815856777494,-1.3544457978075517,-0.2740112994350282,0.08690838638250753,-0.31483253588516746,-0.2971698113207547,-0.0032038446135361776,0.06081081081081097,0.025748086290883876,0.11926605504587151,-0.04881418374395574,-0.3166023166023165,0.024390243902439046,-0.15573883161512037
2007-02-03,-0.06620319165744981,-0.22046003571053463,-0.06865543050993483,-0.17958973035737325,-0.06271990209576261,0.556065239551478,-245.33333333333334,-245.33333333333334,-151.0,-151.0,-6.13939393939394,-0.33843537414965985,1.9963570127504555,-2.5120274914089347,0.5706874189364461,0.031066972243442903,0.0600558659217878,0.06375838926174482,0.08276416231418238,0.03821656050955413,0.5610583446404342,0.10655737704918034,0.0038731541999514896,0.04237288135593231,0.023809523809523725,-0.04982090524259197
2007-05-05,-0.03109983079526224,-0.08596065750471571,0.05122571692876976,-0.1349268752948577,-0.14729884119471193,-0.3535320449830768,-0.9508867667121419,-0.9508867667121419,-0.9466666666666667,-0.9466666666666667,-1.2140330188679245,-1.0976863753213368,-0.8115501519756839,-2.615909090909091,-0.5871180842279109,0.08150160533465045,0.1567852437417656,0.12933753943217674,-0.15658627087198507,-0.006134969325153228,-0.03389830508474578,0.0962962962962961,-0.11984567156980952,0.08943089430894302,0.03488372093023262,0.05654557916381098
2007-08-04,-0.024553805315916333,-0.08520047169811318,0.00929490705092939,-0.028722050536266086,-0.08345296200593355,-0.00489782131396721,1.0555555555555554,1.0555555555555554,1.0,1.0,-3.1542699724517904,6.473684210526316,1.4161290322580644,-0.6469760900140646,-0.502,-0.09682575930577764,-0.1560364464692483,-0.2039106145251396,-0.028156621205455368,0.07407407407407396,-0.1686909581646424,0.08783783783783794,-0.06054794520547946,-0.22139303482587058,0.022471910112359605,-0.0581414206941292
2007-11-03,0.06233887138355776,0.29020302932645836,0.1023377472617295,0.4811903425042112,-0.014305105983084432,0.002376103190767198,-0.5540540540540541,-0.5540540540540541,-0.5,-0.5,-1.1624040920716112,0.06690140845070425,-1.6088117489986649,-1.1035856573705178,0.10441767068273089,-0.1754740834386852,0.1336032388663968,0.06315789473684208,-0.013128112267994485,-0.14942528735632188,0.02002164502164505,0.08074534161490665,-0.07203266258384367,0.04153354632587836,0.0219780219780219,-0.12888506241928532
2008-02-02,-0.06336580268967607,-0.21019108280254772,-0.11602155321568042,-0.3227192317412181,0.049470338983050866,0.45513037588892646,21.727272727272727,21.727272727272727,20.625,20.25,-16.32283464566929,-0.4356435643564357,-4.217105263157895,10.846153846153847,1.12,-0.1793928242870284,0.0797619047619047,0.03300330033003296,0.08165137614678897,-0.16891891891891897,-0.22015915119363405,0.07471264367816088,0.12036455059710871,0.039877300613496924,-0.010752688172043001,0.1661395532713974
2008-05-03,-0.007556946993414693,0.00379506641366234,-0.0063751258248517795,0.047761194029850795,-0.009690118098314326,-0.3312776355596928,-1.0786666666666667,-1.0786666666666667,-1.0809248554913296,-1.0823529411764705,-0.9892086330935251,-0.42105263157894735,-0.9052488070892979,-1.7045454545454546,-0.37221269296741,-0.07548579970104641,-0.09151047409040791,-0.09584664536741228,-0.01060220525869382,-0.14634146341463405,-0.16666666666666663,0.06951871657753994,-0.0022440392706871704,-0.10029498525073743,0.010869565217391353,-0.04203746080176274
2008-08-02,0.015011421733927888,0.08884688090737236,0.021893291310220553,0.05840455840455849,0.002548160228315055,-0.0050461110144423005,-2.2372881355932206,-2.2372881355932206,-2.2142857142857144,-2.2142857142857144,26.19047619047619,1.1515151515151514,-5.093525179856115,-5.271889400921659,2.5327868852459017,-0.1786580436540015,-0.007281553398058249,-0.0035335689045936647,0.002571795970853108,-0.17142857142857149,-0.07836734693877556,0.06499999999999995,-0.012088838909193211,0.006557377049180468,-0.010752688172043001,0.028841900380429886
2008-11-01,0.03254385024827644,0.13874421296296302,0.058214462741642325,0.18085464333781975,-0.014843432289548542,-0.03934942287513121,-1.6027397260273972,-1.6027397260273972,-1.5882352941176472,-1.5882352941176472,-1.4816112084063047,0.380281690140845,-1.7451669595782073,-2.0711974110032365,-0.7679814385150812,-0.2470472440944882,-0.10268948655256716,-0.08865248226950351,-0.014963659683625563,-0.25287356321839083,-0.2515500442869796,0.06103286384976525,-0.04610130904951615,-0.08143322475570036,-0.010869565217391353,-0.03568664545532729
2009-01-31,-0.23384306670357047,-0.14369203404904074,-0.08925783283022792,-0.26969653796837156,-0.5205366357069143,0.4443837611505552,107.47727272727273,107.47727272727273,112.3,112.3,-6.68,-0.37074829931972786,-0.125,-2.013091641490433,3.3533333333333335,-0.42679738562091507,-8.701634877384196,-8.011673151750973,-0.5203993055555556,-0.41538461538461535,-0.3633136094674556,0.05752212389380551,-0.37410501193317425,0.0,0.0219780219780219,0.1725521669341894
2009-05-02,-0.036757733122601,-0.08620178041543025,-0.041316646665523704,-0.14221615294576673,-0.019586741282823894,-0.3447189311822536,-0.9815629583071444,-0.9815629583071444,-0.9814651368049426,-0.9814651368049426,-1.0224071702944943,-0.6324324324324324,1.4474393530997305,-2.0049701789264414,-0.7741194486983155,0.16077537058152802,0.19016451441712356,0.06881243063263032,-0.01990950226244348,1.4210526315789473,0.0,0.02092050209205021,0.017635843660629202,0.0,0.043010752688172005,0.06525211042664858
2009-08-01,-0.0256434297501289,-0.057639227147264216,-0.03224845016690514,-0.07391403229474647,-0.0013172338090010616,-0.0067320638584342785,-1.0795454545454546,-1.0795454545454546,-1.0952380952380953,-1.0952380952380953,-14.457142857142857,0.6764705882352942,-0.8491189427312775,-1.2176063303659743,0.7457627118644068,0.2554027504911591,0.2422711058263971,0.09190031152647982,-0.0009233610341643494,0.28260869565217384,0.0,0.020491803278688714,0.02529274004683857,0.0,0.05154639175257736,0.01756264724780454
2009-10-31,0.07356620477290221,0.2944521019986217,0.09756698490914695,0.42681728880157177,-0.012090569355902359,0.021882261812548487,-6.0,-6.0,-5.0,-5.0,-1.1104033970276008,-0.1842105263157895,-1.8686131386861313,-1.1181818181818182,-0.05048543689320384,0.34663536776212855,0.0,0.0741797432239657,-0.013863216266173817,0.34745762711864425,0.0,0.02008032128514059,-0.07994518044769305,0.0,0.06862745098039214,-0.09275240300287668
2010-01-30,-0.04539954286738668,-0.08398775455876484,-0.06846624389696387,-0.2333907056798623,0.04606141522029383,0.48739814288421446,-14.314285714285715,-14.314285714285715,-14.75,-14.75,-27.26923076923077,0.09677419354838701,-2.226890756302521,-44.0,2.4478527607361964,0.02149912841371271,-1.0915290739411343,-1.0721558211598052,0.04498594189315841,0.037735849056603765,0.0,0.019685039370078705,0.0958291956305859,-0.4716312056737588,0.00917431192660545,0.19488051968138587
2010-05-01,-0.03117370892018778,-0.0640802092414996,-0.04229170431953733,0.14369106421194422,0.008083386513507707,-0.2898458402344247,-0.9506437768240343,-0.9506437768240343,-0.9545454545454546,-0.9545454545454546,-1.109077598828697,-0.5686274509803921,2.506849315068493,-1.6305903398926653,-0.41814946619217086,0.15472127417519932,0.30457516339869284,0.3312883435582823,0.007174887892376747,0.10303030303030303,3.5464684014869894,0.01930501930501949,0.04032623470774799,0.2953020134228188,0.0181818181818183,-0.18167108924988673
2010-07-31,-0.009594882729211052,-0.0012420431609998506,-0.02176511291438632,-0.06556733411857085,0.03123021734543152,-0.006637961966271977,5.391304347826087,5.391304347826087,5.999999999999999,5.999999999999999,-3.9328859060402683,0.8181818181818181,-0.74609375,-1.321985815602837,0.23139653414882777,0.02857142857142847,0.27955911823647295,0.3087557603686637,0.029385574354407806,0.0219780219780219,-0.21668029435813574,0.01893939393939381,0.04137630662020908,0.2849740932642486,0.01785714285714257,0.06888642834546022
2010-10-30,0.06086701242783055,0.21824965024094523,0.07973763745096774,0.361764705882353,0.0008184980560670407,0.015531876467401062,-0.9319727891156463,-0.9319727891156463,-0.9428571428571428,-0.9428571428571428,-0.8672768878718535,1.0125000000000002,2.0,-3.171806167400881,-0.4081125827814569,0.05268199233716486,0.05324980422866088,0.08098591549295775,-0.0008650519031141446,0.021505376344086002,-0.1920668058455115,0.01858736059479571,-0.05646173149309919,0.06048387096774199,0.026315789473684292,-0.10543840177580455
2011-01-29,-0.048473388063831724,-0.11968865637361237,-0.1006491572866417,-0.21860536871336012,0.13064812921692903,0.4705673128223369,65.7,65.7,78.0,77.5,19.0,0.11801242236024834,-0.4076923076923077,-2.5192697768762677,1.0475524475524476,0.11692447679708828,0.2565055762081785,0.3224755700325732,0.1298701298701299,0.1210526315789473,0.043281653746769955,0.018248175182481674,0.1879432624113475,0.2889733840304183,0.025641025641025772,0.1266335814722912
2011-04-30,-0.010372740051379004,0.0021742281490071402,-0.02463413019005367,0.08173741362290232,0.02857142857142847,-0.2878219857298343,-0.8035982008995503,-0.8035982008995503,-0.8037974683544304,-0.8089171974522293,-0.9422413793103448,-0.6444444444444444,0.36363636363636354,-1.416555407209613,-0.21311475409836067,-0.0289205702647658,0.07633136094674553,0.13054187192118238,0.021455938697317878,-0.14084507042253513,-0.258204334365325,0.017921146953404854,0.03955223880597014,0.11209439528023601,0.016666666666666607,-0.07356288084575291
2011-07-30,0.0044570700886517045,0.030083887763957096,-0.012492362006925162,-0.00748311735718199,0.048347398030942346,0.008490405841399262,0.8396946564885497,0.8396946564885497,0.806451612903226,0.8333333333333335,6.7611940298507465,1.46875,-0.9396825396825397,-2.0993589743589745,0.2977430555555556,0.14513422818791955,0.04507971412864209,0.09803921568627438,0.04726181545386354,0.12021857923497259,0.017529215358931483,0.035211267605633756,0.043790380473797574,0.08222811671087538,0.016393442622950838,0.037879388224106636
2011-10-29,0.0855763604447044,0.2568098848638023,0.1282915091096597,0.33762412651710183,-0.01861479121247689,-0.014480552281528891,-0.4232365145228216,-0.4232365145228216,-0.4107142857142857,-0.4181818181818182,-0.9230769230769231,0.5822784810126582,8.894736842105264,-2.1603498542274053,-0.2662207357859532,0.007692307692307665,0.07627564439768553,0.11507936507936511,-0.0014326647564470996,-0.03902439024390236,-0.07547169811320753,0.03401360544217691,-0.09594222833562582,0.11274509803921573,0.0,-0.06047186378559988
2012-01-28,-0.007546152809594364,-0.019439168807954377,-0.015172749984766365,-0.1389881770690129,0.013841421736158654,0.4905176832393645,4.359712230215828,4.359712230215828,4.363636363636363,4.53125,35.65,-0.42000000000000004,-3.175531914893617,-5.346733668341709,1.577028258887876,0.17411850236277693,0.047898338220918824,0.04804270462633453,0.021520803443328518,0.17766497461928932,0.04614019520851809,0.03289473684210531,0.021300874857360208,0.048458149779735615,0.0,0.13888663145062985
2012-04-28,-0.03702195066757186,-0.08476700467129994,-0.056799901002351216,-0.13795305764010857,0.016854879487611774,-0.29585052728106376,-0.7570469798657719,-0.7570469798657719,-0.7570621468926554,-0.7570621468926554,-0.8192360163710778,0.39310344827586197,-3.4425427872860634,-1.5410404624277456,-0.33109303148213654,0.15603715170278654,0.02472014925373145,0.028862478777589073,0.02528089887640439,0.1293103448275863,0.07718405428329089,0.06369426751592355,0.05586592178770933,0.02941176470588225,0.0,0.06172399029541897
2012-07-28,-0.033463364196080314,-0.08054276111041947,-0.038178955654683766,-0.10094461937395816,-0.021548151831592866,-0.004069672798307056,0.5414364640883977,0.5414364640883977,0.5813953488372094,0.558139534883721,0.40754716981132066,-0.054455445544554504,-0.5305305305305306,-0.6933760683760684,-0.15177154944473825,-0.0026780931976433386,0.031406463359126,0.02970297029702973,0.004794520547945158,-0.026717557251908497,-0.04488188976377938,0.05988023952095811,0.012345679012345734,0.02244897959183656,0.008064516129032251,0.022649371597553536
2012-10-27,0.08290785314855342,0.24059030598429465,0.13947619697176372,0.377008652657602,-0.05759783161104526,-0.007028440666884572,-0.48028673835125446,-0.48028673835125446,-0.47058823529411775,-0.4626865671641791,-0.32707774798927614,0.16230366492146597,-0.21321961620469088,0.18466898954703836,-0.2119700748129676,0.022019334049409256,0.017210944395410488,0.0032051282051281937,-0.04089979550102252,0.015686274509803866,-0.016488046166529324,0.05649717514124308,-0.12961672473867591,-0.003992015968063867,0.008000000000000007,-0.09904048370136698
2013-02-02,-0.057431522227211484,-0.1404561824729892,-0.10576405099658825,-0.24072411729503296,0.08772245191443462,0.5390946502057614,4.0344827586206895,4.0344827586206895,4.166666666666667,4.055555555555556,4.46613545816733,0.11711711711711703,0.4959349593495934,-2.682352941176471,0.4525316455696202,0.028376248029427176,-0.016052060737527185,0.0015974440894568342,0.10447761194029836,0.07335907335907343,0.0159262363788768,0.053475935828877,0.15412329863891117,-0.034068136272545124,0.031746031746031855,0.13203005324969008
2013-05-04,0.0023343337620884697,0.024123920771965457,0.008634538152610505,0.024827586206896513,-0.01322095521401423,-0.31689839572192513,-0.7027397260273973,-0.7027397260273973,-0.6989247311827957,-0.6978021978021978,-0.782798833819242,-0.5685483870967742,-0.5018115942028986,-1.1468531468531469,-0.04575163398692805,0.08533469596320886,0.029541446208112943,0.030303030303030276,0.0012870012870014325,-0.017985611510791255,0.0684818481848184,0.050761421319796884,-0.015608740894901163,0.018672199170124415,0.01538461538461533,-0.0006443714156840752
2013-08-03,-0.02894486692015208,-0.06831143069675183,-0.03271617227420531,-0.005768121515093205,-0.019427231619494223,-0.050258337247534035,0.2949308755760369,0.2949308755760369,0.3035714285714284,0.30909090909090886,0.22818791946308714,0.9532710280373833,0.7636363636363637,2.9047619047619047,-0.18721461187214616,0.13582862523540506,0.003426124197002167,0.003095975232197956,0.0,0.1355311355311355,0.0957528957528957,0.06038647342995174,0.009866102889358741,0.004073319755600879,0.0,-0.06293120123799079
2013-11-02,0.09862463902892671,0.2721224218230207,0.1665751920965972,0.3896731773351383,-0.07053800170794189,0.034619188921859445,-0.37010676156583633,-0.37010676156583633,-0.3561643835616438,-0.3472222222222222,-0.5765027322404371,0.07655502392344493,-0.622680412371134,-0.22865853658536583,-0.1776685393258427,-0.04766839378238341,0.028595817328211703,0.021604938271604812,-0.050771208226221165,-0.048387096774193505,-0.061310782241014716,0.056947608200455635,-0.15422191207257507,0.014198782961460488,0.0,-0.0845661597743067
2014-02-01,-0.036175710594315236,-0.09121338912133892,-0.09521289108445075,-0.20317283607013636,0.14829106945975745,0.46622052262587643,3.581920903954802,3.581920903954802,3.702127659574468,3.5957446808510642,10.161290322580646,0.09777777777777774,1.081967213114754,-5.355731225296442,0.9410760034158838,0.11251360174102265,0.0489626556016598,0.049848942598187396,0.15233581584292488,0.17288135593220333,0.0780780780780781,0.053879310344827624,0.19183168316831667,0.06399999999999983,-0.007575757575757569,0.14048406494287446
2014-05-03,-0.014606637699916769,-0.02117863720073665,-0.01085472863178416,-0.10862731400628711,-0.02384381501040167,-0.31764833731797437,-0.7237977805178792,-0.7237977805178792,-0.7239819004524887,-0.7222222222222223,-0.9502890173410404,-0.611336032388664,0.01049868766404205,-1.3584392014519056,-0.17377914650241966,0.08881064162754293,-0.0007911392405064444,0.0014388489208632116,-0.005875440658049236,-0.054913294797687806,-0.0062674094707521055,0.05112474437627812,-0.009691934925579626,0.009398496240601517,-0.007633587786259555,0.09806893824556773
2014-08-02,-0.032789192231916675,-0.08313734713076204,-0.026678932842686298,0.006269592476489061,-0.048032786885245926,-0.001911132345915001,0.3035714285714286,0.3035714285714286,0.32786885245901654,0.3333333333333335,5.511627906976744,1.0,0.6000000000000001,-0.3721518987341772,-0.13205537806176781,0.03449514911965501,0.009105304829770455,0.004310344827586299,-0.028368794326241176,0.039755351681957096,0.021723896285914535,0.0622568093385214,-0.01572876616567631,0.0,0.0,-0.08883020226877136
2014-11-01,0.08758911683398818,0.22521482621521094,0.15271401566297604,0.3557242990654206,-0.07852591699672806,-0.0114887505983724,-0.2568493150684932,-0.2568493150684932,-0.23456790123456794,-0.23750000000000004,-0.7660714285714285,0.6041666666666667,-0.3425324675324676,1.346774193548387,-0.35705521472392643,0.024140326502257725,0.030600235386425867,0.027181688125894166,-0.05717761557177625,0.055882352941176494,0.003429355281207247,0.0567765567765568,-0.15269886363636365,0.029795158286778367,0.0,-0.09623871945194662
2015-01-31,-0.04298773690078039,-0.09148958442374122,-0.05804146655733866,-0.20494039925319552,0.0050457858344235,0.511541565778854,2.654377880184332,2.654377880184332,2.7258064516129035,2.704918032786885,13.748091603053435,0.2142857142857142,-0.11111111111111116,-3.058419243986254,1.1431297709923665,0.05087332541970491,0.02664636467453363,-0.009749303621169991,0.016774193548387162,0.11420612813370479,0.01572112098427869,0.05372616984402079,0.050293378038558156,-0.018083182640144635,0.007692307692307665,0.14263848396501477
2015-05-02,-0.013326499231163469,-0.04435994930291509,-0.00715040726232663,-0.016799132947976858,-0.031796206768315405,-0.33447244767193507,-0.7566204287515763,-0.7566204287515763,-0.7532467532467533,-0.7522123893805309,-0.972567287784679,0.018716577540107027,0.13611111111111107,-1.6151919866444073,-0.3281389136242209,0.05760852025173491,0.01965146459028566,-0.01828410689170179,-0.017766497461928932,0.040000000000000036,0.03297442799461647,0.05098684210526305,-0.01875498802873099,-0.018416206261510193,0.0,-0.02800280665943744
2015-08-01,-0.05001180637544278,-0.12756209307933442,-0.04358717434869741,-0.10729377181701272,-0.06971384674476666,-0.020539152759948665,0.12435233160621761,0.12435233160621761,0.14035087719298267,0.1428571428571428,5.509433962264151,-0.3858267716535433,0.8997555012224938,-0.09633649932157395,-0.441351888667992,0.04058590173939569,-0.006181818181818288,-0.04441260744985687,-0.054263565891472854,0.060096153846153744,0.05016286644951151,0.05633802816901423,-0.02074013826758858,-0.045028142589118136,0.0,-0.022706391914949497
2015-10-31,0.09793199443229272,0.277501381978994,0.18589575694080662,0.6056801811072237,-0.1802229562345169,-0.03768020969855834,-0.45622119815668205,-0.45622119815668205,-0.44615384615384623,-0.4375,-1.3478260869565217,0.05128205128205132,-0.9961389961389961,-0.44594594594594594,-0.43772241992882566,-0.1406158357771261,-0.003293084522502765,-0.06596701649175407,-0.13729508196721307,-0.09297052154195018,-0.10669975186104219,0.053333333333333455,-0.25332225913621265,-0.05893909626719063,-0.007633587786259555,-0.2044050496911093
2016-01-30,-0.06836910259893147,-0.17221981826049326,-0.09872453205234388,-0.2658292745449885,0.07025938050868796,0.5098740211099761,3.610169491525424,3.610169491525424,3.8055555555555554,3.7777777777777777,-15.216666666666667,-0.060975609756097615,279.0,-2.720867208672087,1.3396624472573841,-0.26173008019109356,-0.13839941262848743,-0.1797752808988764,0.08313539192399033,-0.14249999999999996,-0.21319444444444446,0.05063291139240489,0.14905450500556183,-0.17327766179540705,-0.007692307692307665,0.12753207292370017
2016-04-30,-0.018370917573872436,-0.030710925248301102,-0.017092446241499748,-0.06005586592178769,-0.02400000000000002,-0.34930657345811256,-0.7867647058823529,-0.7867647058823529,-0.7861271676300579,-0.7848837209302326,-0.9953106682297772,-0.08658008658008653,-0.7952380952380953,-1.590551181102362,-0.33814247069431924,-0.03836376242200146,-0.014912654452492569,-0.06066536203522499,-0.016812865497076057,-0.1137026239067056,0.12003530450132383,0.048192771084337505,-0.0058083252662148865,-0.05555555555555558,-0.007751937984496138,0.0312149112957556
2016-07-30,-0.024358847410634765,-0.0270999056222192,-0.02418349538768383,0.01727340267459132,-0.024590163934426257,0.01646161843701255,-0.9051724137931034,-0.9051724137931034,-0.9189189189189189,-0.9189189189189189,68.0,-0.3981042654028436,-0.07558139534883723,-1.7093333333333334,0.36239782016348765,-0.15765440999759683,-0.16825259515570934,-0.20416666666666672,-0.024535315985130146,-0.14144736842105265,-0.10638297872340419,0.048531289910600295,-0.0004868549172346581,-0.2005347593582888,0.0,-0.043626596980255505
2016-10-29,0.07956967421090022,0.22228381374722828,0.1166964741951968,0.32243929158298346,-0.06351952545724171,-0.04091374019774974,0.5454545454545454,0.5454545454545454,0.6666666666666667,0.6666666666666667,-1.4565217391304348,0.20472440944881898,-0.13207547169811318,-3.0413533834586466,-0.5429999999999999,0.02710413694721825,-0.11856474258970351,-0.11780104712041872,-0.05487804878048774,0.049808429118774145,0.28042328042328046,0.04628501827040177,-0.13248904042864107,-0.12040133779264206,0.0,-0.07574952561669823
2017-01-28,-0.06688916047757831,-0.13537414965986394,-0.11176571526625867,-0.22035068341847297,0.14093428345209813,0.5135087095627444,26.941176470588236,26.941176470588236,30.4,30.0,-6.924603174603175,-2.9869281045751634,5.934782608695652,-2.546961325966851,1.8380743982494527,0.027222222222222037,-0.10442477876106204,-0.09198813056379829,0.1459677419354839,0.0875912408759123,0.17355371900826433,0.044237485448195724,0.22290847838293093,-0.0874524714828897,-0.0078125,0.10905806027757259
2017-04-29,-0.010578812150521366,-0.007474429583005482,-0.012106381608603223,-0.008145918186647783,-0.004857737682165131,-0.3731062830299472,-0.8505263157894737,-0.8505263157894737,-0.8535031847133758,-0.8516129032258064,-0.8432685867381112,-1.1973684210526316,-0.7178683385579938,-1.1142857142857143,-0.07401696222050891,-0.16062736614386153,-0.08102766798418959,-0.06862745098039214,-0.005629838142153454,-0.2684563758389261,-0.08920187793427226,0.041248606465997595,0.0055096418732780705,-0.05833333333333346,-0.007874015748031482,0.0006664198445018865
2017-07-29,-0.054070566671758025,-0.13370326331087334,-0.07463659474610518,-0.17693269059096595,0.01999070199907016,0.04008992131884592,0.6338028169014085,0.6338028169014085,0.6521739130434783,0.6521739130434783,0.2905982905982907,1.5499999999999998,1.1,3.354166666666667,-0.3480432972522898,-0.18363402061855671,0.15842293906810023,0.19999999999999996,0.01981599433828718,-0.17889908256880738,-0.12242268041237114,0.04068522483940051,0.07853881278538832,0.1991150442477876,0.0,0.052464111291993465
2017-10-28,0.0880564077722159,0.258197346347415,0.12644406875176095,0.38633405639913243,-0.03577939835916133,-0.04881123919308361,-0.6896551724137931,-0.6896551724137931,-0.6842105263157895,-0.6842105263157895,-1.4867549668874172,-0.130718954248366,-1.054673721340388,-0.4043062200956937,-0.31800766283524906,-0.1365430149960537,0.0018564356435644136,0.043859649122807154,-0.036086051353226845,-0.15083798882681565,-0.27312775330396466,0.039094650205761194,-0.11388653683319216,0.04428044280442811,0.0,-0.09238557266399494
2018-02-03,-0.04125649270343801,-0.09769696969696973,-0.1420173847789381,-0.20591456736035052,0.34081777357598675,0.6409770876727892,35.77777777777778,35.77777777777778,35.166666666666664,34.833333333333336,-11.578231292517007,-0.7969924812030076,-20.580645161290324,-4.698795180722891,1.7247191011235956,0.029250457038391353,1.0555898702903028,1.226890756302521,0.33765298776097885,0.06578947368421062,-0.002020202020201922,0.03762376237623766,0.3984710941232681,1.2014134275618376,0.015873015873015817,0.13626152296847183
2018-05-05,0.009648624941953399,0.03573347662547022,0.003425655976676323,0.00039408866995072067,0.026088489335448717,-0.36060466189706897,-0.8950151057401813,-0.8950151057401813,-0.8963133640552995,-0.8953488372093024,-0.7929260450160771,4.777777777777778,-0.8369028006589786,-0.9272529858849077,0.08591065292096212,0.21936056838365903,-0.034855769230769273,0.04528301886792452,0.02260495156081821,-0.0864197530864198,-0.44736842105263164,0.03625954198473269,0.016399043389135448,0.035313001605136396,0.0078125,0.03531497136623929
2018-08-04,-0.0459934587080949,-0.1095979247730221,-0.07212900414033563,-0.11739216072483749,0.016320219893489085,0.005594658003970299,0.19424460431654667,0.19424460431654667,0.19999999999999996,0.1777777777777778,-0.31055900621118016,0.0,4.424242424242424,-8.029850746268657,-0.29810126582278484,0.26802621995629994,-0.042029887920298936,0.030084235860409203,0.014210526315789451,0.23648648648648662,0.2142857142857142,0.03406998158379393,0.06521008403361361,0.029457364341085146,0.0,0.008823916765441808
2018-11-03,0.09068995071780583,0.2624908958485068,0.15202755597307038,0.43807185896005363,-0.042089249492900604,-0.03015075376884424,-0.6265060240963856,-0.6265060240963856,-0.6296296296296297,-0.6226415094339622,-1.518018018018018,0.5192307692307692,-1.037243947858473,-0.29511677282377924,-0.2993688007213706,0.05399195864445727,-0.047448813779655374,0.012850467289719614,-0.04359107420861441,0.0382513661202184,0.02564102564102555,0.03383793410507563,-0.12180498579993693,0.010542168674698926,0.0,-0.1220626631853785
2019-02-02,-0.05731545601885957,-0.14099457713164876,-0.13305245990758363,-0.1880819366852886,0.13569790012352212,0.7065136935603258,10.951612903225806,10.951612903225806,11.05,10.899999999999999,-12.356521739130434,-1.3924050632911391,-47.4,-2.418674698795181,0.6061776061776061,-0.14986376021798375,-0.3657454793585807,-0.3425605536332179,0.1345632121540965,-0.1105263157894737,-0.16323529411764703,0.03273040482342804,0.20481494789795174,-0.3591654247391953,0.023255813953488413,0.057992565055762224
2019-05-04,0.10951338960091705,-0.04566823371390194,0.1736165543188588,-0.04071100917431192,-0.01755748912367927,-0.4031663413576231,-0.8164642375168691,-0.8164642375168691,-0.8174273858921162,-0.8151260504201681,-1.0290964777947933,-3.5483870967741935,-0.8297413793103449,-1.9193205944798302,-0.3469551282051282,-0.2137820512820512,-0.023130715438407723,-0.024561403508772006,-0.021042563366810207,-0.3076923076923077,0.2108963093145868,0.03169307756463713,-0.11452430659111246,0.0,-0.022727272727272707,-0.005200281096275572
