Quarter end,Assets,Current Assets,Liabilities,Current Liabilities,Shareholders equity,Revenue,Earnings,Earnings available for common stockholders,EPS basic,EPS diluted,Cash from operating activities,Cash from investing activities,Cash from financing activities,Cash change during period,Cash at end of period,Price,ROE,ROA,Book value of equity per share,P/B ratio,P/E ratio,Cumulative dividends per share,Equity to assets ratio,Net margin,Asset turnover,Current ratio
1996-06-30,0.027002685530883586,-0.0009440468140093916,0.05171739737503489,0.04085566939690177,0.01113958990536279,0.07212685913080996,0.9632067005683518,0.9632067005683518,1.0555555555555558,0.0,0.35232847254888777,-0.2611376887427119,-2.005016228976099,-0.6404666509545134,-0.13516147609976525,0.16205533596837962,-0.02073005858494814,-0.08098336948662344,0.007692307692307665,0.4557522123893807,-0.005458201666188045,inf,-0.015432605483500228,0.029259896729776136,-0.011627906976744207,-0.040161466885604846
1996-09-30,0.027002685530883586,-0.0009440468140093916,0.05171739737503489,0.04085566939690177,0.01113958990536279,0.07212685913080996,0.9632067005683518,0.9632067005683518,1.0555555555555558,0.0,0.35232847254888777,-0.2611376887427119,-2.005016228976099,-0.6404666509545134,-0.13516147609976525,0.16205533596837962,-0.02073005858494814,-0.08098336948662344,0.007692307692307665,0.4557522123893807,-0.005458201666188045,inf,-0.015432605483500228,0.029259896729776136,-0.011627906976744207,-0.040161466885604846
1996-12-31,0.02549547969450061,0.03978125670169419,-0.05279857681482658,-0.04959384754240159,0.07776507396279264,0.09515784178090803,0.12410483010818218,0.12410483010818218,-0.2702702702702702,0.0,-0.27350427350427353,-0.31888309980272145,-1.3857897827363477,-1.809242871189774,0.1264726974695216,0.4659863945578231,-0.02073005858494814,-0.08098336948662344,0.06870229007633566,0.4557522123893807,-0.005458201666188045,inf,0.050858762714690586,0.029259896729776136,-0.011627906976744207,0.0940195309715588
1997-03-31,0.10934552314613266,0.22161493245333608,-0.21855158591111046,-0.026996013413922437,0.30173271601384855,0.07383205475676413,0.12267028126058954,0.12267028126058954,0.11111111111111094,0.0,0.9125170998632011,0.4126995915336056,8.184931506849315,7.508707978938842,0.9552998954117593,0.10788863109048741,-0.02073005858494814,-0.08098336948662344,0.25714285714285734,0.03647416413373872,-0.005458201666188045,inf,0.17343700412567453,0.029259896729776136,-0.011627906976744207,0.25553818087047175
1997-06-30,0.10885977780477085,0.14914844673307437,0.23213581088352409,0.2759658397722651,0.06543918833548124,0.03981605261750709,0.0764865680651976,0.0764865680651976,0.06666666666666665,0.0,0.9167411752083259,0.5964146777415624,-0.8824260502112851,0.17317212490479816,0.5731761203748924,0.011518324607329822,-0.02073005858494814,-0.08098336948662344,0.0625,-0.1950146627565983,-0.005458201666188045,inf,-0.039080459770114984,0.029259896729776136,-0.011627906976744207,-0.09942916450441086
1997-09-30,0.07039271614977238,-0.007869424485204668,0.07233992998187677,0.08830794237633866,0.06959955647922778,0.05973587855350315,0.07570659488559883,0.07570659488559883,0.0625,0.0,-0.29415606224577373,0.5888629103961538,1.1268498942917549,-1.3003327111904568,-0.10942419986695251,0.20703933747412018,-0.02073005858494814,-0.08098336948662344,0.06417112299465244,0.13661202185792343,-0.005458201666188045,inf,-0.0008443568815086344,0.029259896729776136,-0.011627906976744207,-0.08833698282816638
1997-12-31,0.020477889586683062,-0.0941594050654585,0.017877989846061926,0.028531265786641447,0.02153962142819532,0.004988547692068801,-0.31566051506620796,-0.31566051506620796,-0.2941176470588236,0.0,-0.10476089772396835,-0.07266471843976041,-3.4923790589794566,1.48567954606863,-0.30541307703799614,-0.04288164665523153,-0.11228716060745514,-0.08098336948662344,0.035175879396984966,-0.10096153846153844,-0.11554015020219521,inf,0.0011267605633802358,-0.06410256410256421,-0.03529411764705881,-0.11927185386511607
1998-03-31,0.012013176114820334,-0.005900564001961706,0.04980462238107308,-0.007588052731983708,-0.003364554956206467,-0.10111057460164175,0.08379675478022386,0.08379675478022386,0.29166666666666674,0.0,-0.6677493651449832,-0.5095992669244351,-1.1374634405743154,-0.4751888689602696,-0.23076187744957466,-0.2983870967741935,-0.06894764126490394,-0.08098336948662344,0.0,-0.32263814616755804,-0.27465708687132595,inf,-0.015194147439504868,-0.03394877903513982,-0.04878048780487798,0.0016506387254198174
1998-06-30,-0.009913424285793226,-0.006973672715312795,0.22939625877346215,-0.013154685908562724,-0.11248597906933688,0.06885474860335195,-0.10212975328600549,-0.10212975328600549,-0.22580645161290325,0.0,1.1453075008887308,-0.45478990064716074,-20.783365570599614,-0.14250207125103564,-0.25723872250528146,-0.005108556832694733,-0.07126948775055686,-0.09834775767112514,-0.07766990291262144,-0.0052631578947368585,-0.013507429085997336,inf,-0.10357142857142854,-0.0838471023427867,-0.012820512820512886,0.00630507988822826
1998-09-30,0.019940678406516588,0.07671607187215379,-0.05394988375096876,-0.07592452610768696,0.06381157762024103,0.043130396325221865,0.3749021449819947,0.3749021449819947,0.41666666666666674,0.4347826086956521,0.0428766726044989,0.01930953774136923,-0.5554849432929214,-1.4694444444444446,0.1625815626568512,-0.016688061617458283,-0.017985611510791366,-0.03752181500872598,0.05263157894736836,0.06613756613756627,0.0629849383842993,inf,0.04286852589641432,-0.02893674293405113,-0.012987012987012991,0.16518333926664286
1998-12-31,-0.03606900156821746,-0.03848963740531397,-0.1362638442886166,-0.06342714216048706,0.016834249826265246,-0.03481402967816538,0.016568923304674632,0.016568923304674632,0.02941176470588225,0.030303030303030276,-0.17093032493842852,-0.5470723306544202,0.9995601011767294,-1.7290969899665551,-0.10196078431372546,0.11357702349869436,0.09462759462759451,0.08522212148685404,0.030000000000000027,0.05707196029776673,0.12365822241305291,inf,0.055012224938875365,0.09078309078309088,0.0,0.02658111824014653
1999-03-31,-0.010881226653719378,0.016830960569463427,-0.07412887194370155,-0.0751969363589029,0.01748570034965735,0.02852236764603111,-0.8937492998767783,-0.8937492998767783,-0.8571428571428571,-0.8823529411764706,0.5549326817114657,0.8033677349266704,-0.08546914530854688,-3.069513055751588,0.2349665478145908,0.18053927315357576,-0.19297267150027886,-0.18964076858813694,0.004854368932038833,0.147887323943662,0.07336645013374077,inf,0.028679026651216688,-0.21728081321473958,0.03947368421052633,0.09952380952380957
1999-06-30,0.036278526611642326,0.054691148637022735,-0.07456652530508834,-0.017426443879404285,0.08151684657341063,0.04548454728995188,9.647865050079073,9.647865050079073,7.0,8.5,0.22426278002033717,1.3366465863453816,-0.8157324993986048,1.2837169650468883,0.4345033413352364,0.23733862959285013,0.09951624049758112,0.1463917525773195,0.09178743961352653,0.23108384458077702,0.5927376290494839,inf,0.04364967614756399,0.1258116883116882,0.012658227848101333,0.07340840190558673
1999-09-30,0.07656825687267332,0.019292439638295855,0.08037545936213242,0.24033049602129375,0.07523869654292681,0.09572927304799927,0.14302688251893647,0.14302688251893647,0.125,0.13157894736842102,0.5465253832020336,1.2225755166931638,2.2624020887728458,-1.0206809018963716,-0.006264133876074163,0.2672552166934188,0.044626021370207436,0.07823741007194251,0.07522123893805333,0.16112956810631252,0.0927581582476531,inf,-0.0012142471667566657,0.05984138428262442,0.02499999999999991,-0.17823280209804315
1999-12-31,0.12150157811538076,0.08796455077991028,0.1883665969973909,0.20272717111881078,0.09803926268032148,0.09461028122113868,0.1450537075537075,0.1450537075537075,-0.22222222222222232,-0.2558139534883721,0.0036618113760273907,0.2514016162084831,-3.762004801920768,-89.62454873646209,0.5586555310288328,0.1652944901836606,0.0625752105896511,0.07422852376980815,0.09465020576131677,0.0829756795422032,0.06729392513806509,inf,-0.02093745778738343,0.06394557823129254,0.0,-0.09537252976555788
2000-03-31,0.285194049967491,0.5333753651514197,0.08122011219422465,0.04391247243079821,0.3626543445662638,0.08997809377104504,0.22252903128191548,0.22252903128191548,0.17142857142857149,0.21875,0.24610021079941635,0.12209176579638492,3.1800137636278025,3.8727035724469427,1.7464813408865267,0.357608695652174,0.22423556058890148,0.2515527950310561,0.3195488721804509,0.24042272126816377,0.2148332694518973,inf,0.060154525386313384,0.3158567774936061,-0.04878048780487798,0.46886024423337846
2000-06-30,0.0977485533800011,-0.0069268364888313005,0.17419663503707827,0.19345400593471807,0.07471295667439803,0.1202036772695314,0.14047029702970293,0.14047029702970293,0.14634146341463405,0.1282051282051282,0.16106028862545063,0.43104374044855653,-1.0535500753860285,-1.1746948670790838,-0.1110880751892489,0.09167333867093674,0.011563367252543921,0.015508684863523525,0.07407407407407418,-0.17252396166134198,-0.22558763211863064,inf,-0.02095262883914628,0.05685131195335269,-0.03846153846153855,-0.1679368158514617
2000-09-30,0.09193079792739134,-0.13530470401837225,0.037494793647344205,0.04046306011526779,0.10985201337230355,0.11774662888225329,0.14850786760716228,0.14850786760716228,-0.23404255319148937,-0.25,-0.08391240025105351,0.5071242339404085,-5.011003236245955,1.3987653730200509,-0.2997757378225637,-0.010267693436010306,0.010059442158207643,0.0183262064752594,0.10344827586206895,-0.07850707850707839,-0.1389284986759014,inf,0.016482786122557602,0.050114942528735495,-0.026666666666666727,-0.16891479322786562
2000-12-31,0.08828322597141747,-0.09680560033453889,0.17712051525968087,0.19285106627030024,0.06094329766075823,0.0006692757075605904,0.010346293759153413,0.010346293759153413,0.0,0.030303030303030276,0.2427419650831324,-0.09591961800679216,-0.9289172180087139,-0.23622000119695974,-0.32698483192129,-0.2938125231567247,-0.012675418741512123,-0.00959808038392318,-0.028846153846153855,-0.36033519553072624,-0.383250532292406,inf,-0.02510788544527265,0.03721541155866914,-0.04109589041095896,-0.24285332620892341
2001-03-31,0.0958397025797808,0.31320310594788303,-0.19000504159314346,-0.22021355450047075,0.19344222454001403,0.16339243204026577,-0.5120639670812681,-0.5120639670812681,-0.6388888888888888,-0.6470588235294118,-1.1789265392112465,-0.7295835510428876,49.605561861521,-1.8539413884971008,0.6485495291997665,-0.07502623294858346,-0.16781292984869323,-0.1532404603270744,0.1856435643564356,-0.048034934497816484,-0.17069428461833525,inf,0.08906773977196503,-0.15745040101308572,0.0,0.684103740296401
2001-06-30,-0.016602244458814752,-0.010084535699579344,-0.2219852540720637,-0.2493127739270281,0.03099439146076577,-0.3233100289883316,0.04326784858648769,0.04326784858648769,0.3076923076923077,0.3333333333333335,-1.8845116918844567,-0.6865632670113322,-0.9502282234458936,-0.7397075916070227,0.06550739363708447,0.05672149744753252,-0.184022038567493,-0.15736766809728187,0.018789144050104456,-0.10779816513761475,0.19333950046253467,inf,0.04828180810444649,-0.08166332665330667,-0.08571428571428563,0.3186841967419203
2001-09-30,0.030914096183414674,0.12252998814611815,-0.03943599004688314,-0.0486033634266706,0.04321700781115778,0.01992886661770843,0.06315160979194423,0.06315160979194423,0.0,0.0625,1.368872853943767,0.48800399866711097,1.8174853537629563,2.845358401880141,0.23641263121392297,0.14009661835748788,-0.21134368669817694,-0.18845500848896435,0.03893442622950838,0.11825192802056539,0.2999999999999998,inf,0.011984490659146863,-0.10583742498636117,-0.09375000000000011,0.1799006951340616
2001-12-31,0.03666889195786549,0.15924481689595038,-0.04048550764576564,-0.09209352517985614,0.0490927253345641,0.0013765159322896015,0.018532918610679072,0.018532918610679072,0.0588235294117645,0.0,0.5064072265112127,-0.6998096517747172,0.7791906589891235,1.2690380149126024,0.4338594041240367,0.05084745762711873,-0.23373287671232879,-0.20502092050209209,0.05128205128205132,0.011494252873563315,0.26356589147286824,inf,0.011958667131080958,-0.1311775472849298,-0.08620689655172398,0.276831403178023
2002-03-31,0.04510518644509398,0.14739391052359974,0.27532837211677164,0.3309534940847392,0.011198789320073566,0.049232677978527706,0.11617254103575525,0.11617254103575525,-0.2777777777777777,-0.2941176470588236,0.1731657573169243,0.664490861618799,-2.0394210455342296,-0.5252383774174433,0.14365410868192097,0.14426523297491034,0.02681564245810053,0.03684210526315779,0.0037523452157597337,0.08863636363636362,0.4579990561585652,inf,-0.03235429095915554,0.1657303370786518,-0.1132075471698114,-0.13792285179423625
2002-06-30,0.04633819379115711,0.043299415852112944,0.09940396655006234,0.11551811389277522,0.03648147063662699,0.07325938417505928,-0.17441860465116277,-0.17441860465116277,-0.15384615384615385,-0.16666666666666663,0.058854994725189735,7.508459383753502,-1.3491610448019373,-0.9036083059117214,0.012107736765402777,0.16679718089271733,-0.03373231773667018,-0.03934010152284251,0.031775700934579376,0.16283924843423803,0.06392620165075247,inf,-0.009485416172634542,-0.03554216867469884,0.0,-0.06474798140445315
2002-09-30,0.008446785029545767,-0.09989440706512731,-0.019277689772582485,-0.02054246189317277,0.013909105177013936,0.06261854831137126,-0.5276166804750069,-0.5276166804750069,-0.5454545454545454,-0.5,-0.19652830400493948,1.6517027048381574,-0.8277186029229626,-43.00029429075927,-0.502445035117675,-0.2802013422818792,-0.15878378378378377,-0.1638044914134743,0.009057971014492905,-0.30161579892280077,-0.26954669911773643,inf,0.005386641129997649,-0.17551530293566509,0.02127659574468077,-0.08100330292030478
2002-12-31,0.04789807895047704,0.1379740944698673,0.0916968748984679,0.07634631836485606,0.039551220927455555,0.007363857011570163,2.6087888531618435,2.6087888531618435,2.5999999999999996,2.5999999999999996,0.30953420542466414,-0.8956819705509895,1.1056793673616103,-1.3987121366060105,0.4026307596513077,0.13613053613053627,0.1352074966532797,0.12322274881516582,0.037701974865349985,0.12596401028277637,0.32382340691378575,inf,-0.007977140135730365,0.11212121212121207,0.0,0.057255711337271364
2003-03-31,0.012635656771264214,0.03788364151882173,0.060036989009587316,0.08910038981420554,0.003149122568172791,-0.11711832886934348,-0.48143748143748144,-0.48143748143748144,-0.4444444444444444,-0.5,-0.2439583889037077,2.734409216414358,-6.297029702970297,-1.655009401964747,-0.728049598700506,-0.02749281903980305,-0.09551886792452824,-0.10126582278481011,0.0,-0.06392694063926951,-0.17146452729274808,1.0,-0.009361497839654342,-0.07765667574931889,-0.02083333333333337,-0.04701962236208812
2003-06-30,0.0028845985542000907,0.08660026366381057,-0.04557085903596092,-0.026458420489936296,0.013132035397629638,0.0683045088129508,-0.2986566697906904,-0.2986566697906904,-0.29999999999999993,-0.33333333333333337,0.19610852384984478,-0.07347823315698898,-0.9107960038672253,-0.8320455033268942,-0.11612161234673246,-0.09282700421940926,-0.10821382007822689,-0.10798122065727689,0.00865051903114189,-0.09268292682926815,-0.02809948737421686,0.5,0.010298037315241038,-0.09527326440177253,0.0,0.11612629794447993
2003-09-30,0.04181528139933466,0.11764305938736097,0.017195878368156503,0.029101691192620294,0.04672015378033567,0.044660627592492785,1.6803266518188567,1.6803266518188567,1.5714285714285712,1.8333333333333335,0.1399601799277339,0.2713639052847374,-9.614161849710984,-0.49089456869009584,-0.06688492937942037,0.20604651162790688,0.2894736842105263,0.28771929824561404,0.03430531732418518,0.196236559139785,0.33307286579410045,0.5,0.004676819762561513,0.3257142857142856,-0.04255319148936165,0.08603885830010749
2003-12-31,0.05980535967850775,0.13386128013129284,0.07803566116931626,0.08356492973233798,0.05627582014581267,0.05627173771114524,0.13125969421670725,0.13125969421670725,0.11111111111111116,0.11764705882352944,0.3307975936347758,0.12297086706203197,0.22588491863781246,-5.302478820207091,0.3083981827178264,0.168530659467798,0.005668934240362855,0.006811989100817151,0.05306799336650081,0.12808988764044926,-0.11195779601406786,0.33333333333333326,-0.0033420864168060005,0.024630541871921263,-0.022222222222222254,0.04641473150549236
2004-03-31,0.025674375196802046,0.05389506414971956,0.1558987526107034,0.15631743911211582,-5.754990371753532e-05,0.07617704405872994,0.1469529662365645,0.1469529662365645,0.09999999999999987,0.21052631578947367,-0.07532275626069374,-1.011872753380169,-4.3655833048238115,2.4393232205367563,0.8106714339739403,-0.010561056105610533,0.21758737316798182,0.21244925575101492,0.006299212598425141,-0.05976095617529875,-0.030033003300329986,0.3333333333333335,-0.02502994011976034,0.1796875,0.045454545454545414,-0.08857270145347229
2004-06-30,0.01391122730856642,0.04286465786898508,-0.03993687546829516,-0.030938600486574708,0.026210946167296578,0.11095737348844015,-0.06502294802006614,-0.06502294802006614,-0.045454545454545525,-0.08695652173913049,0.09839564321460115,-84.78977272727273,-0.599617792957632,-1.3911789652247668,-0.17513813203713902,-0.008672448298865931,0.18333333333333335,0.1796875,0.029733959311424085,-0.01483050847457612,-0.22218441646818654,0.25,0.012037833190025715,0.13703515028018343,0.021739130434782483,0.07613112149818235
2004-09-30,0.03260090386810077,0.06988452380306676,0.09956834035499695,0.11943629249205179,0.018290509612000072,0.037217718246974396,0.3800086759971688,0.3800086759971688,0.38095238095238093,0.38095238095238093,-0.2295764536970567,-0.09454707494986869,-1.0669239362242307,-0.3678989592367736,-0.13421034458946202,-0.059892328398384875,0.11737089201877948,0.10974456007568589,0.016717325227963542,-0.08602150537634412,-0.2360017497812773,0.19999999999999996,-0.01383663065906049,0.07078853046594968,0.042553191489361764,-0.0442583392476934
2004-12-31,0.05121802148937071,0.09775748106223836,0.08624019747937428,0.03860700729129696,0.04313671494258697,-0.06937207173733773,-0.12082457852853101,-0.12082457852853101,-0.10344827586206884,-0.13793103448275856,0.37263014039011066,0.20669954744353736,1.4764795144157814,-1.0821541891776005,0.012735127949484948,0.013958482462419264,0.04131652661064411,0.03154305200341012,0.038863976083707064,-0.004705882352941115,-0.118522759805325,0.25,-0.007630769230769219,0.02887029288702947,0.0,0.056971425176736146
2005-03-31,0.018059018222575052,-0.006763827607832895,-0.04063052045114823,0.007897798607778839,0.03216111821263823,0.013141237876368228,0.06140383891607071,0.06140383891607071,0.03846153846153855,0.040000000000000036,-0.48171211860648244,-0.4570215180558388,-2.064031862745098,-8.779749478079331,-0.09783022459078794,-0.0688316272502647,0.01613987895090796,0.01735537190082659,0.025899280575539585,-0.10165484633569755,-0.12569015914257864,0.2333333333333334,0.013766588118566236,0.026433509556730295,0.0,-0.014557104316546665
2005-06-30,0.04099190450462542,0.08114768428452934,0.02086372129467784,0.0344545350789951,0.04548728103415556,0.05019151011855838,0.0819282662269738,0.0819282662269738,0.07407407407407396,0.1153846153846152,0.6415249205406728,-0.7018549361549263,-0.10855168442268937,-10.746679189588086,1.0569183762549104,0.047763457164518686,0.04367968232958308,0.04386677497969127,0.04207573632538564,0.021052631578947434,0.016716196136701278,0.2432432432432432,0.00440420846586731,0.07329635499207598,-0.04081632653061229,0.04514344379170687
2005-09-30,0.0349016600433707,0.07105478191310932,0.019814431589730175,0.03266389476438314,0.03819184248407925,0.04013691671967301,0.07585540115364453,0.07585540115364453,0.06896551724137945,0.06896551724137945,0.16029234975584328,6.34437811490224,1.0203488372093021,-1.4307700779163568,-0.22134510369804483,0.1056439942112879,-0.016487000634115567,-0.013229571984435862,0.032301480484522305,0.05927835051546393,0.024479356960175336,0.28260869565217384,0.003166869671132888,0.014765596160944972,-0.02127659574468077,0.03716336052825464
2005-12-31,0.024705134326986178,0.045748579165592496,0.034401007367095504,0.03102019884429774,0.022628112908026576,0.03342748286390562,-0.3888474250986246,-0.3888474250986246,-0.3870967741935484,-0.3870967741935484,0.10025306242206411,-0.5335903535394964,0.6115107913669064,-2.5138693595807236,0.43034156976744176,0.013416230366492199,-0.08639587362991619,-0.08280757097791791,0.009126466753585527,-0.017031630170316392,-0.004992867332382356,0.27118644067796627,-0.00206410879067509,-0.08657693706802472,0.0,0.014285338454657959
2006-03-31,0.17150817106659955,-0.14080707364385736,0.7473799389375355,0.8029903332297079,0.04672642743359989,0.052261426333356065,0.8833615791047753,0.8833615791047753,0.894736842105263,0.7894736842105263,-0.04778412973549562,-2.2519425702682825,-22.354464285714286,7.608903993920459,2.590129055204126,0.12818856958346792,0.04587155963302747,0.015477214101461634,0.040051679586563305,0.11633663366336622,0.1928315412186381,0.2533333333333332,-0.10646063998053279,0.040223018717642445,-0.021739130434782594,-0.5234476318929294
2006-06-30,-0.023783329844856316,-0.011494160412359733,-0.18821858179040274,-0.1876450196972259,0.03569713397548013,0.062244105319372744,0.018738090196908752,0.018738090196908752,0.0,0.02941176470588225,0.13599208849681443,-6.1784455455659995,-1.7104523514190277,-2.050992960146731,-0.7582477846987208,0.0008586147681739487,0.029014844804318374,0.01608806096528359,0.03354037267080745,-0.037694013303769425,-0.07001201923076927,0.22340425531914887,0.06086601307189543,0.01761102603369058,0.0,0.21678550046263534
2006-09-30,-0.001495190419973702,-0.14201844717166578,-0.1288011805508974,-0.1394625822975183,0.03459877425384916,0.020479362576507176,0.03252623921853881,0.03252623921853881,0.0277777777777779,0.028571428571428692,-0.06834202599323591,-0.9073917428907528,-0.42804736900612705,-0.9904646805889641,-0.02990721227022597,-0.05633400057191873,0.017704918032786843,0.01416666666666666,0.030048076923076872,-0.08525345622119807,-0.10403877221324709,0.20869565217391295,0.0361956103195995,0.011286681715575675,0.0,-0.0029522275899086514
2006-12-31,-0.005586445885669922,0.12397815999772366,-0.11917480949739012,-0.11941546650630597,0.02153200714724024,-0.06318720281860457,-0.08352204106280192,-0.08352204106280192,-0.08108108108108103,-0.08333333333333326,-0.11446101941587006,-1.1665423945462292,0.0590965735648874,-6.066797161732322,0.15620544772910705,0.0033333333333334103,0.08311855670103085,0.08709942481511912,0.019836639439906545,-0.02770780856423183,-0.03714388748647679,0.17985611510791366,0.027251331599157602,0.1026785714285714,0.0,0.27640197397936284
2007-03-31,-0.0039144861002606834,0.017057899158403167,-0.3182652557536867,-0.3173118219334118,0.060797293664117236,0.02857324982868792,0.7530508311713271,0.7530508311713271,0.7352941176470587,0.696969696969697,-0.32819124101223274,-1.8687240166293573,-0.4353059285806814,-0.31427467645354457,0.09264273178624327,0.06765327695560264,0.12790005948839966,0.18216175359032505,0.05034324942791746,0.04663212435233155,-0.04044943820224711,0.16463414634146334,0.06499457373688644,0.15856950067476383,0.022222222222222143,0.48978946258479494
2007-06-30,0.04088976581608361,-0.0006001454730500955,0.1362318184732232,-0.27209284151297275,0.02827624468161538,0.022837134357957423,-0.37127666238606827,-0.37127666238606827,-0.3728813559322034,-0.3571428571428572,0.704520182364061,15.813730903736424,-0.41207394238305517,-0.9629577464788732,0.0031407297718493155,0.0967468175388968,-0.025843881856540074,0.0012787723785165905,0.026143790849673332,0.044554455445544594,-0.05425448868071825,0.1465968586387434,-0.012115036231884035,0.007862550960978654,-0.021739130434782594,0.372976926343604
2007-09-30,-0.048114540570332376,0.14613693009595186,0.01794900729510318,-0.002281438218653009,-0.057772177595432184,-0.020543639613438747,-0.2442803233158557,-0.2442803233158557,-0.2432432432432432,-0.2499999999999999,-0.14044687270651557,-2.029546026776429,5.282978377499593,10.828897338403042,0.03703505294548304,-0.021924168171266523,-0.06334596643205204,-0.047254150702426556,-0.03821656050955413,-0.04502369668246431,-0.028064382996285553,0.13242009132420085,-0.010200573065902607,-0.04362900895694888,0.0,0.1487584844058769
2007-12-31,0.16368232193212107,0.4464435324918652,3.7392388802305794,-0.04872996486621728,-0.40102411310558905,-0.023379354873630853,0.3204568302048485,0.3204568302048485,0.3928571428571428,0.40740740740740744,0.2532184769512462,1.8569772881932631,-2.324768543675252,104.55769848923175,3.769723059262448,-0.14952531645569622,0.12485549132947993,-0.015415549597855183,-0.3200883002207505,-0.11662531017369726,-0.0989384288747347,0.12096774193548376,-0.4852941176470589,0.01963746223564966,-0.022222222222222254,0.5205379046251422
2008-03-31,-0.0399125173688869,-0.04423048460346024,0.015500638779597287,0.08075043551050887,-0.1091579657752999,0.030950118764845547,-0.043332834107133955,-0.043332834107133955,0.0512820512820511,0.05263157894736836,-0.34009598934124663,-1.8029126177459034,-1.8387235389020622,-1.5226544657267274,-0.4130769369618714,-0.04775193798449606,-0.01336073997944498,-0.16746085772634445,-0.09090909090909094,0.401685393258427,-0.07822808671065029,0.11870503597122295,-0.07199100112485946,-0.14814814814814825,-0.022727272727272707,-0.11565060845441766
2008-06-30,0.012391399617960763,-0.16672876412474602,0.010044143829212926,0.018002836493424157,0.015735030008019457,0.029775207550937433,-0.004461723112247573,-0.004461723112247573,0.0,0.0,0.41207038957463404,-1.647825824962802,-0.6971924137417096,-1.576338090535411,0.4056272245641084,0.11820253988928697,0.1781250000000001,-0.031888798037612465,0.021428571428571352,0.22845691382765532,0.24488752556237237,0.1061093247588425,0.0031515151515151274,-0.017391304347826098,-0.023255813953488413,-0.1814561432782691
2008-09-30,-0.010400882584910676,0.03858286145451628,0.024754009296335866,0.1385865793410479,-0.06019792347566999,0.005720209417836353,0.0026470973660071007,0.0026470973660071007,0.024390243902439046,0.02499999999999991,0.17304802060230884,-3.648769318832284,1.277032639123881,-2.8896021512441936,-0.5452897203077709,-0.09726266744321499,0.2908930150309459,0.026182432432432456,-0.04895104895104885,-0.11582381729200653,-0.12197125256673524,0.09883720930232553,-0.050265828902851695,0.042831858407079704,-0.023809523809523836,-0.08783278746449574
2008-12-31,-0.027747891921442447,0.17111451942740286,-0.0649273210910214,-0.20649813300583808,0.029677466315125356,-0.28749823882301473,-0.04369249268088671,-0.04369249268088671,-0.04761904761904756,-0.024390243902438935,-1.0202155214205577,-1.3813075377101613,-0.60292895790974,-1.2125418297279296,0.25488070110156613,-0.25903225806451613,0.011986301369863117,-0.0057613168724278685,0.027573529411764497,-0.22140221402214022,-0.3241347053320861,0.08994708994709,0.05903307888040721,0.037338764426340765,-0.024390243902438935,0.475879022646007
2009-03-31,-0.01050367714514433,0.0010666700365091764,0.0014377521228543522,-0.11436521303714497,-0.027253162419344057,-0.09842011594142563,-0.6879962825786876,-0.6879962825786876,-0.675,-0.7,-16.103117505995204,-0.50800881288211,-0.006515600013609624,-0.30609393878372937,0.14094030072035868,-0.16456247279059633,-0.1685279187817258,-0.17052980132450335,-0.030411449016100156,-0.1872037914691942,-0.17508650519031144,0.08252427184466016,-0.016818837097549277,-0.09849476439790561,-0.10000000000000009,0.13033383470790727
2009-06-30,-0.014466604362116886,0.010530247780999202,-0.3505147577398888,-0.04146615695974809,0.47078926810165056,0.11368345714071326,0.19882605457970115,0.19882605457970115,0.15384615384615374,0.25,1.6100576146622512,0.10917521022923626,0.05219267453209819,1.3696381608778454,0.2927212885561996,0.137050547159979,-0.2698412698412699,-0.1836327345309381,0.4704797047970479,0.17492711370262382,0.3766778523489933,0.07623318385650224,0.4921798631476051,-0.1237749546279493,-0.05555555555555547,0.054245704283213625
2009-09-30,0.01335730798869772,-0.019126804724891366,0.03311124288501621,0.14182490900925648,0.000761044408210676,0.17471974459572226,0.6254384682841274,0.6254384682841274,0.6000000000000001,0.6000000000000001,0.11261265175940971,-2.44120472543165,-0.138395690595147,-1.2750401836969,-0.062279563034356555,0.14161319890009172,-0.24024526198439244,-0.15158924205378965,-0.0037641154328732496,-0.22332506203473956,0.4052407068860451,0.0708333333333333,-0.01244677366524738,-0.11433305716652864,-0.05882352941176472,-0.1409619978652391
2009-12-31,0.010471056968057946,-0.16481982753829905,-0.0002458415280509607,0.08679189903140583,0.01752568200192406,0.10340552631462852,0.5601438687197933,0.5601438687197933,0.5833333333333335,0.5416666666666667,-0.21166178480765474,1.0637115370757368,-0.025820221747917538,4.002337618968109,-0.33223484183385854,0.07185869128863898,-0.1063829787234043,-0.021613832853025983,0.01385390428211597,0.07348242811501593,0.2723330442324372,0.0661478599221792,0.006965174129353269,-0.08933582787652006,0.09375,-0.23151490049898416
2010-03-31,0.02975355693448245,0.11660614512554957,0.02417445703592258,0.09860372160855602,0.03336197455985168,0.11163979064290541,0.09143696958344738,0.09143696958344738,0.07894736842105265,0.08108108108108114,0.07035778334836063,-1.2960607581676524,-0.12715216379711491,-1.7278781000700958,0.36214298169619497,0.02958801498127328,0.20114942528735646,0.30927835051546393,0.02608695652173898,0.01488095238095255,0.06475800954328559,0.062043795620437825,0.0036231884057973396,0.17616846430405753,0.11428571428571432,0.016386710980507813
2010-06-30,0.07032352493509353,0.14706242019554683,0.14535171776713174,0.3967451693790256,0.022228671301308234,0.15387741889072726,0.1824050482514621,0.1824050482514621,0.1707317073170731,0.17499999999999982,0.23410597252564158,-1.6756844417579502,0.24712337287307307,-0.7604384013940797,0.06369048828561552,0.04110585667515476,0.26315789473684204,0.24746906636670407,0.020581113801452666,0.014662756598240456,-0.21030729833546724,0.05841924398625431,-0.04496225795864783,0.13362445414847146,0.10256410256410242,-0.1787617099714669
2010-09-30,0.04273654061291321,0.03756895732519716,0.04032673538200249,0.09171935061460701,0.0444673405785776,0.19161411591609756,0.15088314762298194,0.15088314762298194,0.14583333333333348,0.14893617021276606,0.18610390194872406,3.558770264668019,-0.12813707853160683,-4.182522970903522,-0.19055960754497836,0.03354297693920327,0.17532467532467533,0.16501352569882788,0.039145907473309594,0.014450867052023142,-0.18970409404134592,0.05519480519480524,0.0017182130584190158,0.057010785824345156,0.09302325581395343,-0.04959490829707747
2010-12-31,0.007248332662718848,-0.09328771374403133,0.006469410965126432,-0.03290449474430901,0.007805561561869734,-0.03779256077494764,-0.022351571594877773,-0.022351571594877773,-0.018181818181818188,-0.05555555555555558,-0.12301348898683984,-1.1787510828830294,1.0251486240781222,-1.7708540094032261,0.18147554640907582,0.12880324543610566,0.0644567219152854,0.05340557275541791,0.0,0.08547008547008561,-0.0615307653826912,0.10615384615384627,0.0005145797598629098,-0.0025510204081632404,0.06382978723404253,-0.06243833001730803
2011-03-31,0.049256096207267897,0.021018220891785955,-0.019648263757220397,0.13463250370913693,0.09848388885690129,0.1318157597111662,0.2456140350877194,0.2456140350877194,0.2407407407407407,0.23529411764705888,0.09994447529150463,-0.20831659838809002,-1.2139030959658625,1.6439690487027767,0.4061156655001039,0.0937406409104522,0.08737024221453304,0.08963997060984563,0.08675799086757996,0.09448818897637801,0.013859275053304865,0.0,0.04680267443853925,0.0292290829375228,0.06000000000000005,-0.10013629854557371
2011-06-30,0.020633356895316757,0.18068004031587903,-0.004796559422647562,-0.035946003126505977,0.036847605269807904,-0.10041099279621624,-0.20899719584475174,-0.20899719584475174,-0.22388059701492535,-0.2222222222222222,-0.4538702085395675,-3.996685493962864,-3.228023014525561,-1.2584305585613946,-0.07464016001727458,-0.2163198247535597,-0.022673031026253065,-0.006068779501011368,0.03571428571428581,-0.2781774580335732,-0.30021030494216605,0.048678720445062496,0.015886013756960304,-0.012424565140220056,0.0,0.2247061755852522
2011-09-30,0.0014689867193697914,-0.07745001996958512,-0.017622298333068165,-0.10341895191155892,0.013152783439104088,-0.0905323532003407,-0.20148449538235325,-0.20148449538235325,-0.1923076923076924,-0.18367346938775508,0.8576796110677631,-0.18497116350462173,0.24450183095908384,-1.451951809063398,0.03645474321558906,0.03354297693920327,-0.09035409035409037,-0.07327001356852103,0.01014198782961473,-0.0033222591362125353,0.02404207362885047,0.04509283819628651,0.011768499113332442,-0.02911574406901507,-0.037735849056603765,0.028961911173035704
2011-12-31,-0.004152617767653188,-0.05342778642126522,-0.044223364990573666,-0.15497717174395642,0.019625628762266034,-0.03360520490190899,-0.022677109740562806,-0.022677109740562806,-0.04761904761904756,-0.050000000000000044,-0.638529537200977,0.01520480793197998,-0.11502874442970368,-3.922765939526657,-0.10280109430938389,0.12880324543610566,-0.09395973154362414,-0.07320644216691075,0.015060240963855387,0.1166666666666667,0.2068965517241379,0.04441624365482233,0.023900573613766518,-0.03258052573121073,-0.05882352941176472,0.12017892190424018
2012-03-31,0.020728854664993523,0.10151523430669696,0.01227675057369293,-0.0027879919216626803,0.025430316204821057,0.02963640340750273,0.040612215927422035,0.040612215927422035,0.04999999999999982,0.0,0.8316380342873486,-0.6950976647752074,-0.037554534796563566,-1.4326839951587804,0.04957695323785538,0.0937406409104522,-0.13777777777777778,-0.12559241706161128,0.016815034619188873,0.07761194029850738,0.16838905775075985,0.04252733900364514,0.004512916277622292,-0.0685036356678147,-0.06249999999999989,0.1045826202700133
2012-06-30,0.019801697658973882,0.10587882795490366,0.030872662502984705,0.008536629645019778,0.013722494854755185,0.0390161428811695,-0.02388511334887644,-0.02388511334887644,-0.023809523809523836,0.026315789473684292,0.25874487604918994,-4.484543461727732,0.2534297182339198,3.7983016983016986,0.22664863036861682,-0.07283680175246454,-0.07789232531500578,-0.07046070460704612,0.013618677042801508,-0.08864265927977832,0.06763787721123826,0.04079254079254069,-0.0058869093725792965,-0.04560394412489732,-0.022222222222222254,0.09652509652509655
2012-09-30,0.23643047023059993,0.026905330736402222,0.7076611793938856,0.3019492857685737,-0.026705781495448444,0.0885004004157508,-1.26913988057426,-1.26913988057426,-1.2682926829268293,-1.282051282051282,-0.5091919888967287,-13.21023237899602,-9.655732220239612,-3.390483923577134,-0.43997420010053245,-0.014176018901358445,-0.3229813664596274,-0.36151603498542284,-0.03166986564299423,-0.027355623100303927,0.04970760233918137,0.03919372900335949,-0.21287205859435876,-0.33835557468790356,-0.022727272727272707,-0.21125639185431067
2012-12-31,-0.011534892716136502,0.003190962390762442,-0.004074255383057945,-0.08969714845778298,-0.018844273554578184,0.085440049256714,-1.480220921450151,-1.480220921450151,-1.4545454545454546,-1.4545454545454546,1.0364454976303317,-0.9499061568468701,-1.0963624349580252,-1.0829085039424942,0.0653897672501631,-0.06021569802276816,-0.31100917431192665,-0.3531202435312023,-0.02279484638255702,-0.028125000000000067,0.40018570102135564,0.03879310344827602,-0.0073252821223520614,-0.3526350032530904,0.0,0.1020373345465404
2013-03-31,0.0020504620239134574,-0.026218516813892645,0.000781136671262006,0.1530044316336967,0.0033127737942157953,0.03388319108177673,4.867492381794947,4.867492381794947,4.999999999999999,4.4,-0.03030091461286044,-0.6652323580034423,-0.12115597662069755,1.207472512080678,0.13548667183903484,0.11412177239400711,-0.13448735019973368,-0.1858823529411766,-0.0050709939148071426,0.13826366559485526,0.6322944297082227,0.036307053941908585,0.0011966493817312518,-0.19095477386934678,0.0,-0.1554428877364089
2013-06-30,0.00835279592771987,-0.2775359175807224,0.005933464898445484,0.02942820927897527,0.010752688172043001,0.07590016366612118,0.316451666945887,0.316451666945887,0.3333333333333335,0.37037037037037024,0.31543747650018794,12.116370932346856,0.7461259264089022,-2.9844704240097712,-0.23678771383253772,-0.031187410586552278,0.006153846153846176,-0.049132947976878616,0.00917431192660545,-0.025423728813559254,0.1462522851919561,0.03503503503503502,0.0023904382470119057,-0.06583850931677016,0.023255813953488413,-0.298189872450928
2013-09-30,0.0210053880767076,0.12700958162328702,0.008965358171164395,-0.03631591519177402,0.03289173395556366,0.06455816003733861,0.2701357869150791,0.2701357869150791,0.25,0.2432432432432432,-0.057817564814420686,-0.16665949625465482,-0.5068022553864153,-0.5281567987977906,-0.14639003449635568,-0.014176018901358445,0.9388379204892965,0.9422492401215805,0.028282828282828243,-0.023188405797101463,0.019847598794967114,0.03384912959381037,0.011724960254372085,0.8324468085106382,0.045454545454545414,0.16948894306111773
2013-12-31,0.009572649313985826,0.08134522045619041,-0.009561227404331185,-0.06637198171694314,0.028024724813342727,-0.020900442284779386,0.05605875398272642,0.05605875398272642,0.06000000000000005,0.04347826086956519,-0.00681624538483383,-0.6280767973200099,0.4671158893599838,-1.5234376323502008,0.08976705539189189,-0.06021569802276816,0.35725552050473186,0.36932707355242567,0.023575638506876162,-0.08605341246290799,-0.5259774109470026,0.032740879326473404,0.01826753093694755,0.3345428156748911,0.04347826086956519,0.15821406636764634
2014-03-31,0.01611797633238976,0.00018841783864931294,0.002162344398340288,0.06219658659924154,0.029084269348872427,0.022828854079424143,0.05781728826102217,0.05781728826102217,0.05660377358490565,0.0625,0.3215288429043075,-0.15295278930240452,-0.02090034919924999,1.9614538157809567,0.24394294854705412,0.11412177239400711,0.12260313771063336,0.134857142857143,0.02303262955854124,0.08766233766233777,-0.189149560117302,0.031702898550724834,0.012731481481481621,0.11310494834148987,0.02083333333333326,-0.05837832626301587
2014-06-30,0.10672381706300715,0.24421257449607725,0.20698448220626653,0.07025431520565095,0.016007784735942332,0.07193585523648927,-0.19360509439885198,-0.19360509439885198,-0.1964285714285715,-0.21568627450980393,-0.18467992190458393,3.960451565914057,-5.5294458694964685,0.6520441952722862,0.3239734849540188,0.3636623748211729,0.0025879917184266077,-0.010070493454179319,0.015947467166979257,0.3343283582089551,0.1839963833634719,0.03160667251975413,-0.08190476190476181,-0.005373717635564157,-0.020408163265306145,0.16254543592894088
2014-09-30,0.024187075983680195,-0.19237488833232463,0.01128640391613045,0.07171175178626044,0.015567523719318244,0.03283756494906176,0.041508636510249275,0.041508636510249275,0.04444444444444429,0.04999999999999982,0.1583829951504332,-0.09053768335119738,-1.311911623811611,-1.9005272314724775,-0.22068245463522018,-0.005035669324380931,-0.036654620547238115,-0.051881993896235934,0.012003693444136765,-0.020134228187919434,-0.02138220694921733,0.030638297872340292,-0.008506224066390122,-0.04076620825147348,0.0,-0.2464182960483824
2014-12-31,0.0039669225031648825,-0.0987819390438942,-0.004994871564382719,-0.08404499278828692,0.02399359904439513,-0.03209743648888863,-0.08099016456466723,-0.08099016456466723,-0.10638297872340419,-0.09523809523809523,-0.0375326744634098,-0.36808159410404295,-0.33627647270963645,-0.8156174245206788,-0.05213536917449557,-0.11092366090257288,-0.06806002143622714,-0.0815450643776825,0.021897810218977964,-0.12100456621004563,-0.0912992586812329,0.029727497935590597,0.01987863569784465,-0.06963645673323093,-0.02083333333333337,-0.01608975982235039
2015-03-31,0.032792983758404004,0.4940557191870496,0.15897119241604685,0.002509303682388886,-0.09379782465810005,0.027419568383423742,0.15507163856513717,0.15507163856513717,0.19047619047619047,0.18421052631578938,-0.034235384498858434,-0.9900361508884432,-0.5227085363111744,-7.034900398406375,0.3319374412443381,0.13187855787476277,-0.021276595744680882,-0.0689252336448598,-0.09732142857142856,0.10649350649350642,0.19836839845427234,0.028869286287088958,-0.12248666393106278,-0.05393505778756191,-0.02127659574468077,0.49032883926273496
2015-06-30,0.015954105590525902,-0.1534941044059991,0.014125154843185994,0.05180070740058529,0.02652184672810165,-0.01703770385875003,0.3145308947506087,0.3145308947506087,0.30000000000000004,0.33333333333333326,0.016906615875861286,118.99294871794872,0.5155452618355971,-1.2922443159312367,-0.07283137138767548,-0.005029337803855838,0.11927144535840206,0.08908406524466761,-0.016815034619188873,0.10328638497652598,0.031171623074166988,0.028059236165237644,0.01028758475566982,0.10762070971495064,0.0,-0.19518318765110654
2015-09-30,0.19133763023768857,0.23198694457473668,0.3258852189348984,-0.00142892443890541,0.01453106939789861,0.013931963921850699,-0.5033252466192688,-0.5033252466192688,-0.5230769230769231,-0.5,-0.17430919747917673,1.8884175886403582,-10.488564250006476,-0.4472530947863016,-0.043419626047161985,-0.09709351305812974,-0.06194225721784774,-0.12442396313364057,0.05432595573440646,-0.08297872340425538,-0.19492703266157052,0.02729340409401071,-0.14834529044202727,-0.06827731092436984,-0.0652173913043479,0.2337377238590408
2015-12-31,-0.05871722370858523,-0.41245505844606134,-0.09207701108690136,-0.0749429764159063,-0.0014262360751786662,-0.0019339072869700713,-0.0568267615833834,-0.0568267615833834,-0.032258064516129115,-0.06666666666666654,0.4042472278931988,-0.9002959236516979,-1.9941882208421484,7.4853079406596095,-0.3851520559176965,0.06344763237695372,-0.050923335198656994,-0.10131578947368425,-0.002862595419847458,0.009280742459396807,0.13724643936124292,0.02656826568265669,0.0608695652173914,-0.06989853438556926,-0.04651162790697683,-0.3648489551280336
2016-03-31,0.022208909010891897,0.8966577878278039,0.029030401399430028,0.11076897131259567,0.011557396169199263,0.032022193269472865,0.10037411576350652,0.10037411576350652,0.10000000000000009,0.10714285714285698,-0.037462525596621,-30.349521406841284,-0.9355676613691528,-9.483000765796357,5.31390763642288,-0.02654090809388021,-0.10141509433962259,-0.12298682284040996,-0.042105263157894646,-0.02298850574712641,0.03339658444022775,0.025880661394680038,-0.010502049180328044,-0.09636363636363632,-0.024390243902438935,0.7075092153765143
2016-06-30,0.32173079012809125,-0.4597536161730196,0.4125776064831781,0.5007107162396698,0.17742648607409195,0.4335430837070764,-2.683067329819613,-2.683067329819613,-2.606060606060606,-2.709677419354839,0.1055076212288737,-2.4509965402035427,-25.71725049007074,-1.8472293192528246,-0.7130446957139192,0.12843623253717884,-0.7650918635170604,-0.7779632721202003,0.1748251748251748,0.17647058823529416,0.23430040396621377,0.024526979677645278,-0.10898265596686507,-0.7800134138162307,0.0,-0.6400128293693872
2016-09-30,-0.038642400971033664,-0.10893861761112456,-0.05621868270465813,0.009625230033927235,-0.005147777989685465,0.09000751803515339,-1.299206972292547,-1.299206972292547,-1.3018867924528301,-1.2641509433962264,-0.008233355806882225,-0.9910307357706419,-1.5382171150746102,-0.9259240396052875,-0.1840686331649254,0.1210063897763578,-0.4106145251396648,-0.42105263157894735,-0.008503401360544172,-0.04600000000000004,3.6396905682832488,0.024623803009576006,0.0345729227193492,-0.46036585365853666,0.09999999999999987,-0.11743540538688235
2016-12-31,0.0099209883076945,0.12478072896926684,0.005005396405265206,0.12569043353265275,0.018807610362641558,-0.0424598675180522,2.1597334827088064,2.1597334827088064,2.125,2.2857142857142856,0.30919355492227285,0.6597542615705891,-0.7371882347665084,-2.573666974253198,0.35500869409046754,0.10972568578553599,0.843601895734597,0.8181818181818181,0.01715265866209248,0.11949685534591192,0.997563165319995,0.024032042723631575,0.008986239820275133,0.7514124293785309,0.022727272727272707,-0.000776548243059505
2017-03-31,0.07590368140552961,0.3747070225137916,-0.03528269650825533,0.08118602784424289,0.27418814460099306,0.08185856087136822,0.2774247725682295,0.2774247725682295,0.21999999999999997,0.19565217391304346,0.10920832731549313,13.263723080524345,-5.993271820874419,0.40699051451566537,0.3686277935590372,0.10048154093097916,0.5552699228791775,0.607142857142857,0.20236087689713322,0.08239700374531833,-0.42080256821829864,0.02346805736636237,0.18424714723072633,0.5580645161290323,0.04444444444444429,0.27145910238974147
2017-06-30,0.026149747862624695,-0.002723596987470933,0.013397808508277542,0.045415572432394136,0.04336763474363825,0.0769664527078675,0.24599731206357545,0.24599731206357545,0.21311475409836067,0.2727272727272725,0.06954365079365088,-0.19735290075224066,-1.2181500403990597,-1.554239905861587,-0.1492796175568184,0.15869311551925325,1.5206611570247932,1.6755555555555555,0.028050490883590573,-0.03633217993079585,-0.28982374459594273,0.023566878980891826,0.016686251468860158,1.5942028985507242,0.02127659574468077,-0.04605604963173504
2017-09-30,0.02121061257058443,0.06292952467458579,0.007538426715127722,-0.0030647314184533148,0.039140772570924964,0.041144237307139564,0.10885354687051185,0.10885354687051185,0.09459459459459474,0.10000000000000009,0.014895997588349807,-0.48705504099450003,0.07487019962402641,-1.3934521703231895,0.06904076912330082,0.05501007049345419,0.23803278688524587,0.3039867109634553,0.034106412005457054,0.026929982046678624,-0.6464528213533131,0.022401991288114376,0.017568192325473797,0.295291300877893,0.0,0.06622028576920624
2017-12-31,0.008515619355352833,-0.07775202155010474,0.09528430892906181,0.030845044716188985,-0.10181510855232356,-0.017718910149692846,-2.327401721330542,-2.327401721330542,-2.3209876543209877,-2.3896103896103895,0.0423498633368653,0.841485592996547,0.55840681247983,-3.891607801989845,-0.18674575602578392,0.07994272759813859,-0.6122881355932204,-0.6063694267515923,-0.10356200527704484,0.04370629370629375,-0.19426048565121412,0.021911138161898824,-0.1092685143116765,-0.609981515711645,0.02083333333333326,-0.10534539226585737
2018-03-31,0.016421762592916833,0.4894110828728153,0.00783239699047411,1.665584964694939,0.02974027299200177,0.008157271387691623,-1.5844332220832702,-1.5844332220832702,-1.588785046728972,-1.5046728971962617,-0.014908523971185805,-0.8643381278612942,-0.4644319601333342,-2.4851809133792964,0.34106258341653284,-0.0066291017567120525,0.039617486338797914,0.02265372168284796,0.026490066225165476,0.10887772194304857,1.592876712328767,0.021441334127456857,0.013006885998469775,0.014218009478673022,0.0,-0.4412426532325777
2018-06-30,1.3311534176234074,-0.16026576885260557,1.8378269779402903,0.06042430851591152,0.5622294042319653,0.20969954555204695,-0.7567175265600403,-0.7567175265600403,-0.7619047619047619,-0.7407407407407407,-0.15887382551082285,131.96037017092482,-77.05957043430539,-2.160969437839489,-0.2952402085875957,0.03147592036480917,-0.580814717477004,-0.6518987341772152,0.5591397849462367,0.0045317220543807935,0.042476754015215556,0.02099125364431509,-0.32980866062437064,-0.5560747663551402,-0.20408163265306123,-0.2081505079040693
2018-09-30,-0.030220065666431206,-0.22785977859778594,-0.04446725663716811,-0.023933062216612955,0.009055778914087265,0.1814432989690722,1.6974789915966388,1.6974789915966388,1.7333333333333334,1.714285714285714,0.6121031746031746,-0.9895747393684842,-1.0973269924565432,-0.3404735062006764,-0.2762909319899244,-0.05046366185033424,-0.7931034482758621,-0.8181818181818181,0.005057471264367841,-0.39097744360902265,1.3488749239813504,0.020559680182752782,0.040570999248685125,-0.7894736842105263,-0.1282051282051282,-0.20889631091543948
2018-12-31,-0.027395792597671886,-0.13721165334068564,-0.03721595329297844,-0.6917293233082706,-0.0017600866504197121,-0.040349040139616044,-0.4890965732087228,-0.4890965732087228,-0.4878048780487805,-0.4736842105263158,-0.012307692307692353,-0.5482014388489209,-0.19528222409435547,-0.8433048433048433,-0.059821622797476603,-0.19759255053372704,9.606060606060607,9.200000000000001,-0.0036596523330282293,-0.20246913580246906,0.0,0.020705092333519692,0.026353790613718564,9.883333333333333,-0.08823529411764708,1.7987910189982728
2019-03-31,0.010701873240910542,0.17959096719216028,0.005225247410462819,2.688830200403915,0.02449090310205193,-0.03266167163744815,2.5508130081300813,2.5508130081300813,2.5238095238095237,2.3,-0.16220145379023887,0.38853503184713367,-0.2391122278056952,-0.8690909090909091,-0.008329477093937943,0.11788848004528729,-0.02000000000000013,-0.06372549019607854,0.02020202020202011,0.12383900928792557,-0.7294813152671097,0.019736842105263275,0.013366162504396817,0.018376722817764257,-0.06451612903225812,-0.6802427234392677
