Quarter end,Assets,Current Assets,Liabilities,Current Liabilities,Shareholders equity,Revenue,Earnings,Earnings available for common stockholders,EPS basic,EPS diluted,Cash from operating activities,Cash from investing activities,Cash from financing activities,Cash change during period,Cash at end of period,Price,ROE,ROA,Book value of equity per share,P/B ratio,P/E ratio,Cumulative dividends per share,Equity to assets ratio,Net margin,Asset turnover,Current ratio
1993-11-30,0.03695146949977013,-0.008397620674142292,0.044869242629206774,0.09004574067050686,0.022595384526403084,-0.9221723960698678,-0.9552703440742764,-0.9552703440742764,-0.9565217391304348,0.0,-1.9439699451146137,-0.3945366995184735,-1.046558512404535,-0.8396419914227111,0.41774419691540743,-0.044277360066833804,0.01829753381066035,-0.10633946830265839,0.01736111111111116,-0.06549118387909325,0.05852042694147963,inf,-0.013783403656821291,-0.016620498614958512,-0.008547008547008517,-0.09033384246126996
1994-02-28,0.03695146949977013,-0.008397620674142292,0.044869242629206774,0.09004574067050686,0.022595384526403084,-0.9221723960698678,-0.9552703440742764,-0.9552703440742764,-0.9565217391304348,0.0,-1.9439699451146137,-0.3945366995184735,-1.046558512404535,-0.8396419914227111,0.41774419691540743,-0.044277360066833804,0.01829753381066035,-0.10633946830265839,0.01736111111111116,-0.06549118387909325,0.05852042694147963,inf,-0.013783403656821291,-0.016620498614958512,-0.008547008547008517,-0.09033384246126996
1994-05-31,0.00586960129596803,0.019863073800868936,0.002806444646215045,0.03424691121629553,0.01154452844654763,-0.9221723960698678,-0.9552703440742764,-0.9552703440742764,-0.9565217391304348,0.0,-1.9439699451146137,-0.3945366995184735,-1.046558512404535,-0.8396419914227111,0.04725015109059938,-0.04895104895104885,0.01829753381066035,-0.10633946830265839,0.013651877133105783,-0.06549118387909325,0.05852042694147963,0.0,0.00541928123217339,-0.016620498614958512,-0.008547008547008517,-0.013912209162868727
1994-08-31,0.10040773715007423,0.09911653144313282,0.14114277660324182,0.26706388897042066,0.025592279655400896,13.750375624585066,31.285714285714285,31.285714285714285,32.0,0.0,-1.6160686524469872,2.007767206778653,-25.531584309730004,-6.725581395348837,-0.25832852421174124,-0.07444852941176472,0.01829753381066035,-0.10633946830265839,0.026936026936026813,-0.08625336927223715,0.05852042694147963,1.0,-0.06780141843971621,-0.016620498614958512,-0.008547008547008517,-0.13249006729911617
1994-11-30,0.04074334782513511,0.09536658122348629,0.0658919362759387,0.07062441865023494,-0.010649425124889422,1.0758206381280186,-0.41055895923152563,-0.41055895923152563,-0.4545454545454546,0.0,-5.754214191985465,-0.6077866877540682,-1.6526564982193104,-1.2902112103980503,0.10108226639315276,-0.052631578947368585,0.01829753381066035,-0.10633946830265839,-0.00983606557377048,-0.0766961651917405,0.05852042694147963,1.0,-0.049604382227632304,-0.016620498614958512,-0.008547008547008517,0.023086269744835963
1995-02-28,0.032332484010656026,0.0007770007770007137,0.06087118546967418,0.11223012243104513,-0.030500200014695,-0.5145060590741182,0.24124214038239455,0.24124214038239455,0.33333333333333326,0.0,-1.999543524416136,-0.36228459817912606,-2.719940182633873,-3.87333799860042,-0.26378003340614165,0.06813417190775684,0.01829753381066035,-0.10633946830265839,-0.03311258278145701,0.07667731629392982,0.05852042694147963,0.25,-0.060838936919628606,-0.016620498614958512,-0.008547008547008517,-0.1002192581765029
1995-05-31,0.009464493791299544,0.018990592067678724,0.010938473489624734,0.016231730511672815,0.0059134352237799614,0.0459531818171135,-0.17078465832730283,-0.17078465832730283,-0.16666666666666663,0.0,-1.518240810561084,-0.2917551746282666,-1.2357092644664793,-2.7406234778373113,0.6236474694589877,0.07262021589793921,0.24843749999999987,-0.10633946830265839,0.006849315068493178,0.10979228486646897,0.05852042694147963,0.2333333333333334,-0.0034094783498125336,0.005633802816901623,0.18103448275862077,0.002741395065488872
1995-08-31,0.01628691394636972,0.03615356055986063,0.01623536306344686,0.03405653903808825,0.016411728882089527,-0.02921684648627021,0.24142874953247717,0.24142874953247717,0.25,0.0,-0.8623862611689483,0.5159377833577456,-2.115802691990739,0.6679725759059745,0.6406728650507874,0.007319304666056681,-0.0801001251564456,-0.10633946830265839,0.017006802721088565,0.0,-0.1940194714881781,0.16216216216216206,0.0,-0.08963585434173671,-0.021897810218978075,0.0020251113811260435
1995-11-30,-0.0283091154123728,-0.0348186969898433,-0.06856669462159626,-0.07884408900736795,0.06914557385555242,0.28777587955053674,1.1199096158674364,1.1199096158674364,1.04,0.0,13.602084884586747,0.02203920125149539,-4.281951185200816,-2.515225232782485,-0.5916863207547169,0.0899182561307903,0.35510204081632657,0.3661327231121281,0.07023411371237454,0.0721925133689838,0.19025021570319245,0.16279069767441867,0.10058159425248037,0.6153846153846152,-0.14925373134328368,0.047797089733225384
1996-02-29,-0.01661173196988741,-0.03430651928232131,-0.02150238154376638,-0.03584508098264405,-0.006297508151132503,-0.2237549793635043,-0.7785304846274101,-0.7785304846274101,-0.7647058823529411,0.0,-0.7877576412756366,-0.12776302165398645,-1.1032479987998156,-1.5499086530476665,0.7968712394705175,-0.05166666666666664,-0.12048192771084332,-0.09715242881072028,-0.009375000000000022,-0.11221945137157097,-0.3124320405944183,0.1399999999999999,0.010258004351880734,-0.10666666666666669,0.00877192982456143,0.0015430610473528006
1996-05-31,-0.0228727250737627,-0.05671537174158725,-0.02678665585357909,-0.04846235248845565,-0.014744671820583255,0.00889718448805299,0.17593582887700543,0.17593582887700543,0.16666666666666674,0.0,1.6247176973715822,-0.649858064516129,-6.0476388168137,-1.1621866505587435,-0.07192606482721675,-0.011423550087873546,-0.07191780821917804,-0.04638218923933213,-0.012618296529968487,-0.002808988764045006,0.0980495519240907,0.12280701754385981,0.00830769230769235,-0.05330490405117261,0.008695652173912993,-0.00866634569090019
1996-08-31,-0.1359278190680454,-0.11530133082803984,-0.15974293226752379,-0.1458863772316351,-0.08707548561593315,-0.06934931506849318,-3.206275579809004,-3.206275579809004,-3.142857142857143,0.0,-0.8060707028174945,-34.590801886792455,3.585906978656907,-10.90626939788951,0.7677394525424543,-0.07466666666666666,-0.530750307503075,-0.5116731517509727,-0.06709265175718848,-0.06197183098591541,-0.02016322611617849,0.109375,0.05675923100396707,-0.5292792792792793,0.034482758620689724,0.03584264205925192
1996-11-30,-0.010259184099794094,-0.011313033391486482,0.000358344403208255,-0.014946397357944119,-0.0303054461461556,0.1334760550596743,-2.8893148651991094,-2.8893148651991094,-2.9,0.0,9.917681487774946,-1.0606591188344743,-0.46759867462370697,-1.8978006140735635,-0.3899199912915692,0.09894332372718528,0.13368283093053712,0.15139442231075684,0.0034246575342467,0.17717717717717707,1.3851053405193534,0.09859154929577474,-0.02050245451920296,0.1578947368421053,-0.008333333333333304,0.0036571642910727675
1997-02-28,-0.019962928036821648,-0.033835318069205034,0.026764670315754913,0.05702560774841681,-0.11097606228738144,-0.11351287837082136,-0.6680194628090157,-0.6680194628090157,-0.6491228070175439,0.0,-1.027167944937787,0.08427982348260143,-1.1663354162806758,-1.0737716359575655,0.047149611918993584,0.04895104895104896,0.21271676300578046,0.19723183391003452,-0.1023890784982936,0.04591836734693877,-0.06984387838948225,0.10256410256410242,-0.09286556603773588,0.1570247933884299,0.04201680672268915,-0.08595720825936659
1997-05-31,-0.023729238550725062,-0.04387697790172951,-0.014511786868616205,-0.008168253517123802,-0.04446399516119759,0.01550802401559137,-0.02655274400262897,-0.02655274400262897,0.0,0.0,-13.930299172501591,0.024753135842007,-2.9570148346919143,-12.844843897824031,-0.5333333333333333,0.03499999999999992,0.1601525262154433,0.1387283236994219,-0.034220532319391594,0.15121951219512209,-0.10070671378091878,0.08139534883720945,-0.021124471888202656,0.09285714285714275,0.040322580645161255,-0.03598078299090246
1997-08-31,0.0050335821630458355,0.031984605256494714,0.016430167559974063,0.03118074977457863,-0.021406767823933026,0.022116407231944413,0.3646614003105799,0.3646614003105799,0.3500000000000001,0.0,-1.0102887242474217,-0.30581418061071686,-1.2233203114894058,-0.9706869009584664,-0.03350068461889544,0.009661835748792313,0.9654889071487263,0.8857868020304571,-0.011811023622047334,0.04661016949152552,-0.08079567779960706,0.08602150537634401,-0.026228419654714563,0.8431372549019609,0.023255813953488413,0.0007422330611810413
1997-11-30,-0.015232851283723647,-0.005784499425868339,-0.042612687859316156,-0.07695086571344945,0.0507450718342799,0.3171281954264904,1.384227191767267,1.384227191767267,1.333333333333333,0.0,-345.7464114832536,-0.4643594072406678,-16.636700648748842,-8.934604904632153,0.2750283339629769,0.00797448165869219,0.06229096989966565,0.03903095558546443,0.06374501992031889,0.020242914979756943,-0.45524979962596845,0.06930693069306937,0.06682577565632464,-0.03014184397163122,0.06818181818181812,0.07713498622589521
1998-02-28,-0.014892949709926162,-0.06689791873141726,-0.003971628576261543,0.012543928838793406,-0.0388720714303884,-0.2545397092144337,-0.6636439095247977,-0.6636439095247977,-0.6507936507936508,0.0,-1.2027077666130017,1.2992470670635616,-1.2735375177809387,-2.76510989010989,-0.3807407407407407,0.11867088607594933,0.024793388429752206,0.022020725388600892,-0.03745318352059923,0.051587301587301626,0.06669936243256491,0.07407407407407396,-0.024288910194950497,0.005484460694698434,0.02127659574468077,-0.07849695061971274
1998-05-31,0.01175089271068086,0.029898462443375795,0.0230709996812819,0.053748372147417456,-0.014006336199709368,0.04877384983694677,-0.007279906224936794,-0.007279906224936794,0.0,0.0,-1.151073225839581,0.09869773817683347,-0.600796294791582,-1.842217898832685,0.517822966507177,0.11739745403111734,0.01920122887864828,0.016476552598225558,-0.011673151750972721,0.1603773584905661,0.1006896551724139,0.06896551724137945,-0.02554864068129714,0.0,0.01388888888888884,-0.022630230572160515
1998-08-31,0.01744637858258158,0.011814760335604024,0.038366032690261065,0.055713251130987684,-0.03194313584959352,0.021448927898074066,0.3330433161394568,0.3330433161394568,0.3181818181818181,0.3181818181818181,5.023793337865397,0.7418728772440564,-1.2473030734785264,-1.8674058674058673,-0.2959256048545985,0.030379746835442978,0.021477015825169588,0.012468827930174564,-0.023622047244094557,0.042276422764227606,0.015037593984962294,0.06451612903225823,-0.04840336134453771,0.0,0.013698630136986356,-0.04150283966797719
1998-11-30,-0.01162484918467488,0.022913007725652967,-0.04628631995725263,-0.0770321773666196,0.07615136550048951,0.3166843902669332,1.3333333333333335,1.3333333333333335,1.3793103448275863,1.3448275862068968,4.349847646992439,-0.6055710306406685,33.29766803840878,-3.334487350199734,0.9811954331766286,-0.06203931203931212,0.02176318701586144,0.018472906403940836,0.08064516129032273,-0.03900156006240252,-0.07572016460905351,0.06060606060606055,0.08866125044153983,0.0036363636363636598,0.013513513513513598,0.10824977210574294
1999-02-28,-0.03330474148201101,-0.08624851131401345,-0.024592422502870304,-0.030117760617760614,-0.052857510950785835,-0.24606592310792075,-0.636963036963037,-0.636963036963037,-0.6376811594202898,-0.6323529411764706,-0.8896318953696868,-0.03470540758676355,-0.9365996080470343,-1.187086470454027,-0.0920338983050848,0.018991486574983618,0.025631768953068512,0.022974607013301007,-0.04104477611940305,-0.05681818181818188,-0.017364203027604663,0.06428571428571428,-0.020116807268007686,0.0036231884057971175,0.020000000000000018,-0.057886078552333964
1999-05-31,0.004436535361651561,0.0454351925065386,0.025824525059441106,0.04985081578585948,-0.044996272981016716,0.060322550691552124,-0.6810126582278482,-0.6810126582278482,-0.6799999999999999,-0.6799999999999999,0.6808103975535169,0.2796822742474916,1.0847842543527633,0.5615853658536585,-0.1593553605873934,-0.05784061696658105,-0.0841253079901444,-0.09219858156028371,-0.04280155642023342,-0.018932874354561036,-0.07748074309016773,0.05369127516778538,-0.04933774834437077,-0.11191335740072195,0.019607843137254832,-0.0042562479537269216
1999-08-31,0.009305837067283163,0.05223120781940893,0.007048604736552333,0.01202402529936819,0.014909726930373735,0.018332770869199377,3.375603864734299,3.375603864734299,3.5,3.375,0.07152604048214695,-0.02482848742241095,-0.02402565964657466,-1.138227254978524,0.026202812731310088,0.09754433833560716,0.04419677171406611,0.04947916666666674,0.024390243902439046,0.1473684210526316,0.2156188605108056,0.0573248407643312,0.005572971090212375,0.024390243902439046,0.025641025641025772,0.039785181937746605
1999-11-30,-0.03658434789937626,-0.031202545018670924,-0.08119631339135869,-0.11837328067802455,0.07331312450881322,0.3013186900774183,1.1281889515397658,1.1281889515397658,1.1388888888888888,1.1714285714285717,4.622873111889349,0.01742043551088779,8.172381720096732,-6.234463276836158,-0.13444893248701673,0.02237414543194527,0.04343025395656963,0.05459057071960305,0.05555555555555558,-0.001529051987767538,-0.02262626262626255,0.048192771084337505,0.11430550744717682,0.021825396825396748,0.031249999999999778,0.09887214082428586
2000-02-29,0.009669414535666165,-0.015515695067264579,0.05024305555555553,0.08383552911177228,-0.07589173640167368,-0.25469119206728363,-0.5476071369017843,-0.5476071369017843,-0.5454545454545454,-0.5394736842105263,-1.0161557189861155,0.256173855778729,-1.2036870533994037,-7.501888828926066,1.00075,-0.13920972644376894,0.07089947089947102,0.06352941176470583,-0.03383458646616555,-0.1852986217457887,-0.18685407193054981,0.05747126436781613,-0.08486167236555797,0.04854368932038833,0.0121212121212122,-0.09170263788968824
2000-05-31,-0.004147313785361151,-0.016762321217090315,0.016509311431121887,0.03276914359880245,-0.053653442904077475,0.05043436136876278,-0.00880534054142601,-0.00880534054142601,0.0,0.0,-16.845794392523366,-0.22627785058977723,-1.7856621307666778,-0.6313081009296149,0.1850139531009205,0.0847457627118644,0.18181818181818188,0.1747787610619469,-0.05058365758754857,0.12406015037593976,0.014234875444839812,0.048913043478260754,-0.04959239130434778,0.15925925925925943,0.017964071856287456,-0.047945928820361194
2000-08-31,0.34737396021306477,0.082185002063627,0.46711921737534534,0.7624813247602831,0.03911261022848578,0.020880170631881523,0.29183538550533017,0.29183538550533017,0.3142857142857145,0.2857142857142858,-0.740047183721616,32.50105869399509,-17.512504224400136,0.6819000450247636,0.26259182454043795,0.05924479166666674,0.052675585284280846,-0.029190207156308934,0.040983606557376984,0.1153846153846152,-0.0987468671679197,0.051813471502590636,-0.22873481057898504,0.03514376996805102,-0.06470588235294106,-0.3860232945091514
2000-11-30,0.0306487455441935,0.2064111020954582,0.02973777552571577,0.10639938734426457,0.03395980995628767,0.37034400422694835,0.8428274428274429,0.8428274428274429,0.8478260869565215,0.8666666666666665,13.492153526186424,-0.9494725026355907,-1.36517739278149,-2.614375585597644,-0.334669561828406,0.003073140749846326,0.04421498543817837,-0.058195926285159905,0.03149606299212593,-0.0359820089955023,-0.049499443826473866,0.044334975369458185,0.0032437442075996525,0.0,-0.05660377358490576,0.09051490514905147
2001-02-28,0.017607084764142522,-0.030583870967741955,-0.007396586190988819,-0.28461545950155764,0.07338157528527689,-0.2148660720198614,-0.5385656762010553,-0.5385656762010553,-0.5411764705882353,-0.5476190476190477,-1.256017691033151,0.03817672370659464,-1.4717952669851901,-1.6137136224193682,0.30928870292887023,0.13664215686274517,-0.007352941176470451,-0.06488156539649848,0.06870229007633566,0.10108864696734066,0.090696313633704,0.04716981132075482,0.054503464203233376,-0.01851851851851838,-0.046666666666666745,0.35503644797879375
2001-05-31,-0.02248736920750727,0.0006904721498475208,-0.007811894839579225,-0.03459514481324577,-0.03998019011268816,0.06304732485604614,0.0018806890844804691,0.0018806890844804691,0.0,0.0,-3.193492496241751,0.46320304592992434,-1.5926794862276337,1.187516887327749,0.5174485491499425,0.07061994609164413,-0.007407407407407418,-0.052863436123348206,-0.042857142857142705,0.0014124293785311437,0.054721030042918395,0.04504504504504481,-0.017958826106000858,-0.018867924528301994,-0.034965034965035,0.03655703631250762
2001-08-31,0.04783113747939316,0.030625834437603583,0.01867756529614062,0.04027932638024523,0.14868992861522168,0.00629474203900271,0.2881814086199128,0.2881814086199128,0.28205128205128194,0.2894736842105263,-1.0547927701886441,-0.07763504611330696,-1.4439043944480634,-1.9479990118577075,-0.3232667846011288,0.06596173212487422,-0.0301080802882141,0.0034883720930234396,0.1455223880597014,0.11424541607898453,0.050356052899287906,0.0431034482758621,0.0963425512934879,-0.011217948717948678,0.01449275362318847,-0.009318235432885125
2001-11-30,0.02420759740087086,0.02569397279765373,0.003127636859978189,-0.0329215876508816,0.08888099901481072,0.22819996145152532,0.721438563767778,0.721438563767778,0.7,0.7142857142857142,-35.42357430570278,0.17087454915544753,-8.368156676825826,-0.9450162866449512,-0.025953818385510696,0.013698630136986356,-0.05386044043512883,-0.006952491309385911,0.08794788273615639,-0.11518987341772158,-0.0053268765133172025,0.04132231404958686,0.06305939788445891,0.0016207455429497752,-0.0071428571428571175,0.06072151446600782
2002-02-28,0.026345936794582414,0.014845863479081567,0.016542134616853943,0.03682779879501186,0.029989203195853964,-0.2597061685208276,-0.42706463955575125,-0.42706463955575125,-0.7176470588235294,-0.7142857142857143,-1.09123269448687,0.0744784677320971,-1.6170020452090785,-37.552132701421804,0.9866134185303514,0.05731593662628143,-0.005608524957935956,0.030338389731622062,0.026946107784431295,-0.028612303290414864,0.05696202531645578,0.043650793650793496,0.0038270187523918864,0.05663430420711957,-0.028776978417266008,-0.021214502188797835
2002-05-31,0.017385638524538338,-0.009966849492978547,-0.017027519405479863,-0.03722918333369374,0.13715229733242773,0.0649713050147811,-0.0067373895570461695,-0.0067373895570461695,0.0,0.0,-4.0697988389361415,0.08850411581038897,-1.3772982904815703,-1.71387358184765,-0.35417571283832683,0.10753635962979269,-0.04906937394247046,0.015855039637599155,0.13119533527696792,0.07952871870397638,0.05711653615845225,0.03802281368821303,0.11742279832253155,0.050535987748851374,-0.029629629629629672,0.02832568807339464
2002-08-31,0.02966431462073249,0.03874560118220183,0.009490815783517847,0.013823015432986807,0.07830821079335104,-0.013768955159060514,0.04652961651741894,0.04652961651741894,0.04166666666666674,0.04166666666666674,-0.5799982408303281,-0.5754928549076874,-0.1581389227073805,-0.2358443445488807,-0.4190696747846008,-0.0588937524870673,-0.0720640569395018,-0.018952062430323324,0.07731958762886593,-0.16780354706684864,-0.09978213507625266,0.04029304029304015,0.047424087342203824,0.017492711370262537,-0.038167938931297773,0.024534403925504433
2002-11-30,0.013441164984946408,0.09199031284331904,0.013777835340060607,-0.06767845844357401,0.012681168712374902,0.2907317466986905,1.1937345424567187,1.1937345424567187,1.2400000000000002,1.12,8.10670157068063,-0.03292585539652315,4.322376392417432,-2.4262285340780796,1.0275193964593425,-0.016913319238900604,0.046340683924576576,0.08863636363636362,0.011961722488038395,-0.08852459016393444,-0.021297192642788065,0.035211267605633756,-0.0006514657980455363,0.11031518624641823,-0.015873015873015928,0.1712202024599978
2003-02-28,0.027564222084110135,-0.01849848192105985,0.004405677997758595,-0.006058806058806043,0.0798986999831166,-0.21083695944207448,-0.5446487579209268,-0.5446487579209268,-0.5535714285714286,-0.5283018867924529,-1.1856868539364602,1.4572190814965382,-1.2988551328090003,-2.0969919173402216,-0.5559830866807611,-0.007741935483870921,-0.0623091020158828,-0.014613778705636737,0.08747044917257663,-0.01978417266187038,-0.09446092977250253,0.03741496598639449,0.05084745762711873,-0.007741935483871032,-0.008064516129032251,-0.012453531598512924
2003-05-31,0.026145892608999688,0.08707726140192018,-0.02210210228079945,-0.05636018645789753,0.12755618926119094,0.07381468331811214,0.13716952673667437,0.13716952673667437,0.15999999999999992,0.1200000000000001,-2.3365223852870147,-1.730818943232344,-2.8737468055828583,-1.1516141283706798,0.19007713551090366,0.08365843086259206,-0.03778501628664499,0.010593220338983134,0.12391304347826093,-0.003669724770642313,0.07536865101037704,0.03606557377049202,0.09863523573200994,0.015604681404421505,-0.008130081300813052,0.15198569546395624
2003-08-31,-0.008259266808946397,-0.07752433306386419,-0.011440020141737617,0.02769170847866609,-0.0024611348674176137,-0.06460557768924302,0.2839660652168472,0.2839660652168472,0.27586206896551735,0.2857142857142856,0.0,0.0,-1.497980433813308,-4.208917835671343,-0.5125230055213251,0.05400000000000005,0.03148273527420464,0.07127882599580704,0.0019342359767891004,-0.06077348066298349,0.021330624682579957,0.03797468354430378,0.005928853754940677,0.08066581306017917,-0.008196721311475419,-0.10236091822563509
2003-11-30,0.06394991778433745,0.0685806988049451,0.05475118936507939,0.09800381150754833,0.049709703559867036,0.00556659469308407,0.6449538065723308,0.6449538065723308,0.6216216216216215,0.6111111111111112,3.0893969930734126,-2.4987796682112413,-4.52131777842151,-2.0107728337236535,1.0600787918581744,0.07476280834914606,-0.023957991467016826,0.007827788649706457,0.061776061776061875,0.0725490196078431,-0.00845350571854786,0.03658536585365857,-0.01319113106932357,0.1007109004739335,-0.0826446280991735,-0.02684746996723708
2004-02-29,0.007543524811470137,-0.029586668416218376,-0.049603151444412075,-0.11191525185912721,0.11000794491525423,0.02076987280548437,-0.5484857102232333,-0.5484857102232333,-0.5333333333333332,-0.5344827586206896,-0.9775331818928549,-0.7150712734824884,-0.9231724189507535,-1.5719802286067346,-0.29342629482071714,0.061087570621468856,-0.052454606590450537,-0.007766990291262044,0.10909090909090913,-0.001828153564899404,0.02507522567703102,0.04117647058823537,0.1015358361774743,0.006458557588805203,-0.018018018018018056,0.09267745253904436
2004-05-31,-0.013964114849115528,0.002122906840898331,0.004884848373201134,-0.03880000884762802,-0.04419178363263743,0.041585569971451575,0.12457355796987346,0.12457355796987346,0.10714285714285698,0.11111111111111094,14.74357034795764,0.18528948894226782,3.2621434829163825,-0.782608695652174,-0.09078094164082318,0.10748752079866897,-0.012420156139105742,0.001956947162426781,-0.040983606557377095,0.0,0.09295499021526421,0.039548022598870025,-0.030725535760392386,0.012834224598930577,-0.00917431192660556,0.042622389592605225
2004-08-31,0.011112928097476216,0.04503577008913506,0.013044926243232391,0.016568591998421978,0.005507761163107361,0.029153051844794442,0.07801087438452381,0.07801087438452381,0.09677419354838723,0.10000000000000009,-0.32505325197392654,0.17246680642907064,-0.6787255909558068,-7.077018633540373,0.6067596899224805,0.026442307692307487,-0.04994610132950039,-0.04003906250000011,0.006837606837606813,0.06959706959706957,0.012533572068039511,0.0380434782608694,-0.005594033031433132,-0.046462513199577615,0.0092592592592593,0.027992119520604097
2004-11-30,0.0981056565231535,0.1155598651515366,0.09248208854164308,0.24939365520809753,0.10433118267824826,0.21283885100335098,0.8907481167200624,0.8907481167200624,0.8823529411764706,0.7878787878787876,4.717485703438293,4.861187269042794,6.839269211630056,3.541291905151267,1.713342853834575,0.03249414519906346,-0.026853252647503933,-0.011190233977619535,0.11205432937181659,0.025684931506849473,0.05349248452696709,0.03664921465968596,0.005893383337797875,-0.0598006644518273,0.04587155963302725,-0.10708296734009415
2005-02-28,-0.03921547940580694,-0.10244907407407411,-0.07521430050383049,0.10091109097968154,0.01668764752163643,-0.18882050179404142,-0.5874406090789399,-0.5874406090789399,-0.578125,-0.559322033898305,-1.0121600982768353,-0.858062416742086,-0.7461890727726139,-2.0339620093626216,-0.6530014224751066,0.06407711936489924,-0.02914885347842977,-0.021604938271604812,0.021374045801526798,-0.04340567612687807,0.05707091900965189,0.04040404040404044,0.058055925432756394,-0.021201413427561988,0.0,-0.18476122339474166
2005-05-31,-0.039536604917258744,-0.046977113647734825,0.008675878148131089,0.03753024072676481,-0.1089595123304814,0.0413304330683224,0.1875676425697239,0.1875676425697239,0.18518518518518512,0.1923076923076923,-24.72354948805461,0.13698237569852423,0.8849548036728714,-0.9064452232210879,-0.1761908666065426,-0.043165467625899345,-0.0016012810248198228,-0.006309148264984299,-0.10014947683109132,-0.06282722513089012,-0.03691941246526398,0.03883495145631066,-0.07223760382582434,-0.013237063778579916,0.00877192982456143,-0.08139534883720922
2005-08-31,0.03886241272660662,0.04813856632938873,0.04533471643975395,0.01738499886698386,0.02854509000133998,-0.009290915425624102,0.12095153526195257,0.12095153526195257,0.125,0.12903225806451601,-0.03200978276506983,-0.03169502205419028,-0.4883430001137268,-7.054211261051652,1.2948347929936306,-0.07463102199944305,0.001603849238171584,-0.004232804232804255,0.02823920265780755,0.027932960893854553,-0.08079142621599344,0.03738317757009346,-0.010037981551817676,0.004878048780487809,-0.008695652173913104,0.030212562694053036
2005-11-30,0.00046574240131147526,0.03300797411929035,0.021786938029570768,-0.22155501902123076,-0.0350967134904312,0.1836170031683022,0.8365853658536586,0.8365853658536586,0.8055555555555556,0.7428571428571429,2.05172029427064,1.069694800546626,5.914832925835371,-1.6065101264363397,-0.3429754754212113,-0.055672585013541886,0.0304243394715773,0.01381509032943673,-0.02584814216478193,-0.0815217391304347,-0.06816143497757843,0.03603603603603589,-0.035352151274321675,0.0060679611650484855,0.00877192982456143,0.32699663846064686
2006-02-28,0.0036194834338012516,-0.018162959260184963,-0.017924632862288736,-0.02703290414878401,0.04045255656957125,-0.17281009395244717,-0.8366874382810638,-0.8366874382810638,-0.8307692307692308,-0.819672131147541,-1.0457593688362918,-0.4840748310014149,-1.114272550479752,-1.0833861361044228,0.042211221122112175,0.006692160611854625,-0.08080808080808088,-0.10062893081761004,0.041459369817578695,0.0335305719921104,-0.006256015399422665,0.039130434782608914,0.03664772727272725,-0.10253317249698446,0.0,0.009084556254367548
2006-05-31,0.03616469802176825,0.06020115418002048,0.02276818336996489,0.034209473845176586,0.09347461964919535,0.04954067649552818,3.284403669724771,3.284403669724771,3.2727272727272725,3.1818181818181817,-10.627501064282674,-1.1804497531842282,-3.707219878105954,31.286474164133736,1.3454827575287376,0.0772396327951883,0.06382079459002532,0.07575757575757569,0.09872611464968162,0.03435114503816794,0.19418886198547214,0.03765690376569042,0.0553576322280076,0.092741935483871,-0.008695652173913104,0.025103878116343514
2006-08-31,0.04117050962272817,-0.0038429031746870512,0.06272055988849679,-0.01947197065555828,0.007087499299491373,0.03623813497607453,-0.3013431964181429,-0.3013431964181429,-0.2978723404255318,-0.30434782608695654,-0.5119610877736016,-47.114488348530905,-2.0220798337518398,-1.8556567582197745,-0.49084624939245014,0.013223626212165662,-0.048073102900278,-0.042253521126760396,0.010144927536231751,-0.07749077490774903,-0.08596918085969185,0.03629032258064502,-0.03271877434432613,-0.038130381303812966,-0.00877192982456143,0.015960141867927824
2006-11-30,0.04359784420644708,0.08392396383063594,0.058504245438522284,0.13169410475094034,0.018327272251154714,0.21204050701634003,0.9295068264140429,0.9295068264140429,0.8787878787878787,0.8437499999999998,3.2037691401648996,-0.8380973305503681,-3.53820738732633,-1.3094674881725163,0.2993211709800594,0.09251740139211151,-0.06010016694490816,-0.05429864253393679,0.02869440459110484,0.08000000000000007,0.1140195208518191,0.035019455252918386,-0.02442953020134231,-0.048593350383631884,-0.008849557522123686,-0.04222425401047292
2007-02-28,-0.002377725856697821,-0.01342339337336007,-0.037422598246582006,0.14765022421524665,0.05839922854387658,-0.18795492834373106,-0.46777376654632974,-0.46777376654632974,-0.4516129032258064,-0.44067796610169485,-1.4046112895230296,-0.16555842040982494,-1.5653015586929675,-1.9297840191982933,-0.21261224489795916,0.028404565967613538,0.09991119005328586,0.11483253588516762,0.05439330543933041,0.0,0.04261250497809632,0.037593984962405846,0.061089708310401836,0.1303763440860215,-0.008928571428571397,-0.14032803957302786
2007-05-31,0.00866585424689692,0.0011878371784022068,0.0031603887749511728,-0.0007680791657409536,0.01701147191143182,0.052977220178383355,-0.06337614181061768,-0.06337614181061768,-0.05882352941176472,-0.06060606060606066,-1.8936889906912946,0.0509025857863068,-1.6088681584696227,-1.1803842844852308,0.04890881758332899,-0.02065049044914824,-0.1098102543399273,-0.10622317596566533,0.025132275132275117,-0.07037037037037053,-0.147440794499618,0.03623188405797095,0.008298755186721962,-0.10225921521997616,-0.009009009009009028,0.0019180294770846373
2007-08-31,0.034538203897302555,0.062149010390812,0.0760370331335054,0.12167547620085073,-0.0351161846212652,0.04221829008140121,0.37231140615570313,0.37231140615570313,0.375,0.38709677419354827,-0.5389074327948977,0.47689053956463434,-0.9877816997013305,1.7848436671966086,0.12985247967580116,-0.04322614654717982,0.050793650793650835,0.04321728691476601,-0.020645161290322567,-0.06772908366533859,0.049283154121863904,0.034965034965035,-0.0673868312757202,0.04503311258278142,0.0,-0.05299748110831248
2007-11-30,0.04270118521926647,0.0418686870292595,-0.0013464858607183938,-0.14209644019327483,0.11943301042988463,0.20090418261249576,0.5409337179848015,0.5409337179848015,0.5454545454545456,0.4651162790697674,5.513266328410303,-0.08015787083930004,292.0047619047619,-0.958325404376784,0.003849182048814681,0.00688705234159781,-0.01855848079413036,-0.0011507479861910808,0.11857707509881421,0.02991452991453003,-0.05977796754910347,0.03378378378378377,0.07363485934914515,0.0,0.0,0.21438450899031825
2008-02-29,0.025390493273542702,-0.032301902146272043,0.0007550960118167804,-0.14347381864623243,0.06476085153442068,-0.15831511882062965,-0.4129727508304889,-0.4129727508304889,-0.4117647058823529,-0.38095238095238093,-0.8795822169296418,2.553083232077764,-1.2508600001083465,-98.89954337899543,-0.4676252723311547,-0.007660738714090121,-0.009674582233948903,0.003456221198156584,0.06124852767962308,-0.11410788381742754,-0.030881017257039067,0.035947712418300526,0.0382738248137684,0.006337135614702172,0.0,0.12984054669703893
2008-05-31,0.014737555085652998,0.03306480095528008,-0.022067827070607837,0.02571957610278064,0.06848703274789414,0.0554596311899993,0.03650117651634477,0.03650117651634477,0.02499999999999991,0.0512820512820511,1.8196876673946187,-0.8971295445316007,-1.909300969615825,-2.0652985074626864,0.9356686855459158,0.0008271298593878207,-0.00399644760213147,0.019517795637198798,0.062153163152053326,-0.05620608899297408,-0.03373945641986875,0.034700315457413256,0.052944087085601055,0.023929471032745564,-0.00909090909090915,0.007133995037220675
2008-08-31,0.1826989380775066,-0.002849002849002802,0.33729775416566055,0.3969869168759086,-0.015633859862292376,0.022902761418662543,0.2870544090056286,0.2870544090056286,0.29268292682926833,0.2682926829268293,-0.6697403223685172,63.564720548514444,-14.719809057876363,-1.7443082311733802,-0.35940803382663844,0.06694214876033056,-0.00802496656263929,-0.019144144144144226,-0.02298850574712652,0.004962779156327368,0.009699321047526688,0.0335365853658538,-0.16752819548872178,0.02583025830258312,-0.03669724770642202,-0.28618724976901755
2008-11-30,-0.061219135352593046,-0.011938775510204058,-0.02261748905241301,-0.02175763882319548,-0.13158327847267937,0.1603761514841351,0.20228862973760942,0.20228862973760942,0.2075471698113207,0.13461538461538458,7.81858407079646,-0.964119066773934,-1.2570538341699844,-1.5058823529411764,0.28382838283828393,-0.09166021172217909,-0.013033707865168553,-0.05281285878300801,-0.13262032085561504,-0.07160493827160497,-0.13352545629202694,0.032448377581120846,-0.07507761783799038,-0.03477218225419665,-0.02857142857142858,0.010031280336533221
2009-02-28,-0.018414433437878408,-0.04884849736651864,-0.045450346420323307,-0.09844309061019241,0.037051075523547805,-0.20778433210210046,-0.3004110236793288,-0.3004110236793288,-0.3125,-0.2542372881355932,-1.0667335674862017,-0.3094170403587444,-1.0976430976430978,-2.802325581395349,-0.3984575835475579,-0.11824900511654346,0.03779599271402545,0.0,0.035758323057953234,0.015957446808510634,-0.0997782705099779,0.03428571428571425,0.056454073848031694,0.026086956521739202,-0.019607843137254943,0.05499786416061503
2009-05-31,0.023758304334071445,-0.03854505971769817,-0.043501403271073213,-0.08108977796846506,0.1507675438596492,0.054001391788448094,-0.121317157712305,-0.121317157712305,-0.11363636363636365,-0.13636363636363635,-9.270676691729323,0.35064935064935066,-8.089655172413792,-0.32258064516129037,-0.4487179487179487,-0.0012894906511927706,-0.015357612988152747,-0.036363636363636376,0.14761904761904754,-0.03403141361256545,-0.02647783251231517,0.03314917127071837,0.1242056614673599,-0.007263922518159882,-0.030000000000000027,0.0462597428889564
2009-08-31,0.02172367973795608,0.03941276115189152,-0.0010117873223048912,-0.0028014474144975043,0.057408289661743606,0.04542453453056905,0.4812623274161736,0.4812623274161736,0.46153846153846145,0.4999999999999998,-0.10545454545454547,-0.17788461538461542,-0.30544747081712065,-2.428571428571429,1.1627906976744184,0.030019367333763647,0.0,0.035220125786163514,0.05497925311203322,-0.10298102981029811,0.04554079696394697,0.03208556149732611,0.0349434737923946,0.02195121951219514,0.010309278350515427,0.04237616099071184
2009-11-30,0.024618920880716155,0.05443285528031283,0.0397528738542563,-0.04225681844785201,0.002177667642862424,0.16786661614247822,0.5486018641810919,0.5486018641810919,0.56140350877193,0.5087719298245614,1.2428861788617884,0.6666666666666667,1.5504201680672267,-0.22666666666666668,0.41577060931899634,0.07928549044186761,0.06461675579322645,0.1130012150668287,-0.0068829891838742,0.024169184290030232,0.052026618269812364,0.031088082901554515,-0.022095332671300927,0.12052505966587113,0.0,0.10089103397067012
2010-02-28,-0.04203317787354621,-0.07078825347758888,-0.06789401909214887,-0.12551943290149103,-0.009141315750037515,-0.17315595933376593,-0.41616509028374893,-0.41616509028374893,-0.4269662921348315,-0.40697674418604646,-1.023108291798822,-0.6912280701754385,-1.0461285008237233,-2.5172413793103448,-0.4455696202531646,0.06445993031358888,-0.010883214734198399,0.02729257641921401,-0.01188118811881178,0.07079646017699104,-0.063254744105808,0.03266331658291466,0.03452652957603464,0.019169329073482455,0.0,0.0626422729955316
2010-05-31,-0.016330806680224352,0.006653359946773074,-0.004598181628174269,-0.008665269042627544,-0.032743496672716255,0.044211903204709024,-0.025036818851251863,-0.025036818851251863,-0.019607843137254943,-0.03921568627450989,-14.784313725490197,1.6590909090909092,-5.785714285714286,-1.0681818181818181,0.0547945205479452,0.051554828150572884,0.04612780363944147,0.05313496280552599,-0.038076152304609256,0.06336088154269981,0.0202578268876612,0.031630170316301776,-0.016687116564417126,0.037617554858934144,0.020408163265306145,0.015471278959060752
2010-08-31,0.02264753790251839,0.0526547697730777,-0.011601049868766422,0.1257577893698012,0.07341099210382307,-0.004634849054240275,0.5468277945619335,0.5468277945619335,0.54,0.5510204081632653,0.13798008534850648,-0.3931623931623932,1.0124378109452739,-0.5833333333333333,0.02164502164502169,0.017380025940337163,0.0752427184466018,0.08779011099899114,0.07604166666666679,0.059585492227979264,-0.028880866425992857,0.030660377358490587,0.04966308959321175,0.0825780463242698,0.0,-0.06500507852175952
2010-11-30,0.04747756302263606,0.06310171619924665,0.039354187689202735,0.04546023794614906,0.05877640203932999,0.23256984646362944,0.3056640625,0.3056640625,0.31168831168831157,0.26315789473684204,2.02875,4.866197183098592,0.8343634116192831,53.4,1.152542372881356,0.08592554818969922,0.0263355906696765,0.046382189239331906,0.05808325266214909,0.007334963325183352,0.0074349442379182396,0.029748283752860427,0.010699001426533572,0.031627906976744224,0.020000000000000018,0.016879752653129465
2011-02-28,0.01693130976401447,-0.0002953046559700523,-0.02856412876852321,-0.03366075706756111,0.0782142120107312,-0.20073514396569325,-0.4255796559461481,-0.4255796559461481,-0.4257425742574258,-0.40625,-1.0953363598844408,-0.82953181272509,-1.15633423180593,-1.375,-0.20078740157480313,0.07889175862878606,-0.020161290322580627,0.007092198581560405,0.0823421774931381,0.01941747572815533,0.03874538745387457,0.03111111111111109,0.060221124441308005,0.018935978358881833,-0.019607843137254943,0.034596104856602805
2011-05-31,0.032148608235564646,0.0630169358014967,0.024301720056809195,0.04933680426428655,0.041788949853260204,0.12889626980071545,-0.04166666666666663,-0.04166666666666663,-0.0344827586206895,-0.0350877192982455,-3.5714285714285716,0.33098591549295775,-2.9655172413793105,-1.715686274509804,0.1798029556650247,0.06050054406964067,-0.04040404040404033,-0.010563380281690238,0.04311073541842769,-0.01904761904761909,0.03789224393132029,0.029094827586207073,0.00931883736410044,-0.006194690265486802,0.0,0.013026211278792665
2011-08-31,0.034880481417507214,0.07752871433864383,0.02408463000051353,-0.24453632604843478,0.04801273807336637,0.04152993097204938,0.25,0.25,0.23214285714285698,0.2545454545454544,-0.16835016835016836,2.3968253968253967,-1.405701754385965,-0.410958904109589,0.08977035490605423,-0.025446336958752203,-0.07875243664717346,-0.057829181494661985,0.04538087520259326,-0.06553398058252424,-0.04620650313747876,0.029319371727748678,0.012750054957133328,-0.060552092609082786,0.0,0.4262976321154146
2011-11-30,0.10046842190276206,0.05123355970085108,0.2382408986059572,0.5532447224394057,-0.06404487816280025,0.2067579313342025,0.43260869565217397,0.43260869565217397,0.43478260869565233,0.42028985507246386,4.147773279352227,5.8566978193146415,9.362162162162162,-0.6046511627906976,0.03256704980842917,-0.00021057064645202406,-0.02750740584003386,-0.04910292728989607,-0.06666666666666676,-0.04415584415584417,0.02511961722488043,0.0284842319430314,-0.14955502496201434,-0.040758293838862536,-0.010000000000000009,-0.32323676543345603
2012-02-29,-0.0019815059445178473,-0.024613623354321712,-0.0332887862957113,-0.03362528943924292,0.04532684023225331,-0.1836679571441433,-0.43474962063732925,-0.43474962063732925,-0.43434343434343425,-0.43877551020408156,-0.9115218246165946,-0.9661517492049069,-1.0485133020344288,-0.7058823529411764,0.00927643784786647,0.05939342881213139,-0.022193211488250597,-0.044687189672294014,0.049003322259136395,0.13586956521739113,0.05192532088681445,0.030662710187932873,0.04747320061255755,-0.038537549407114624,0.0,0.009341239541873048
2012-05-31,-0.02794323111993524,-0.021462105969148215,-0.025260776674626118,-0.06208980102093964,-0.031655020008361734,0.08525421859490456,0.07919463087248313,0.07919463087248313,0.08928571428571419,0.09090909090909083,4.417777777777777,0.34228187919463093,8.78494623655914,13.0,0.12867647058823528,0.07176938369781305,0.02002670226969272,-0.006237006237006182,-0.03246239113222482,0.021531100478468845,0.07931225734886294,0.029750479846449185,-0.003898635477582846,-0.007194244604316502,0.0,0.043376790600354154
2012-08-31,0.0230224172277278,0.04472241261137766,0.0026646037476363293,0.0025547039875597477,0.05218034910257208,-0.006402439024390194,0.29850746268656714,0.29850746268656714,0.29508196721311486,0.30000000000000004,-0.08203445447087776,0.33000000000000007,-0.15714285714285714,0.5428571428571429,0.17589576547231278,0.08402893711741788,0.03359511343804544,0.010460251046025215,0.05319148936170204,0.11943793911007039,0.06474820143884874,0.02889095992544255,0.02862035225048931,0.017598343685300222,-0.010101010101010055,0.04203625144620138
2012-11-30,0.026719250677840867,0.05412497949811379,0.05666523789112721,0.31575448703744735,-0.01348261914531923,0.17193413112406675,0.4224137931034482,0.4224137931034482,0.40506329113924067,0.42307692307692313,0.775692582663092,0.7857142857142858,0.9204693611473274,-0.37037037037037035,0.09418282548476453,0.09154688569472968,0.029970451667370224,0.038302277432712195,-0.01476301476301467,0.03765690376569042,0.05791505791505802,0.02898550724637694,-0.03923900118906065,0.033570701932858604,0.010204081632652962,-0.19881569207994076
2013-02-28,-0.01903778748739615,-0.05749183133654889,-0.042146681810806386,-0.06071067699562138,0.014439360627488185,-0.18449991272473376,-0.4882154882154882,-0.4882154882154882,-0.4864864864864866,-0.4864864864864866,-0.8409662808253648,-0.7621052631578947,-0.7664630006788866,-2.5294117647058822,-0.1316455696202532,0.007524690390343203,-0.0012295081967212962,0.0029910269192421346,0.020504731861198833,0.022177419354838745,-0.03558394160583944,0.029929577464788748,0.03415841584158419,-0.0029527559055118058,0.0,0.0034183296378418326
2013-05-31,0.030028633660458715,0.004952538175815091,0.04819379155549908,0.0992380098610488,0.005564667291471315,0.07298801369863006,0.03421052631578947,0.03421052631578947,0.05263157894736836,0.03508771929824572,2.199367088607595,11.221238938053098,-2.162790697674419,-1.3365384615384617,0.05102040816326525,0.11373891395674507,-0.0180549856380795,-0.0188866799204771,0.005409582689335446,0.09072978303747536,0.10643330179754029,0.029059829059828957,-0.023695548109143205,-0.008884501480750262,-0.010101010101010055,-0.0858116195562103
2013-08-31,0.03426154723436614,0.1259958932238192,0.03248353601874676,-0.14018920241396182,0.03885361449292257,0.01376421304608022,0.3282442748091603,0.3282442748091603,0.3166666666666669,0.3220338983050848,-0.06330365974282892,-0.7639391745112237,-0.6675,20.34285714285714,1.0360610263522885,-0.018999720592344227,-0.011282908483075671,-0.018237082066869248,0.03843197540353582,-0.023508137432188048,-0.015818725951261214,0.02823920265780755,0.004412846285854366,-0.009960159362549792,0.0,0.30959814684258236
2013-11-30,0.022214564668044945,-0.0005106134656065464,-0.02093523772255923,0.00834677036896525,0.08360435123920595,0.15112160566706012,0.24521072796934873,0.24521072796934873,0.240506329113924,0.2435897435897436,1.5110876451953539,0.7699386503067485,-20.909774436090224,-2.121820615796519,-0.5708446866485013,-0.04400455710623763,-0.07903634826711747,-0.0608875128998968,0.09030347890451518,-0.07962962962962972,-0.04387489139878353,0.026655896607431284,0.060043934586282655,-0.05130784708249503,-0.020408163265306145,-0.008767207567484503
2014-02-28,-0.004494685034946211,-0.021967595971391085,-0.02386091127098322,-0.0479729094158593,0.020181112548512292,-0.15094017094017098,-0.3653846153846154,-0.3653846153846154,-0.3571428571428571,-0.3608247422680412,-0.6774600504625736,-0.6880415944540728,-0.8919939577039275,-1.315035799522673,0.4190476190476191,-0.008937881722031804,-0.019274896741624636,-0.003296703296703285,0.025797691785471866,-0.0905432595573441,0.038618809631985274,0.029110936270652976,0.024867603039373742,0.0031813361611878754,0.0,0.02731010939560874
2014-05-31,-0.004605278009797487,-0.011491679725393666,-0.005281906399705161,-0.009188815334453149,-0.004717220390565546,0.04026575397624321,0.024242424242424176,0.024242424242424176,0.031746031746031855,0.032258064516129004,0.3741851368970013,0.5944444444444446,1.9790209790209792,-1.303030303030303,-0.08948545861297541,0.04043288741920925,-0.017781937295273775,0.00330760749724357,0.0006618133686300265,0.013274336283185972,0.023184601924759463,0.02828746177370034,-0.00022466861379466518,0.007399577167019,0.0,-0.0023412128993278714
2014-08-31,0.014242623545687616,0.06348607231826064,0.029925084382975253,0.07459114479457529,-0.004943430842931362,0.009096187342751971,0.45443786982248513,0.45443786982248513,0.46153846153846145,0.4687499999999998,-0.11100569259962045,0.06271777003484313,-0.392018779342723,-2.55,0.15233415233415237,0.0031782721756716814,0.023344449737970452,0.03956043956043964,0.0,0.0021834061135370675,-0.013681060282171864,0.02750929368029742,-0.018876404494382104,0.0388247639034629,-0.01041666666666663,-0.010370931112793413
2014-11-30,-0.012924576820733003,0.0052526973310618175,0.04108548818992053,0.04120267260579058,-0.0820998719590269,0.1254315304948217,0.20423108218063457,0.20423108218063457,0.21052631578947367,0.21276595744680837,1.431163287086446,0.7836065573770492,2.5386100386100385,-2.3306451612903225,-0.17590618336886998,0.007632488479262678,0.06191806331471139,0.044397463002114224,-0.07605820105820094,0.008714596949891185,-0.04334633723450365,0.02677279305354552,-0.07008703618873102,0.042424242424242475,0.010526315789473717,-0.034498584869578464
2015-02-28,-0.04911310966631177,-0.07873181753989544,-0.04272716802948284,0.08823529411764697,-0.060428523602276574,-0.1390593047034765,-0.5236486486486487,-0.5236486486486487,-0.5217391304347825,-0.5175438596491228,-0.5790166812993854,-0.7150735294117647,-0.6497545008183305,-1.2727272727272727,0.05821474773609325,0.05888237816206954,0.010521701008329831,-0.014170040485829927,-0.0565497494631354,0.14470842332613398,0.004984141368373329,0.028188865398167673,-0.011822660098522286,-0.03100775193798444,0.01041666666666674,-0.1533829820947552
2015-05-31,0.04309708159618819,0.041542116961753583,0.059953480911132395,0.09647829647829642,0.018647188075301413,0.013558986539984108,0.1957446808510639,0.1957446808510639,0.19999999999999996,0.18181818181818166,-0.0615224191866528,7.941935483870967,-1.8395638629283488,0.711111111111111,0.09413202933985332,0.02308003779187473,0.03427331887201723,0.0010266940451746365,0.018209408194233667,0.08490566037735858,0.04508566275924264,0.027416038382453767,-0.023429710867397868,0.0009999999999998899,0.0,-0.05015908665543711
2015-08-31,0.025648638772154175,0.011479873427036491,0.03231054443645709,0.049148491186136845,0.017489651955926,0.03495752367932825,0.1577698695136418,0.1577698695136418,0.15151515151515138,0.1692307692307693,0.4522222222222223,-0.08730158730158732,-0.5621521335807049,1.4545454545454546,0.21117318435754195,0.06345646437994734,-0.031459731543624136,-0.060512820512820586,0.015648286140089507,0.045217391304347876,0.060396893874029356,0.026684456304202797,-0.008167432363450744,-0.06293706293706292,0.010309278350515427,-0.035862068965517135
2015-11-30,0.0038078695971675014,0.023281193161149405,0.03386476085761414,-0.1170439982913285,-0.0430298516014439,0.13397490329276351,0.528688524590164,0.528688524590164,0.5394736842105261,0.513157894736842,1.091813312930375,-0.5391304347826087,-10.021186440677965,-0.7777777777777778,0.03874538745387457,0.015010544597444442,0.020788220008661762,-0.0021834061135371785,-0.03595011005135729,-0.0016638935108153063,0.07363710333604567,0.02599090318388564,-0.046577457539886735,-0.0031982942430702765,0.0,0.15890047005926844
2016-02-29,-0.02389192067083723,-0.0713117667970139,-0.052359176149455844,-0.11933559103370428,0.0239492276374087,-0.1428571428571429,-0.3739946380697051,-0.3739946380697051,-0.37606837606837606,-0.3652173913043478,-0.7150694952450622,-0.6192109777015438,-0.7862846406763739,-1.1904761904761905,-0.007104795737122527,0.0625763871913958,0.053033517182859535,0.0448577680525164,0.02511415525114158,0.10333333333333328,0.059113300492610765,0.027232425585813846,0.04912280701754379,0.05240641711229954,-0.010204081632653073,0.054492549157922454
2016-05-31,0.0554987386650303,0.07349563619660082,0.07391889869818935,0.16343160593297923,0.027072856975792314,0.03212968355659096,0.004282655246252709,0.004282655246252709,0.013698630136986356,0.0,0.730423620025674,5.7207207207207205,-1.6439560439560439,-25.625,0.17620751341681573,0.1047849091327353,0.016116035455277844,0.007329842931937058,0.029695619896065173,0.07703927492447127,0.04436493738819336,0.02651048088779273,-0.027013120658605616,0.012195121951219523,0.0,-0.07726398528305045
2016-08-31,0.015545938031565676,0.04692625873627154,0.024766615577539453,0.055481230817659544,0.000512382578992332,-0.9957678924104204,0.3614072494669509,0.3614072494669509,0.3648648648648649,0.36986301369863006,-0.18620178041543023,-0.7962466487935657,-3.5938566552901023,-0.8629441624365483,0.020532319391634912,0.06330036439354503,0.06780333068992861,0.05613305613305619,0.005046863734679219,0.032258064516129004,0.0383693045563549,0.02582582582582571,-0.014806980433632932,0.41164658634538154,-0.25773195876288657,-0.008155867693701802
2016-11-30,-0.01708894307219333,-0.03147138964577656,0.01900132567388413,0.060766477781091455,-0.07442813246841928,513.1111111111111,0.2325763508222396,0.2325763508222396,0.2376237623762376,0.22999999999999998,2.0601640838650868,1.148026315789474,2.675,-6.851851851851852,-0.1177347242921013,-0.05483207676490742,0.024136650575566243,0.010826771653543288,-0.06814921090387371,-0.05978260869565222,-0.11778290993071594,0.02517564402810324,-0.058239398819109,-0.23826458036984355,0.33333333333333326,-0.08688899040657838
2017-02-28,0.024849543777907268,-0.025812350541567053,0.007238641670558321,0.22190201729106618,0.056928562646010095,-0.5488653555219365,-0.4059720457433291,-0.4059720457433291,-0.4,-0.39837398373983735,-0.8680369377420316,1.3384379785604898,-1.3945578231292517,-1.4620253164556962,0.06165540540540548,-0.02465554749818699,-0.0010877447425670095,-0.01850048685491723,0.06158583525789063,0.047687861271676235,-0.04599850411368722,0.026841804683038095,0.03134796238244508,-0.0028011204481792618,-0.02083333333333337,-0.20272163297978785
2017-05-31,0.02546778640735825,0.029456356941736983,0.0143070044709388,0.03624022089277501,0.04589343880874819,0.06764395899204745,0.06951871657754016,0.06951871657754016,0.06666666666666665,0.06756756756756754,2.0,-0.7570399476096922,-1.7767695099818512,-0.410958904109589,0.0342084327764518,0.07233138608603285,0.006896551724137723,0.0009920634920634885,0.046410442349528624,0.009655172413793212,0.06977655821246564,0.02614015572858719,0.019894998618402937,0.000936329588014928,0.0,-0.006526104417670653
2017-08-31,1.1308470679994254,0.1519741917385511,1.562575505273125,-0.03730431886310648,0.4023691674545353,0.06362738939244372,0.08200000000000007,0.08200000000000007,0.07499999999999996,0.07594936708860756,-0.05342362678705792,113.42857142857143,-49.38901869158879,7.395348837209303,0.2776923076923077,-0.025554675118858894,-0.13626532083633736,-0.26164519326065416,0.3340263340263341,-0.06830601092896171,-0.04140710883107357,0.025474254742547497,-0.3419127607694391,-0.24041159962581848,-0.02127659574468077,0.19656392117230936
2017-11-30,0.00039492568654453386,-0.015585048094484355,-0.004268385913052342,0.1228808672586783,0.015188769035533012,0.25793115086061413,0.6238447319778189,0.6238447319778189,0.558139534883721,0.5529411764705883,3.0723370429252785,-0.9827574023037241,-1.09915260375172,-0.42659279778393355,0.12462372065021077,0.0044724537507623285,-0.07303839732888151,-0.15704697986577187,0.014545454545454639,-0.24780058651026393,0.046253822629969354,0.02484143763213531,0.014820913956360648,0.21674876847290658,-0.30434782608695654,-0.12331081081081086
2018-02-28,-0.0021953051281558,-0.006802721088435382,-0.06708979001650694,-0.03892569198377238,0.19543732177038176,-0.1702327453216178,1.4052361980648835,1.4052361980648835,1.4029850746268657,1.4090909090909092,-1.0400156158500877,-0.5191256830601093,-1.0954467981495009,-1.3478260869565217,-0.03854389721627405,0.0524185387573366,0.46150382710490767,0.426751592356688,0.19354838709677402,0.03898635477582846,0.027036901717208517,0.026817947395564756,0.1979716024340772,0.6234817813765181,-0.12499999999999989,0.0333574181117533
2018-05-31,0.0020071407893467175,-0.02602739726027392,0.007255918580089338,-0.013251402618220665,-0.010358800078426267,0.0729124565516126,-0.7082347373402744,-0.7082347373402744,-0.7080745341614907,-0.7075471698113207,-13.458536585365854,-0.20454545454545459,-6.122448979591836,-4.194444444444445,0.12806236080178168,0.017788461538461586,-0.08471965495995082,-0.1071428571428571,-0.010296010296010238,-0.14821763602251403,-0.3866951262895767,0.026117528879959773,-0.01219099221131048,-0.013092269326683281,-0.1071428571428572,-0.012935555296585521
2018-08-31,-0.010188948169263634,-0.05753739930955126,-0.02417103560972289,0.00454865435641949,0.02417038137691918,0.013561365177427787,0.40713706407137074,0.40713706407137074,0.4042553191489364,0.39784946236559127,-0.3966327329678935,0.7928571428571429,0.15089641434262946,-6.6347826086956525,-0.6396841066140178,0.06943788379782712,0.0255806125883542,0.08124999999999982,0.021239705244906704,0.08149779735682827,0.04582366589327158,0.02545276554087117,0.034624614329790804,0.046746683512318254,0.040000000000000036,-0.06174734356552536
2018-11-30,-0.0021015761821365775,0.0038665038665037788,-0.012810493999441785,0.0790253894668751,0.022310345939323684,0.11439827547758874,0.2334293948126802,0.2334293948126802,0.2272727272727273,0.22307692307692317,1.8046722907203114,-0.10159362549800799,0.5508437905668542,-1.1820987654320987,0.3232876712328767,0.20768551236749122,-0.008861174926157012,0.04508670520231206,0.018675721561969505,0.18126272912423613,0.12645590682196328,0.02482100238663487,0.024519549370443983,0.04164152082076056,0.0,-0.06971184094626903
2019-02-28,-0.0027787527787527244,-0.035069937157916065,-0.026716801899861475,-0.086226707298796,0.05049039704815672,-0.17856189967982927,-0.30841121495327106,-0.30841121495327106,-0.3086419753086419,-0.3018867924528301,-0.7602961591855623,-0.4390243902439024,-0.7784598214285714,-0.7584745762711864,0.05900621118012417,0.005778655548240641,-0.3092715231788079,-0.2920353982300884,0.05125000000000002,-0.012068965517241237,-0.03298867552929585,0.026548672566371723,0.053363518758085426,-0.2937427578215528,0.019230769230769162,0.05599891789530642
2019-05-31,0.0008603916737550676,0.0315826330532214,-0.0045169348748039795,0.016948225903449687,0.01197838486940861,0.05716605765326843,0.009459459459459474,0.009459459459459474,0.008928571428571175,0.009009009009008917,1.0328185328185326,0.13438735177865602,0.7795969773299749,5.508771929824562,0.36265884652981417,0.0559272727272726,0.012464046021092967,0.043749999999999956,0.00832342449464929,0.003490401396160525,0.4994908350305498,0.02586206896551735,0.011053116364752924,0.04511894995898302,-0.018867924528301883,0.014346099654156674
