Quarter end,Assets,Current Assets,Liabilities,Current Liabilities,Shareholders equity,Revenue,Earnings,Earnings available for common stockholders,EPS basic,EPS diluted,Cash from operating activities,Cash from investing activities,Cash from financing activities,Cash change during period,Cash at end of period,Price,ROE,ROA,Book value of equity per share,P/B ratio,P/E ratio,Cumulative dividends per share,Equity to assets ratio,Net margin,Asset turnover,Current ratio
1996-03-31,0.056043149079106236,0.13073114161879862,0.06293450163059178,0.17497945859519004,0.05141516462360429,0.4679048239800214,5.181000691722389,5.181000691722389,5.444444444444445,5.444444444444445,2.278256704980843,-1.2472284644194755,-0.9841765992282944,-0.33333333333333337,0.0,0.06669733210671591,0.007891770011273946,-0.05268389662027828,0.05119825708060999,-0.09486166007905128,0.06657789613848197,1.0,-0.004346372450685254,0.0,-0.0714285714285714,-0.03764511402487136
1996-06-30,0.056043149079106236,0.13073114161879862,0.06293450163059178,0.17497945859519004,0.05141516462360429,0.4679048239800214,5.181000691722389,5.181000691722389,5.444444444444445,5.444444444444445,2.278256704980843,-1.2472284644194755,-0.9841765992282944,-0.33333333333333337,0.0,0.06669733210671591,0.007891770011273946,-0.05268389662027828,0.05119825708060999,-0.09486166007905128,0.06657789613848197,1.0,-0.004346372450685254,0.0,-0.0714285714285714,-0.03764511402487136
1996-09-30,0.0056701251929343055,-0.007079613369733617,-0.05873777400800484,-0.1852089849840769,0.049398045672947255,0.005318352807351934,0.025478419815719855,0.025478419815719855,0.034482758620689724,0.034482758620689724,1.1940589237886536,-0.07978589102661215,13.410998552821997,-11.64,0.0,-0.04570935748167326,0.007891770011273946,-0.05268389662027828,0.04870466321243505,-0.09486166007905128,0.06657789613848197,0.5454545454545456,0.043485560779046306,0.0,-0.0714285714285714,0.21862190122974812
1996-12-31,0.024404476418864895,0.007523937267083003,0.013562698882036539,0.022291294565192077,0.031006705079397845,-0.08955653485786885,-0.27268097489996357,-0.27268097489996357,-0.2666666666666666,0.0,0.40031073132837647,1.931844372496296,-0.1821650933922474,-1.957779063042221,0.0,0.053321283325802105,0.007891770011273946,-0.05268389662027828,0.031620553359683834,0.004366812227074135,0.06657789613848197,0.3529411764705881,0.006436041834271711,0.0,-0.0714285714285714,-0.014448181963799489
1997-03-31,-0.008033366366764771,-0.050463553690359375,-0.03320471902229971,-0.1568569613359957,0.0070356794607642215,-0.1378789695734174,-0.554516354906472,-0.554516354906472,-0.5681818181818181,-0.6833333333333333,-0.7249686960105245,-1.01826791697082,-0.6534872298624754,-2.914855072463768,2.563451776649746,0.10210210210210224,0.007891770011273946,-0.05268389662027828,0.006704980842911823,0.06956521739130439,0.06657789613848197,0.26086956521739113,0.015187849720224023,0.0,-0.0714285714285714,0.12618645169678833
1997-06-30,0.46993015977900754,0.26977808157463445,1.1983475824412673,1.7496299685136845,0.0512819983442101,0.4680424625228403,2.4095655102728193,2.4095655102728193,2.473684210526316,2.473684210526316,1.2434301521438451,-291.3053278688525,-44.315024805102766,-0.9952696310312205,0.007122507122507171,0.12884390813546132,0.007891770011273946,-0.05268389662027828,0.05137963843958149,0.12195121951219501,0.06657789613848197,0.2068965517241379,-0.28472440944881894,0.0,-0.0714285714285714,-0.5381862264042024
1997-09-30,0.02195997773766112,0.039569346526174165,-0.017188582558793186,-0.43854326219616635,0.06901021209740765,0.17023558292777463,0.19444170041818953,0.19444170041818953,0.19696969696969702,0.19696969696969702,0.675143855322647,-0.9045839245000671,-1.1293164805497606,108.35,0.7733380480905234,0.20034482758620697,0.0587248322147651,-0.05268389662027828,0.06606334841628936,0.14130434782608692,0.14981273408239715,0.17142857142857149,0.046014971378247616,0.009830205540661385,-0.02197802197802201,0.8514999999999999
1997-12-31,-0.034983509295276605,-0.052577070865771014,-0.09573419213676126,-0.056627619147230024,0.03214167615828334,-0.12117018810011893,-0.36651596184595026,-0.36651596184595026,-0.3670886075949368,-0.379746835443038,0.13675816592547152,-0.11329757721472167,0.4721325994812424,-0.4488645023624448,0.24034562977733476,0.03878195920712413,-0.008452192287374483,-0.05268389662027828,0.032258064516129004,-0.025396825396825418,-0.05646036916395236,0.14634146341463405,0.06945906125026302,-0.031858407079646045,-0.022471910112359605,0.004287064542263019
1998-03-31,0.01447572742655634,-0.047249791933219876,0.034452642785041565,0.13749711276389331,-0.004862628952220893,-0.21884226087029357,-0.885286565995039,-0.885286565995039,-0.88,-0.8775510204081632,-0.8261655514785237,1.1659436008676791,-1.5243876235496348,-5.046183628318584,-0.7840415840523016,0.15542035398230092,-0.0958977091102825,-0.1385099685204616,-0.010690789473684292,0.12052117263843654,0.12888377445339483,0.1276595744680853,-0.01909073017122609,-0.09232175502742224,-0.04597701149425293,-0.16241470874928576
1998-06-30,0.06998009305360786,0.21273350130542346,0.06597406752397283,0.28202441579960524,0.0740112751831501,0.4889270110166992,12.792109256449166,12.792109256449166,12.000000000000002,12.000000000000002,1.8624088157690517,-0.4328415700473788,-0.8194632247490268,-1.8094456974916273,2.9387096774193546,0.09502154140737185,0.021803182086034267,0.04628501827040199,0.0739817123857025,0.10465116279069764,0.16615698267074408,0.1132075471698113,0.003812199036917985,0.015105740181268867,0.024096385542168752,-0.05405513864922329
1998-09-30,0.030137050216752392,0.004617497574335605,-0.008568813121839214,-0.06070742972269216,0.06879450576534918,0.12496714517691188,0.2627076686104082,0.2627076686104082,0.26923076923076916,0.2564102564102564,1.1760607292937508,0.9922575387123065,-6.736268724466637,-1.3105632018914126,-0.23171423171423167,0.015737704918032724,0.053056516724336866,0.07683352735739235,0.06656346749225994,-0.05263157894736836,-0.04195804195804187,0.11016949152542388,0.03757745352788344,0.0535714285714286,0.0235294117647058,0.06957407093161372
1998-12-31,0.28486284240869364,-0.011752871333748915,0.5487710942256396,0.02681829525755952,0.04036341879169947,-0.10072492758725538,-0.33095170671139473,-0.33095170671139473,-0.33333333333333326,-0.346938775510204,0.1529203628027509,5.23481284516261,-11.90595077945715,-1.6500815660685155,0.1960639606396064,0.0847858833656121,0.025739320920043607,-0.028108108108108154,0.03918722786647333,0.016666666666666607,-0.0045620437956205295,0.09923664122137388,-0.19032941629743783,0.029190207156308823,-0.05747126436781613,-0.03756147866095505
1999-03-31,0.005171255749599091,0.016835955688869086,0.006131025421060032,0.027760078301025448,0.003847542081087507,-0.1420522895356866,-0.7414859673113239,-0.7414859673113239,-0.7424242424242424,-0.734375,-0.6842378266225766,-0.9232115128053715,-1.0244197985031038,-3.341698034295274,-0.38386123680241324,0.09283872247569946,0.0010678056593700358,-0.04338153503893216,0.0020949720670391248,0.051912568306010876,0.026122823098075232,0.0902777777777779,-0.0011896264572923698,-0.0054894784995423995,-0.03658536585365846,-0.010632598392746662
1999-06-30,0.04518901505757755,0.13759061998312072,0.0377632385573794,0.20849551639726704,0.055453937827854016,0.36423975674206943,4.198110831234257,4.198110831234257,4.1764705882352935,4.1764705882352935,-0.08045859000684463,0.5112503560239248,-1.9493388798098352,0.6411859260582247,0.0,0.11635505536394986,-0.0010666666666666602,-0.03953488372093006,0.05574912891986061,0.11428571428571432,0.06878070567217498,0.08280254777070062,0.009766555502620289,-0.004599816007359703,-0.03797468354430378,-0.058691215062273594
1999-09-30,0.038653965758357556,0.0057619351864204305,0.033509269129767816,0.16030251745293,0.04564646745929313,0.07579705958371985,0.06488503379933608,0.06488503379933608,0.06818181818181812,0.06818181818181812,2.317391789794931,1.1830003769317754,-0.3223787167449139,-1.0871694417238003,-0.9333481695782797,-0.2226016260162601,-0.050186865990389684,-0.08958837772397099,0.045544554455445585,-0.26340326340326337,-0.2515670706226494,0.07647058823529429,0.0066053314460958745,-0.049907578558225474,-0.03947368421052633,-0.13319762810868208
1999-12-31,0.005249573976881194,-0.06139397648394762,-0.025335473386029594,-0.16725466064998407,0.04633723971886994,-0.05280786450795949,-0.25787809151100094,-0.25787809151100094,-0.24468085106382975,-0.26595744680851063,-0.11985191002412077,-0.44572865406198736,-6.609006928406466,2.5006242197253434,4.681135225375626,-0.18406191173394693,-0.021922428330522825,-0.007978723404255317,0.045454545454545414,-0.22151898734177222,-0.17197096594081518,0.07103825136612008,0.041012420904616764,-0.02821011673151752,0.027397260273972712,0.12711864406779672
2000-03-31,0.013675746338462469,0.021013226234303906,0.022658192300385682,0.12117397206288039,0.0024353816378683835,-0.17599646682124326,-0.775270564429592,-0.775270564429592,-0.7746478873239436,-0.7681159420289855,-0.6591418956814358,-0.10408675843538873,-1.6262197883641454,-2.4497146932952925,0.0,0.08792617277621129,-0.039655172413793016,-0.029490616621983823,0.0018115942028986698,0.04065040650406515,0.06810519217801758,0.06632653061224492,-0.011256190904997743,-0.03203203203203209,0.0,-0.08931968475405383
2000-06-30,0.04059827729201393,0.11028527999883453,0.034982847289387164,0.1546813517287169,0.0477670188209427,0.31268854275687996,4.746521145975444,4.746521145975444,4.625,4.625,0.7026663176395798,0.29931544061719006,0.2020514169241896,-1.9901599015990161,-0.011754334410813971,0.11569274269557028,-0.02752842609216033,-0.016574585635359185,0.04761904761904767,0.11328125,0.11931818181818188,0.06220095693779926,0.007058287795992824,-0.018614270941054722,0.0,-0.03844623495473998
2000-09-30,0.008797041321612742,0.013668342587712434,-0.018998892861149197,-0.08431070785310213,0.04384878338600151,0.0491924938064523,-0.0016855799819571748,-0.0016855799819571748,0.0,0.0,0.8260745426193143,-0.3004449053321737,-3.1510775626299092,-0.5050931677018633,0.592328278322926,-0.13220696937697984,-0.04861538461538473,-0.032303370786516794,0.044303797468354444,-0.1719298245614036,-0.13818386914833625,0.06306306306306286,0.03459190594619033,-0.033719704952581586,0.0,0.1070190865359748
2000-12-31,-0.006929344308974628,-0.0830832493727226,-0.027379266730835017,-0.12680940266048568,0.01730615130803681,-0.1741102536122323,-0.5119259946255736,-0.5119259946255736,-0.5111111111111111,-0.5222222222222223,-0.30884139374330977,0.29534967124925293,-0.6587499364288257,-6.086847389558233,0.0,-0.071063519104405,-0.12160413971539452,-0.10885341074020316,0.005509641873278293,-0.11016949152542366,-0.05759162303664911,0.05932203389830515,0.02447552447552437,-0.08396946564885499,-0.026666666666666727,0.0500420521446594
2001-03-31,0.17143114705401596,0.6173185474857705,0.31098815829425464,0.29734603120885406,0.013304976566282711,-0.16056544302588427,-1.2222763593841357,-1.2222763593841357,-1.2272727272727273,-1.2325581395348837,-1.059270860523797,0.22162132230794795,-24.018107302533533,-24.61709266752196,42.79719887955182,0.11946554886036131,-0.13254786450662737,-0.15146579804560267,0.01315068493150684,0.1142857142857141,0.24166666666666647,0.05600000000000005,-0.1350255972696245,-0.0976190476190476,-0.0547945205479452,0.2466515374004361
2001-06-30,0.03591132431729549,-0.21256775905563585,0.006360212953280264,-0.04149666795736617,0.07923093103117163,0.5937995433478218,-9.549320473476545,-9.549320473476545,-9.2,-9.2,-14.995889606576629,2.1272342675832894,-1.246326516738264,-1.9836406030621114,0.0,0.09478118417973325,-0.06706281833616301,-0.07869481765834929,0.057328285559762104,0.08119658119658113,0.22818791946308736,0.05303030303030298,0.04192355117139335,-0.0712401055408971,-0.014492753623188248,-0.17846944603083947
2001-09-30,0.010662387272082796,-0.003748722866100951,-0.024151048079702253,-0.0917997652701944,0.05825029843837548,0.03996972999728721,0.1772986000717911,0.1772986000717911,0.15853658536585358,0.15853658536585358,1.4081392909586743,-0.7593344155844156,-0.10905363314978123,-0.9880669677183651,0.0,-0.08999572466866179,-0.0027297543221109777,-0.01041666666666663,0.05319693094629141,-0.13833992094861647,-0.0541894353369764,0.05035971223021596,0.04710059171597636,-0.0014204545454545858,0.0,0.09693256864789723
2001-12-31,-0.014979565269370942,-0.07972597557221328,-0.045236537349841455,-0.10084934636850584,0.02315944564666883,-0.11947672156956068,-0.4554304505956399,-0.4554304505956399,-0.4526315789473684,-0.4631578947368421,-0.1821753371197603,-0.05219625792981608,-0.3860723083504196,-2.7981488074047705,-0.9941202554853454,-0.007517030772844713,0.0009124087591241281,0.0,0.022340942204953862,-0.05963302752293598,-0.03129513721714006,0.047945205479452024,0.0386528028933093,-0.004267425320056861,0.0,0.023487939161088267
2002-03-31,0.0052877397081696476,0.038449757371552096,0.02520276654069309,-0.012081005222951857,-0.018137137893118105,-0.24654301833934944,-1.421875624875025,-1.421875624875025,-1.4230769230769231,-1.4313725490196079,-0.7932533046451434,-0.40051258154706426,-1.4481259010091303,0.9318946743219165,7.0761421319796955,0.0454437869822486,-0.08659981768459446,-0.0652631578947368,-0.018527315914489306,0.024390243902439046,0.006958250497017815,0.045751633986928164,-0.023286180631120867,-0.07285714285714295,0.0,0.05116099071207447
2002-06-30,0.029153846257036653,0.11333522215667391,0.007065956771920456,0.10973713478496916,0.056281334938107275,0.46523138263931774,-6.0584889562991755,-6.0584889562991755,-6.0,-5.954545454545455,0.45517774343122097,-0.7610147334204854,-2.493860918985577,-1.6539249846279975,-0.57295501481548,-0.08580484491736473,0.11177644710578849,0.1351351351351351,0.05130687318489824,-0.07142857142857151,-0.03257650542941759,0.043749999999999956,0.026292335115864596,0.1402157164869029,0.0,0.0032398203372359102
2002-09-30,0.00888665463704541,0.007120260059437111,-0.008989182209168667,0.06270186571417713,0.029818140658013803,0.010185586230273769,-0.2705483302724785,-0.2705483302724785,-0.2727272727272727,-0.2660550458715596,1.9978049212249958,4.336487285629805,0.6960735051324385,-1.2070208431280363,0.2777544154751892,-0.1154036651807826,-0.0825852782764811,-0.06746031746031744,0.02946593001841613,-0.15897435897435896,-0.21785714285714286,0.04491017964071875,0.020842379504993458,-0.05675675675675673,-0.014705882352941235,-0.05229357798165135
2002-12-31,-0.02733168130494734,-0.089392523364486,-0.04446514531523582,-0.11580561105226228,-0.008025485174560254,-0.17693868943452418,-0.8826718047527295,-0.8826718047527295,-0.8875,-0.875,-0.15874009424491864,-0.12023492907801414,-0.0296047062806839,-5.8304314912944735,0.0,-0.156494960806271,-0.2035225048923679,-0.19361702127659564,-0.008497316636851382,-0.17682926829268286,-0.09849967384213953,0.042979942693409656,0.019778817524457537,-0.17478510028653294,-0.014925373134328401,0.02985479186834472
2003-03-31,0.004580412923450128,0.013515182961480576,0.04013968286375391,0.02980887340959515,-0.034016306405296404,-0.1984904207400109,-5.574556601707904,-5.574556601707904,-5.777777777777778,-5.3,-0.7247164195867026,-0.03149011210479913,-1.341867108620276,-1.7099200752233192,-0.30459108112555533,-0.035844673083305634,-0.12776412776412782,-0.12401055408970985,-0.03518267929634644,-0.029629629629629672,0.18740955137481907,0.041208791208791284,-0.03837330552659013,-0.11458333333333337,-0.015151515151515138,-0.015791848398255426
2003-06-30,0.01679158173103401,0.10033379589693592,-0.0014353421307674585,0.018363079460446574,0.03809419119263602,0.4699436952052618,-2.8978556385219223,-2.8978556385219223,-2.8837209302325584,-2.8837209302325584,1.1116324136875924,-0.07939914163090134,-1.6641576832302098,-0.4081677704194261,0.6344060577378134,0.12564543889845092,-0.18591549295774645,-0.1807228915662651,0.037868162692846985,0.16793893129770998,0.27726995734308346,0.0474934036939314,0.021036651485577984,-0.17647058823529405,0.0,0.08049358190709044
2003-09-30,0.010493837595845212,0.0436427592694848,-0.010419755108726836,-0.0023040030848576754,0.03400572547726899,0.08157512784036292,0.14804539722572518,0.14804539722572518,0.14814814814814814,0.14814814814814814,1.6659985026686308,-0.400755809846719,3.490683826354207,16.40656471465871,6.756478934414362,0.11712538226299696,0.09861591695501737,0.10294117647058831,0.03378378378378377,0.07843137254901955,0.36164122137404564,0.04534005037783384,0.023152081563296623,0.09047619047619038,0.01538461538461533,0.04603472050348256
2003-12-31,-0.00046714499339817195,0.014936999078991153,-0.00660636899658007,0.06366100286491427,0.006138274586492409,-0.21938230268990044,-0.35533831282952544,-0.35533831282952544,-0.3548387096774194,-0.3548387096774194,-0.041932766258118814,0.3992455943891082,-0.4596744872425519,0.21621274133756185,1.3357038862134618,0.1560361346838215,0.34488188976377954,0.3500000000000001,0.023093681917211395,0.11515151515151523,0.04940434477925715,0.04337349397590362,0.00664313888312229,0.3624454148471614,-0.015151515151515138,-0.04580023660638832
2004-03-31,-0.02762765263017397,-0.09404217731074993,-0.021056516747400167,0.005941025780781706,-0.03460822571551725,-0.12404475322257924,-1.223036292383711,-1.223036292383711,-1.2333333333333334,-1.2333333333333334,-1.1568143567632987,-0.013520913188155514,0.2803989867004433,-2.2747854890145707,-0.5782087858518536,0.11934643618280849,0.14168618266978927,0.15555555555555545,-0.03620102214650778,0.09239130434782594,-0.1736227045075125,0.04157043879907607,-0.007217983089296776,0.1346153846153848,0.01538461538461533,-0.09939780375487062
2004-06-30,0.020850785490515555,0.09555650274388627,0.00842487444392348,-0.1013130327987285,0.03423623303338541,0.3495772762423399,-7.831932773109243,-7.831932773109243,-7.642857142857142,-7.571428571428571,-5.129092553512209,0.1263023057216055,-0.7192716705824163,-1.4564012549583292,0.6256536566881394,-0.061561243917918396,0.036923076923076836,0.04487179487179471,0.03358373840035367,-0.02487562189054715,-0.18545454545454543,0.03991130820399125,0.013086830078936407,0.0466101694915253,0.0,0.21904499685336676
2004-09-30,0.03253709532374094,0.10229787234042553,0.030230269598741533,0.10910196247877257,0.03496003857855068,0.08021831979468108,0.2077155317007715,0.2077155317007715,0.20430107526881724,0.2065217391304348,0.42108029964515703,0.04348320570172115,1.2152846602797047,0.5043001635273454,0.5789492086431551,-0.01172227231740297,0.06429277942631062,0.06952965235173836,0.03933304831124396,-0.04591836734693866,-0.058531746031746046,0.04264392324093791,0.0024605290137378333,0.07692307692307687,0.0,-0.006130416545671591
2004-12-31,-0.013551951099921022,-0.08195388099649992,-0.014963655831000677,-0.07672061934595398,-0.012075962334029411,-0.1540966360801742,-0.3150380534414755,-0.3150380534414755,-0.3125,-0.3063063063063064,0.2087096807340958,0.6712806539509537,1.260923596957797,-0.47371917463512836,0.19297002443219147,0.10926094890510951,0.05762081784386619,0.05927342256214141,0.005758946935417564,0.06951871657753994,0.028977871443624847,0.04089979550102263,0.0014317856412353613,0.043859649122807154,0.015151515151515138,-0.005648800441515389
2005-03-31,-0.000731794696780641,-0.06201011448883709,0.02755431731708846,-0.02498368602591594,-0.030219511074389582,-0.10403810989265783,-0.8086780210867802,-0.8086780210867802,-0.8051948051948052,-0.8051948051948052,-0.744831162648349,-0.14286335376722747,0.07970010773255942,-3.2385724668171214,-0.362102462566514,0.11145383508122553,0.09841827768014055,0.09566787003610111,-0.018404907975460127,0.10499999999999998,0.0404505888376856,0.03929273084479368,-0.02941176470588225,0.08283313325330144,0.0,-0.037970550785203505
2005-06-30,0.022147903597425467,0.06613007072068156,0.026085401159153365,0.15466407677095018,0.01779860196625882,0.4089040370771184,7.686166454712449,7.686166454712449,7.800000000000001,7.666666666666668,1.6198567382975178,0.3966522952066953,-0.07852081127311228,-0.6294277463561335,-0.21035529646837448,0.1494912118408882,0.11519999999999997,0.10543657331136758,0.0245833333333334,0.17194570135746612,0.036417322834645605,0.03780718336483946,-0.004419191919191934,0.07317073170731692,0.02985074626865658,-0.07669856784090134
2005-09-30,0.028598655095215975,0.06713174693439483,0.004533095859162506,0.025547381633080013,0.05539754760733606,0.041778770390006104,0.24219156689224364,0.24219156689224364,0.24999999999999978,0.24615384615384617,0.2637883893940358,0.06172144543308522,-0.762750817643419,-2.3912943237884448,0.3706301437169881,0.1593433124094641,0.13199426111908186,0.13114754098360648,0.05408702724684833,0.13127413127413146,0.027065527065527117,0.041894353369763104,0.02621010357218334,0.10640495867768607,0.02898550724637694,0.04054252738366548
2005-12-31,-0.01687498964681189,-0.0962692874073251,-0.010916865980806212,-0.14956781886638504,-0.023190065490462763,-0.12415675070274945,-0.3745809324253536,-0.3745809324253536,-0.37575757575757573,-0.37037037037037035,0.10442955181227243,0.04157758812362111,6.795640834575261,-2.154608424750605,-0.31221601856913683,0.056781896432042345,0.05449936628643859,0.050065876152832756,-0.010802469135802517,0.0034129692832762792,-0.08368007397133603,0.04020979020979021,-0.006591143151390311,0.025210084033613356,0.028169014084507005,0.06270090783849658
2006-03-31,0.0006752102891691703,-0.028503042151614255,-0.009268587387893712,0.07701302205654548,0.011347167255268742,-0.029125480677947513,-0.35075486316142135,-0.35075486316142135,-0.3398058252427184,-0.3529411764705882,-0.7038795145595684,-0.15311986863711002,-0.683155303844959,0.30868591767610076,-0.5940712750016288,0.0,0.10757211538461542,0.11543287327478069,0.012480499219968744,0.0,0.0,0.03865546218487381,0.010781671159029615,0.07194899817850642,0.027397260273972712,-0.09799228825953998
2006-06-30,0.027539272735187748,0.03912932716227746,0.027865565773152356,0.16258223760520374,0.027196224440881878,0.22115355162802097,1.4443656066567763,1.4443656066567763,1.441176470588235,1.4696969696969693,1.5038614196486262,0.1914687348521571,0.15751564974734134,-0.7638401473942797,-0.34561679453022176,0.0,0.048290830168204124,0.055118110236220375,0.036209553158705665,0.0,0.0,0.03721682847896446,-0.00041025641025638215,0.04418011894647411,0.01333333333333342,-0.10616892688679247
2006-09-30,0.012262111833017952,0.0008588817754171529,-0.009436896746083168,0.4354726709660941,0.03509023731121097,0.0219421885461466,0.004881910542287926,0.004881910542287926,0.012048192771084265,0.012269938650306678,0.17775074344417408,-0.17594792514239221,0.3931259162730085,-1.2268970000928765,0.1198371431374472,0.0,-0.01345755693581785,-0.006396588486140664,0.039405204460966736,0.0,0.0,0.043681747269890936,0.02257336343115135,-0.01708706265256299,0.013157894736842035,-0.30278293135435985
2006-12-31,-0.010374320486943533,-0.026196429657613374,-0.014305547029574428,-0.12405788237256565,-0.006416442828052316,-0.11152984179909864,-0.17980567226890753,-0.17980567226890753,-0.1785714285714286,-0.17575757575757567,0.3404213140239767,-0.017338757454875786,0.6195921612646742,2.8694228407695457,0.41407858425686617,0.0,0.04616998950682061,0.05579399141630903,-0.004649499284692493,0.0,0.0,0.04035874439461873,0.004013646397752257,0.04552980132450313,0.012987012987013102,0.11176157530601394
2007-03-31,0.0215869560620503,0.0487107371605493,0.24508862237105067,0.992160522039407,-0.2016432583821648,-0.11920598760657242,-0.471872698748119,-0.471872698748119,-0.46376811594202894,-0.4632352941176471,-0.6181832334397135,0.18338022508038576,-0.937320415264883,-2.4994181741246164,-0.4390682113871507,0.0,0.04764292878635912,-0.004065040650406471,-0.1559468199784405,0.0,0.0,0.03879310344827602,-0.21846891864881068,0.013460015835312866,-0.012820512820512886,-0.47359183022179674
2007-06-30,0.04186638141288879,0.11280440689752869,0.13080588171167307,-0.4370150747043847,-0.09667201735661268,0.2898713318229962,1.51445892694756,1.51445892694756,1.635135135135135,1.6301369863013697,0.8542363206393215,0.037021312728199085,2.940797051370652,-1.9017920135459292,0.7058758559752596,0.0,0.10244135950215405,0.012244897959183598,-0.07875691783737748,0.0,0.0,0.03872752420470249,-0.13299232736572897,0.020312499999999956,-0.012987012987012991,0.9766595938163078
2007-09-30,0.020325543055942363,-0.0006119056884084095,-0.016288512467463212,-0.10397004847596436,0.09172023261240003,0.02674974093845739,0.08817147265888714,0.08817147265888714,0.10769230769230775,0.10416666666666674,0.45971590034522936,0.18165888807008934,2.804407552463904,-1.3499452354874042,-0.14480414373583683,0.0,0.12548849326964828,0.03629032258064524,0.09011090573012925,0.0,0.0,0.045272969374167804,0.06991150442477889,0.045176110260336966,-0.013157894736842146,0.11531973623677372
2007-12-31,-0.014013850364628322,-0.09386851171004251,0.00181418105031117,0.6000202128029157,-0.04182387420830702,-0.14452482406457734,-0.37361797354485626,-0.37361797354485626,-0.37037037037037035,-0.37264150943396224,-0.07510902558617727,-0.11417999390227007,0.002658185058848739,0.42611222892913037,-0.24147329371238213,0.0,0.05632716049382713,-0.03891050583657596,-0.027977956761339517,0.0,0.0,0.043312101910828016,-0.028122415219189567,-0.02197802197802201,-0.013333333333333308,-0.43365873779733266
2008-03-31,0.02843090313938612,-0.008194757272248054,0.03861575519589544,0.07479432153741694,0.009721022715860839,-0.1512659979982538,-0.630993438389841,-0.630993438389841,-0.6323529411764706,-0.6240601503759399,-0.3872714687080093,0.6146998545033557,-1.3296145889203892,0.01285467941683649,-0.3224373689989021,0.4947451392538098,-0.03469685902118336,-0.06376518218623484,0.007849978194504947,0.6870748299319729,-0.059031281533804325,0.042735042735042805,-0.018156028368794264,-0.038202247191011396,-0.027027027027027084,-0.07720320466132546
2008-06-30,0.1128484827405305,0.11269005282824374,0.13844594860384474,-0.09548069082547916,0.06447952076399699,0.32285218927280157,2.058090490797546,2.058090490797546,2.08,2.04,-0.33793195108984586,1.6078286987694992,9.178018503882097,-0.9348398080792447,-0.031008322899020446,-0.0009667779926173514,-0.10291335603480889,-0.10918918918918918,0.06317611423626146,-0.008064516129032251,0.038069705093833894,0.039812646370023685,-0.04362900895694888,-0.07242990654205594,-0.04166666666666674,0.23011488204858366
2008-09-30,-0.0025882428012665715,-0.024876709314797685,-0.03230866189249104,-0.13798886538156985,0.057473762683459606,-0.0020503307841709395,0.039527302363488115,0.039527302363488115,0.038961038961039085,0.03947368421052633,1.92979885172843,-0.8123825022106304,-1.4326120619955325,-2.7577197149643706,0.05624809972636058,-0.05419195918008268,-0.1231547870097005,-0.12985436893203883,0.05657305657305667,-0.1097560975609756,0.014979338842975087,0.04504504504504481,0.06042296072507547,-0.09319899244332497,-0.04347826086956508,0.13117558993369927
2008-12-31,-0.010161142069282425,-0.012810597615120933,0.011255687313073581,-0.17881504442287943,-0.04976772087442971,-0.21811039036322277,-0.619123722220547,-0.619123722220547,-0.6125,-0.620253164556962,-0.5152557470279899,-0.44750287140084755,-0.7999303113814185,31.294594594594592,1.7197754749568221,-0.21142219328434564,-0.16642616642616637,-0.17573221757322177,-0.04969183359013862,-0.2534246575342466,-0.12468193384223913,0.0431034482758621,-0.04017094017094036,-0.124074074074074,-0.06060606060606066,0.2021806264574273
2009-03-31,0.07274422242755318,0.341199132070535,-0.02083053593647899,-0.00283100857907459,0.21389463093028893,-0.19700917859365275,-1.2281687910695906,-1.2281687910695906,-1.2258064516129032,-1.2333333333333334,-0.08469736804907702,0.31749103942652335,-9.244300189993666,6.708134571930706,4.874027623432291,0.018754423213021898,-0.2065781881130987,-0.18443316412859556,0.12930685042561807,0.07033639143730896,0.1953488372093024,0.04132231404958686,0.13149302463639057,-0.11839323467230445,-0.06451612903225812,0.34500655307994754
2009-06-30,-0.014111467250151333,-0.10069746922154987,-0.03213043548924477,0.11911911911911921,0.01759658001952835,0.2450445596105877,-7.742192921582235,-7.742192921582235,-7.07142857142857,-7.07142857142857,-0.19844333940760417,1.3324990478263237,-1.350732653492347,-1.481100271973682,-0.3991973081444845,-0.001852495079310068,-0.21163636363636373,-0.17634854771784236,0.017229002153625217,-0.11714285714285722,0.17801556420233466,0.039682539682539764,0.03226652675760766,-0.10911270983213428,-0.08620689655172398,-0.19640629872154658
2009-09-30,0.00794713632762356,0.05341200788407763,-0.013090021777346306,0.014704521621121458,0.03880544979854439,0.04211596112746885,0.42849055632751787,0.42849055632751787,0.44705882352941173,0.44705882352941173,1.2722718865598028,-0.7177914110429449,-0.39241453576447827,-1.6821592588831342,0.4532538611485979,0.027838997796079346,-0.13099630996309952,-0.09823677581863977,0.03634438955539876,0.012944983818770295,0.2658959537572254,0.03816793893129766,0.030749682337992468,-0.030955585464333968,-0.05660377358490576,0.0381238783528155
2009-12-31,0.002042267702875744,0.014076306028881547,-0.02543354752606075,-0.0537811720303456,0.04134122528679529,-0.238505418615774,-1.0567964837698598,-1.0567964837698598,-1.0406504065040652,-1.0406504065040652,-0.2897235882652196,0.5845181021656471,-1.7307218600738983,0.15384997105284914,0.35987308793561534,-0.01681525787157201,-0.2993630573248408,-0.26256983240223464,0.025536261491317713,-0.051118210862619695,0.1187214611872145,0.03676470588235281,0.03920118343195256,-0.20694444444444438,-0.07999999999999996,0.07171891790870455
2010-03-31,0.0017346431293592257,-0.002507994304787209,0.02135173650969624,0.05833978043276322,-0.02413348568749818,-0.09444893807370369,6.668886774500476,6.668886774500476,9.8,9.8,-0.6762444789304047,0.34221028195831926,-1.7486125385405962,-1.6099546992373415,-0.16141674032876696,-0.039026629935720925,-0.22878787878787876,-0.21590909090909094,-0.026560424966799445,-0.06397306397306413,0.29154518950437325,0.03546099290780136,-0.025860023724792347,-0.19614711033274945,-0.021739130434782594,-0.05750283372569531
2010-06-30,-0.04576717571131583,-0.17110461898817264,-0.10278380369304174,0.04876740880140429,0.03253941328177312,0.7073632854131635,-3.2497518610421836,-3.2497518610421836,-3.185185185185185,-3.185185185185185,1.1811142656981675,-0.19673915155755062,10.354585392641406,3.440819780013162,-0.854802006849346,0.09806497849976115,0.20432220039292726,0.24637681159420288,0.03069577080491137,0.12949640287769792,0.39277652370203175,0.03424657534246589,0.08207501217730129,0.1568627450980391,0.0888888888888888,-0.20963041768814472
2010-09-30,0.006262449974034245,0.033381983045057906,-0.0125268293844647,0.029445813817753796,0.028469574977247003,0.009260250084220045,-0.04428390227761536,-0.04428390227761536,-0.0423728813559322,-0.0423728813559322,0.9666632856611557,-0.012628523043425655,-0.7721154729719926,-1.1503270741156297,0.8849976631874124,-0.1277058631567498,-0.06035889070146827,-0.03488372093023262,0.028457974851092027,-0.15605095541401282,-0.28589951377633716,0.0331125827814569,0.022057168579788566,-0.09039548022598864,0.061224489795918435,0.00380406156727342
2010-12-31,-0.013171648988392293,-0.049042774642269804,-0.03139540141870478,-0.09685709934752307,0.007514800594851101,-0.07056702984274588,-0.7152721677245624,-0.7152721677245624,-0.6991150442477876,-0.7168141592920354,-0.4223885985421537,-0.005831475265234087,-0.6434983764511131,-0.6541332206731446,0.16238284930329416,0.07207881281955353,0.21354166666666674,0.24497991967871502,0.00804375804375801,0.04528301886792452,0.1343622333182024,0.03205128205128216,0.02092050209205021,0.12629399585921308,0.09615384615384603,0.05293843283582089
2011-03-31,0.043536321572241965,0.2070492997094271,0.10418777902549925,-0.5881585398437845,-0.022611263890447875,-0.24685283809676717,-2.1763831655745456,-2.1763831655745456,-2.1470588235294117,-2.21875,-0.6826346414274447,-0.29658656808379547,-7.7699130848910585,9.841408794788274,1.5145258308092657,0.015935791555193646,0.05865522174535043,0.07096774193548394,-0.024577082668369,0.0072202166064982976,-0.16386554621848737,0.03105590062111796,-0.06341673856773089,0.0349264705882355,0.03508771929824572,1.930897009966777
2011-06-30,-0.01860215931778475,-0.1128003322381691,-0.042585096907309494,0.6559252214005871,0.013806255917095056,0.38270801543847055,-3.05575973354772,-3.05575973354772,-3.0,-3.0,0.6576010503610616,1.6237342770050103,-1.9777965371391386,-2.4152254333089216,-0.8524054312358267,-0.02038012365468289,-0.18513513513513513,-0.1807228915662651,0.01178010471204205,0.0035842293906809264,-0.08590571907154809,0.030120481927710774,0.03293413173652704,-0.17406749555950274,-0.016949152542372947,-0.46421824227310504
2011-09-30,0.00306105047478189,0.0293038327825228,-0.014904729379622172,-0.24782234935222025,0.023913160450963034,0.0848033885652153,0.37311098075365234,0.37311098075365234,0.3717948717948718,0.3717948717948718,2.484978783592645,-0.5480342930399017,-0.4729306809597468,-1.2039474557155179,1.1778612207364265,-0.16175783076203842,-0.03814262023217241,-0.03676470588235281,0.023609314359637645,-0.17142857142857149,0.02041884816753914,0.029239766081871288,0.02095875139353387,-0.047311827956989294,0.01724137931034475,0.3684062059238362
2011-12-31,-0.0033990194259532203,-0.14277262918677747,0.01551159080625486,-0.12153975301649589,-0.02551409882313893,-0.3836385192499009,-0.6981446822361461,-0.6981446822361461,-0.691588785046729,-0.7009345794392523,-0.35691673295777393,2.0035160289555325,-0.8568796068796068,-2.0025047981523048,-0.5421885995777622,-0.02286670384829892,0.0034482758620688614,-0.007633587786259666,-0.024012638230647698,-0.047413793103448176,0.01000513083632626,0.02840909090909083,-0.02227560602751688,0.08577878103837477,-0.08474576271186429,-0.024170274170274175
2012-03-31,0.010894834587216184,0.06702743786577492,0.0499582685387161,0.06711683706364568,-0.035225473827467324,0.19531375624615066,-3.4755357864941367,-3.4755357864941367,-3.4545454545454546,-3.53125,-1.0545163081894375,-0.651877938890747,-7.990343347639485,-1.614186514374716,0.7273845207901006,0.1745148401826484,-0.23024054982817876,-0.23076923076923073,-0.03787633538361934,0.2036199095022626,0.17449834899669803,0.027624309392265234,-0.045566227384409186,-0.2515592515592515,0.0185185185185186,-7.921837866375903e-05
2012-06-30,0.013958003429792143,0.08317900003419076,0.014515916550577934,0.0738788699419004,0.013431131070099633,0.3851423553032014,-2.0005172601546333,-2.0005172601546333,-1.9876543209876543,-1.9876543209876543,-8.40634406112526,-0.23694472702611058,-1.145680907307922,-1.1879226542688082,-0.0791323692992214,-0.09038998906572715,0.022321428571428603,0.004999999999999893,0.01144010767160153,-0.052631578947368474,0.19052768166089962,0.026881720430107503,-0.0004680552305172947,-0.01388888888888895,0.036363636363636154,0.00866189558190511
2012-09-30,0.0051668462712144425,0.03258580802308475,-0.020194183770056218,0.09063828077120162,0.03807570581861741,0.08829484879525462,0.7121166770972218,0.7121166770972218,0.7,0.7,1.95032512192072,0.32618597933562943,6.555139311636619,0.678942929434917,-0.14427560215495372,0.10618405235741935,0.21834061135371186,0.20895522388059695,0.03659347970725224,0.09523809523809512,0.09009990917347865,0.02617801047120416,0.03254507141184737,0.17464788732394387,0.01754385964912286,-0.05322686215473227
2012-12-31,-0.02536935696921938,-0.10789102631870562,-0.03527893060107168,-0.20162222662349327,-0.013884179655412332,-0.15125584903881284,-0.6577826515368234,-0.6577826515368234,-0.6470588235294118,-0.6544117647058825,0.06643708609271526,0.25682053000474725,0.0174786165860914,0.6790020093770932,-0.28308065836650576,0.06471866698865036,0.08602150537634401,0.08641975308641991,-0.013478818998716391,0.025362318840579823,-0.12014664222629567,0.025510204081632626,0.011791383219954543,-0.004796163069544335,0.10344827586206917,0.11738841878214701
2013-03-31,-0.0019459487504610573,0.021890317118336444,0.019928950028264447,-0.026797819251737964,-0.027474486811835175,-0.2362171920566588,-2.2928528305391724,-2.2928528305391724,-2.270833333333333,-2.297872340425532,-0.8154404093596304,-0.4905572342694632,-1.2470151072124755,-2.1834048070210432,0.4672757344254548,0.13721932410977544,0.10231023102310233,0.10606060606060597,-0.03122966818477546,0.15194346289752647,0.04356060606060619,0.024875621890547484,-0.025549081129538243,0.10843373493975905,-0.015625,0.05004083450887209
2013-06-30,0.02419950709638563,0.12679588617543125,0.02621283210237979,0.14134210682316684,0.022122174587819954,0.4615116883116883,-2.483817665864435,-2.483817665864435,-2.459016393442623,-2.459016393442623,0.609528936742934,0.24056871211130004,-0.6917385943279901,-0.45626158772964776,0.17316156736446597,0.030514559234144478,0.04491017964071853,0.047945205479452024,0.01813297515110812,0.0644171779141105,-0.07150635208711442,0.024271844660194164,-0.002069917203311844,0.04130434782608683,0.015873015873015817,-0.012750712955761356
2013-09-30,0.03280163930823976,0.04858614853345067,0.02668041366090801,0.17606851812416568,0.04137324571475842,0.18240853626026787,0.7390336012394694,0.7390336012394694,0.7415730337078652,0.7303370786516854,2.919222664481386,3.0637721919493757,1.3900000000000001,1.0968691878487289,0.30950311127379204,-0.026320882523708122,0.08452722063037243,0.08496732026143805,0.04122691292875991,-0.043227665706051965,-0.06782642689601248,0.02369668246445511,0.008296842590458597,0.05427974947807934,0.03125,-0.10838426279602742
2013-12-31,-0.023157497291814266,-0.10678291388238192,-0.08340396317746168,-0.07014467919728662,0.05323292348931519,-0.18452924908314794,-0.49841305195166774,-0.49841305195166774,-0.49677419354838714,-0.49350649350649345,0.2230291961458697,-0.5883782895305985,-10.24928870292887,-2.0942419986695247,-0.25862581017103126,-0.003677201351619974,0.11096433289299856,0.12650602409638556,0.055432372505543226,-0.04216867469879504,-0.08198783812119936,0.02314814814814814,0.07840000000000003,0.11485148514851473,0.0,-0.03941308771554031
2014-03-31,-0.0014016085521129096,0.003770357680912273,0.015464948510511167,-0.07974865708219936,-0.01891698750940418,-0.2099718182136544,-1.5999666962699823,-1.5999666962699823,-1.6025641025641026,-1.6025641025641026,-0.9538609688359175,-0.2526008280616212,-1.2018836685394783,-0.5517427722237234,-0.15637297641209325,0.135062344139651,0.026159334126040434,0.04278074866310155,-0.02310924369747913,0.07547169811320753,-0.00022841480127910874,0.02262443438914019,-0.017592200084781684,0.030195381882770933,0.015151515151515138,0.09075705206823503
2014-06-30,0.03096099632072069,0.15627118465235412,0.04563509226377649,0.2630446226736445,0.03705895803577053,0.5613152633162946,-3.7533074289943564,-3.7533074289943564,-3.7234042553191493,-3.7021276595744683,8.641712038717483,0.3106405713964344,-1.834184816707,-0.7781796262808921,-0.04111616993938716,0.10668775815097997,0.11239860950173819,0.13076923076923075,-0.2817204301075269,0.13157894736842102,0.05003427004797811,0.02212389380530988,0.005825242718446644,0.08965517241379306,0.04477611940298498,-0.08453439640192173
2014-09-30,1.1867592280551826,0.38336559442729046,0.6563287431723313,0.7856696291756053,1.7949273310713436,0.49982890657103374,-0.09707498193914754,-0.09707498193914754,-0.375,-0.3779527559055118,1.0590265250741164,-3.517153339483791,10.24524551412915,-27.67663043478261,1.1438725276005708,0.025490351782736287,-0.4083333333333333,-0.326530612244898,1.7805816937553467,0.4263565891472867,-0.09943429068755438,0.021645021645021467,0.2782067782067781,-0.2357594936708861,-0.12857142857142856,-0.22529589102277792
2014-12-31,0.01710538615136037,0.06267985270424248,0.050079895519945294,-0.09233451869344944,-0.005042966052473896,-0.14680245446203788,0.19001544387176006,0.19001544387176006,0.18749999999999978,0.20253164556962022,0.37150039995429096,-1.720035457970372,-0.7109674707026118,-0.10731384333299376,0.4762965881761485,-0.09090909090909072,-0.07042253521126762,-0.02020202020202022,-0.003999384710044684,-0.6721014492753623,0.19690746557139405,0.021186440677966267,-0.02181574089612348,0.08902691511387162,-0.0983606557377048,0.17079234677332167
2015-03-31,-0.006262532835896062,-0.005498845451949674,-0.011627615498431054,-0.13385419818075472,-0.002436128614720756,-0.19270435580715906,-0.9042139003987179,-0.9042139003987179,-0.9263157894736842,-0.9263157894736842,-0.8048936288396378,-0.24959751882191394,-0.6029917355371901,-2.491555885205683,-0.48121968504661716,0.06626916524701865,-0.051136363636363646,-0.013745704467354014,-0.0066409266409267476,0.0662983425414363,-0.005248284214775856,0.020746887966804906,0.003945788299880126,0.08174904942965777,-0.09090909090909094,0.14818576308743414
2015-06-30,0.011055798564665986,0.3772404306994692,0.0369889021587968,0.05902693891807709,-0.007324620798301429,0.3327880210661216,12.375448906301012,12.375448906301012,16.57142857142857,16.428571428571427,1.6176227758007116,0.12842517076556614,0.35763354011407644,-0.7667208568423066,-0.2163893127062414,0.15865154177983687,-0.053892215568862256,-0.03484320557491294,-0.00015547263681581214,0.1658031088082903,-0.04443993506493504,0.020325203252032464,-0.01828434723171568,0.040421792618629215,-0.06000000000000005,0.30047174868660886
2015-09-30,-0.00816117650227599,-0.06983604012804989,-0.0010513539199697997,0.5814684718855303,-0.013435611483826104,0.17454599915999136,0.4345480729331934,0.4345480729331934,0.4227642276422765,0.42622950819672134,1.0937744714173845,-5.68984510428899,3.1621638198043485,-33.16036730343527,8.88088931150807,0.10383342526199679,0.31856540084388185,0.3068592057761734,-0.0006219872492614353,0.10666666666666669,0.12210660437460175,0.019920318725099806,-0.005221932114882533,0.2820945945945945,0.02127659574468077,-0.41182653860422935
2015-12-31,-0.06408810009830013,-0.34093354876547755,-0.08924192716082402,-0.3618420137923364,-0.0455430190722772,-0.2196296785675016,-0.29231606887633566,-0.29231606887633566,-0.27428571428571424,-0.2701149425287356,0.3171887174692223,-1.3338708812009277,2.017793463204739,-1.6832712996481924,-0.6141205098652931,-0.05552779512804484,0.0895999999999999,0.08839779005524839,-0.0186712307452932,-0.05622489959839361,-0.28103709311127933,0.01953125,0.019772528433945613,0.07509881422924924,0.0,0.03276448119984576
2016-03-31,0.013869393421062526,-0.0774861204544951,0.07275271363113922,0.34025888434084717,-0.028253629768091204,-0.06609516254121994,-0.4591027120600115,-0.4591027120600115,-0.44881889763779537,-0.45669291338582685,-0.7357436940987175,0.8781929378152762,-1.0053517323547867,-0.47329676889784345,-0.8382390489819428,-0.11216189405462607,0.16152716593245242,0.1497461928934012,-0.016013952750911664,-0.09361702127659588,-0.17820479073440387,0.019157088122605526,-0.04152367879203844,0.10416666666666652,0.04166666666666674,-0.311685667752443
2016-06-30,0.024796101377005497,0.12382264115033825,0.03346150917658286,0.22244686882151288,0.017957714238465483,0.2390717276039831,1.7126283504467263,1.7126283504467263,1.7285714285714286,1.7536231884057973,1.0350256685768864,-0.4520433337928478,-10.004105839416058,-1.0095914767615661,0.04970266500256959,0.30435754189944153,0.1428571428571428,0.13245033112582782,0.01949726071543667,0.323943661971831,0.1399743754003846,0.018796992481203034,-0.006623702112424024,0.10543840177580455,0.020000000000000018,-0.08069604653455587
2016-09-30,0.01934053658735535,0.06203244590343959,-0.000622356655128331,0.005493646983730116,0.03535111420293546,0.12954390574829788,0.30664798610428345,0.30664798610428345,0.3089005235602096,0.31052631578947376,0.5451185438865382,0.11969081823860095,1.5100065866139736,22.698670605613,1.12211498111624,0.08177716863685669,0.12168141592920367,0.11500974658869412,0.034771613718981964,0.06028368794326244,-0.04945209328463063,0.019372693726937396,0.015678500630744274,0.10742971887550201,0.019607843137254832,0.056249664861386606
2016-12-31,-0.009805239271247324,-0.08823986068273848,-0.017571216649978294,-0.0964128488747894,-0.0036950116139937705,-0.14048814159965428,-0.3801002012804193,-0.3801002012804193,-0.376,-0.37349397590361444,0.2557653882115076,-0.22053320317039726,2.5249697214372224,-1.3317751184243332,-0.17543339265704305,0.06498442696510587,0.03254437869822491,0.02622377622377625,0.0025966091339544306,0.030100334448160515,-0.06089269878805792,0.01900452488687776,0.006032647267565805,0.00997280145058932,0.019230769230769162,0.009036450401056051
2017-03-31,0.012722532343593107,0.033926278437202306,0.050508578150057826,0.1554552972256984,-0.016089457480208846,-0.11061891873661489,-0.5717826038579419,-0.5717826038579419,-0.5705128205128205,-0.5705128205128205,-0.7201439229588867,0.009452810496496156,-1.188344299564214,-1.5053541236145032,0.10751828610256209,0.10478834142956273,-0.014326647564469885,-0.017035775127768327,-0.011578305911029929,0.10389610389610393,0.056657223796034106,0.018650088809946785,-0.028395061728395232,-0.02064631956912022,0.0,-0.10520225397464278
2017-06-30,0.01650966331074266,0.10777285749642562,-0.0007559141693820326,-0.15395735625231566,0.030540574777432328,0.2603100754983949,2.360868332782161,2.360868332782161,2.3731343283582085,2.3582089552238803,1.1007616886800098,-0.16652881169010203,-3.7243843113408333,-4.475092936802974,-0.3373633115594211,0.01794687724335975,0.036821705426356655,0.03812824956672434,0.0295930949445129,0.02941176470588247,0.02085195114685745,0.018308631211856996,0.013795607188237469,0.025664527956003713,0.018867924528301883,0.3093618217599101
2017-09-30,0.006775671712884401,0.027077136728610673,-0.02489225051269417,-0.12318719880222706,0.03179068129252416,0.022762062727310406,0.06513259159819795,0.06513259159819795,0.06194690265486735,0.06222222222222218,0.21372779695666422,0.16524502622749404,0.023056749065342386,-0.9196084724005135,-0.040929143292849024,-0.06977256699576861,-0.028971962616822333,-0.025041736227045086,0.0314371257485031,-0.09714285714285709,-0.11642836299970827,0.018835616438356295,0.02488809310653539,-0.01429848078641649,-0.01851851851851849,0.17138317516210755
2017-12-31,0.18841899168537224,1.058828362372446,0.33321888157119384,0.48177492993641446,0.0804343625042454,-0.10779585412583248,1.488901059744236,1.488901059744236,1.4874999999999998,1.485355648535565,0.26843892181632323,0.03058876012612677,-14.8900306530964,-939.8855622089155,40.0677191288793,0.0014688462449656825,0.5890279114533203,0.553082191780822,0.08142235123367203,-0.02848101265822789,0.016182298546895568,0.018487394957983128,-0.09084556254367582,0.6310063463281959,-0.05660377358490576,0.3894347092895374
2018-03-31,-0.00494422525588234,-0.01110916857963784,-0.009701547598000348,-0.06228176821047049,-0.0006346696298829002,-0.1735998409033065,-0.9734266920831532,-0.9734266920831532,-0.9731993299832495,-0.9730639730639731,-0.5614999164857191,-0.07886038092239889,-1.0277787158381324,-1.017001087769152,-0.016587110851763454,0.03600492051476145,-0.07752877044215634,-0.09040793825799343,-0.0029526238088847245,-0.04234527687296419,-0.3675658108547286,0.018151815181518316,0.004227517294388861,-0.035019455252918275,-0.040000000000000036,0.054563204137094035
2018-06-30,0.07249646571040613,-0.43997225136725426,0.11083355590855204,0.08933314285099825,0.03567055764514193,0.49924813342576835,17.507732215903424,17.507732215903424,17.375,17.25,0.26672189844970107,16.960729237867398,-5.525854513584575,56.87978825392856,-0.9762516583202859,-0.036078001552724115,0.02626395272488513,0.0,0.03472876564813565,-0.03401360544217691,0.009763617677286618,0.017828200972447306,-0.03425181783390718,0.027073732718893906,-0.04166666666666663,-0.4859015737196327
2018-09-30,-0.0008941566896799591,-0.0016093025234824587,-0.020129365855057757,0.0896207058478451,0.019809441538342076,0.014335459908200399,-0.027762354247640175,-0.027762354247640175,-0.027210884353741527,-0.023972602739726012,0.5298712233406755,-0.9623648465034468,-1.7498063516653757,-1.014534125885608,0.5974718020071643,-0.029847917752404363,0.007037747920665582,-0.016969696969696968,0.02458696500585411,-0.06338028169014076,-0.08651399491094147,0.019108280254777066,0.020804438280166426,0.006730229949523325,-0.021739130434782594,-0.08370644344948419
2018-12-31,-0.0038330563774884308,-0.06117095864196509,-0.009435531936830444,0.018201442759413267,0.001410901823179156,-0.16350890426683284,-0.4781400919308245,-0.4781400919308245,-0.472027972027972,-0.4631578947368421,0.2953490086238668,0.7314310091482201,0.35876266328978934,-1.4493608165692202,-0.1680658253182854,-0.14567563607950385,-0.38437102922490474,-0.38471023427866835,0.005967496190959931,-0.16541353383458646,-0.1788300835654596,0.018749999999999822,0.005240683229813747,-0.38328690807799437,0.0,-0.07796898236668792
2019-03-31,0.052032896892074465,0.003144640273653243,0.10232578959571326,-0.03700413091833488,0.005278828100566013,-0.07965258405556463,-0.544693420032087,-0.544693420032087,-0.5496688741721854,-0.5555555555555556,-0.5528849436667804,0.16381953569864205,-1.0131027928507925,-0.1691476458264417,-0.16784727791143184,0.06162112724362645,0.05366357069143435,0.04008016032064132,0.0026505111700112494,0.054054054054053946,0.689280868385346,0.01840490797546024,-0.04441011778335591,0.03703703703703698,0.0,0.041705069124424066
2019-06-30,0.011469479689666162,0.1189757618178382,-0.0012860466111075386,0.08523738940944003,0.024611290074116,0.36265103226459194,3.421510746038784,3.421510746038784,3.4411764705882346,3.4264705882352935,0.8314922283309578,-0.41703519006398193,-59.624239588207764,-3.1550099535500995,0.43467087828251727,0.1684255869050184,-0.004897159647404559,-0.007707129094412402,0.027190332326283873,0.16666666666666674,0.09196787148594399,0.01807228915662651,0.012931905435441315,-0.009581881533101133,0.0,0.03107719531077202
