Quarter end,Assets,Current Assets,Liabilities,Current Liabilities,Shareholders equity,Revenue,Earnings,Earnings available for common stockholders,EPS basic,EPS diluted,Cash from operating activities,Cash from investing activities,Cash from financing activities,Cash change during period,Cash at end of period,Price,ROE,ROA,Book value of equity per share,P/B ratio,P/E ratio,Cumulative dividends per share,Equity to assets ratio,Net margin,Asset turnover,Current ratio
1993-12-31,0.0029657508468197147,-0.005405782443413609,-0.04629397128312829,-0.07815865800498667,0.03922488200604679,0.07902000398372366,0.1316646919431279,0.1316646919431279,0.12962962962962954,0.12631578947368438,0.6602169451773674,-21.80708661417323,-0.4825303986455287,2.4554794520547945,0.10561851941162281,0.020795107033639182,0.012755102040816313,0.008861622358554921,0.037593984962405846,-0.1291866028708133,0.10215995329830707,inf,0.036190097434877666,0.006993006993007089,0.0,0.07885267811247054
1994-03-31,0.0029657508468197147,-0.005405782443413609,-0.04629397128312829,-0.07815865800498667,0.03922488200604679,0.07902000398372366,0.1316646919431279,0.1316646919431279,0.12962962962962954,0.12631578947368438,0.6602169451773674,-21.80708661417323,-0.4825303986455287,2.4554794520547945,0.10561851941162281,0.020795107033639182,0.012755102040816313,0.008861622358554921,0.037593984962405846,-0.1291866028708133,0.10215995329830707,inf,0.036190097434877666,0.006993006993007089,0.0,0.07885267811247054
1994-06-30,0.036039146227972774,0.10691493092082194,0.028184015893152115,0.0461094040368728,0.0436686254176748,0.07902000398372366,0.1316646919431279,0.1316646919431279,0.12962962962962954,0.12631578947368438,0.6602169451773674,-21.80708661417323,-0.4825303986455287,2.4554794520547945,0.3300981461286805,-0.09586578789694433,0.012755102040816313,0.008861622358554921,0.04106280193236711,-0.1291866028708133,0.10215995329830707,1.0,0.007292266359623989,0.006993006993007089,0.0,0.05812845435486946
1994-09-30,0.01995470108997477,0.048088193366490284,0.0016644745265559369,-0.011432591680590964,0.03567748583204544,0.0,0.027090694935217874,0.027090694935217874,0.016393442622950838,0.12631578947368438,0.16687268232385666,-0.044276253547776756,1.497323022010708,-1.0221341261975554,-0.00549315405427564,0.07952286282306154,0.012755102040816313,0.008861622358554921,0.037122969837587005,0.038461538461538325,0.10215995329830707,0.5357142857142856,0.015431510763954881,0.006993006993007089,0.0,0.06024855907780968
1994-12-31,0.03487199397730123,0.04604805803234102,0.10495491307985505,-0.030584467574059193,-0.010517526249400388,0.020965189873417778,-0.015163098878695158,-0.015163098878695158,-0.016129032258064502,0.12631578947368438,-0.2406930992736077,-2.9318946743219163,0.8779180562172464,-59.35820895522388,0.3223413025556472,0.12829957028852057,0.012755102040816313,0.008861622358554921,0.004474272930648837,0.08730158730158744,0.10215995329830707,0.3255813953488371,-0.04390243902438995,0.006993006993007089,0.0,0.0790792491293637
1995-03-31,-0.00623610259601215,0.07966251065489693,-0.014197375063099482,-0.024391586829644263,-0.008187449501750654,-0.013999741702182655,-0.020054340794410708,-0.020054340794410708,0.0,0.12631578947368438,-0.6252117588440458,0.04375896700143467,-0.44314073698230483,0.5782608695652174,0.3847256857855361,0.10881392818280733,0.012755102040816313,0.008861622358554921,-0.0044543429844099425,0.1046228710462287,0.10215995329830707,0.26315789473684226,-0.00196232339089486,0.006993006993007089,0.0,0.10665931989924426
1995-06-30,0.00489864320474398,-0.012846074587520628,-0.028387633617102948,0.011569501664879578,0.028376690381795466,0.08340973986849343,0.1329548455241616,0.1329548455241616,0.13114754098360648,0.12631578947368438,0.16564743419303385,-1.4565537555228276,-0.3331435079726651,-1.9026089774752877,-0.25077664220431317,0.13493621197252215,0.01943145016192882,0.008861622358554921,0.029082774049216997,0.13876651982378863,0.10215995329830707,0.20833333333333348,0.023397561934722644,0.007936507936507908,0.0,-0.024183796856106388
1995-09-30,0.028359761209894252,0.05114475878055069,0.060081030336967656,0.05272260656103556,0.013686814008960324,0.008559615059119396,0.004428388299732022,0.004428388299732022,0.01449275362318847,0.12631578947368438,1.2294708029197081,-0.17075268817204303,-0.6114432109308283,-1.4344703770197487,0.14542395288744658,0.13661910938175525,0.018355100600070617,0.008861622358554921,0.01739130434782621,0.1063829787234043,0.1006355932203391,0.1954022988505748,-0.01421709894332368,0.0,0.01388888888888884,-0.001457832203513365
1995-12-31,0.06175347616692739,0.11130454967502312,0.016043666946317314,0.005087710000529988,0.019007015837732677,0.09251756131476108,-0.004756932358742305,-0.004756932358742305,0.0,0.12631578947368438,0.17894413750767346,2.8646265560165975,-2.272967032967033,-1.2425619834710744,-0.030795865904202246,0.16888550779764167,0.012824956672443877,0.0033783783783782884,0.021367521367521514,0.14860139860139876,0.13330125120307978,0.14423076923076916,-0.04034301305788346,-0.016240157480314932,0.013698630136986356,0.10562814804000298
1996-03-31,0.006382228786747213,-0.0007658833768494633,0.022773145222124924,0.0053959047367957425,-0.00616068917917123,-0.005837173579109067,0.006994637444625695,0.006994637444625695,0.0,0.12631578947368438,0.0271630651739998,-0.6070997181586364,-3.2976519337016574,0.6013628620102214,-0.05088232109992419,0.07289293849658307,0.01813826146475006,0.006734006734006703,0.0020920502092049986,0.05022831050228316,0.03694267515923566,0.14285714285714302,-0.012388302193338752,-0.010005002501250582,0.027027027027026973,-0.006140235045556497
1996-06-30,-0.030758133581277436,-0.11477313637366593,-0.04270820874696013,-0.07793433796021121,-0.028302210333179034,0.08352463358643836,0.125376244501042,0.125376244501042,0.14285714285714302,0.12631578947368438,-0.06919567421426154,-1.778138343296328,1.4005109708446049,-0.2914893617021277,-0.037983346640812155,-0.07006369426751591,0.03361344537815136,0.01739130434782621,-0.018789144050104345,-0.07246376811594202,-0.09991809991809997,0.125,0.002467612584824197,-0.011116725618999346,0.026315789473684292,-0.039925596226665805
1996-09-30,0.03163097624557998,0.02071471676330905,0.06881006174060622,-0.05122857576217199,0.005576486989667506,0.015197196870925689,0.03065528237835613,0.03065528237835613,0.03749999999999987,0.12631578947368438,0.13206862122174812,-3.2144424934152767,-0.6370124585237589,4.1441441441441444,-0.2031064737965378,0.052837573385518644,0.042276422764227606,0.022353714661406787,0.006382978723404209,0.07343750000000004,0.01273885350318471,0.130718954248366,-0.025230769230769168,-0.005109862033725099,0.025641025641025772,0.07583725435925825
1996-12-31,0.012993349039884805,-0.006927575348627979,-0.02466490024937651,-0.03497062467527279,0.050366340543149146,0.0848216077376891,0.04152110989120672,0.04152110989120672,0.048192771084337505,0.12631578947368438,0.5195638229634381,-0.16691446129447918,0.7157640565712315,-1.0239346176298891,0.00610028269602747,0.18773234200743505,0.04492979719188761,0.04565916398713821,0.046511627906976605,0.18049490538573498,0.13701707097933502,0.11560693641618491,0.03703703703703698,0.005136106831022058,0.03749999999999987,0.02907126318497566
1997-03-31,0.018083324071444196,0.06341728574017025,0.007121169749510603,-0.007144040420773656,0.03856981746794208,0.029929154103697675,-0.022232870148538586,-0.022232870148538586,-0.034482758620689724,0.12631578947368438,-0.21222034613761076,-0.5927424152290304,-0.3106151990349819,45.853658536585364,0.2840875480627034,0.1598852373500259,0.023290534487906855,0.03198031980319804,0.04040404040404044,0.10727496917385948,0.09798498617147366,0.10880829015544058,0.02008928571428581,-0.011241696474195262,0.048192771084337505,0.07106250000000003
1997-06-30,0.03620756578415363,0.024633059903123034,0.04273233039459723,-0.039981646401234694,0.031281671787776855,0.06129779629662879,0.1314319317847692,0.1314319317847692,0.1428571428571428,0.12631578947368438,-0.18680509042196924,1.95822378030967,-0.4380285797608632,-1.3893805309734513,-0.0861453414718415,0.04115133798066117,0.013131018383425674,0.01966626936829563,0.031067961165048397,0.00111358574610243,-0.0025188916876573986,0.0981308411214954,-0.004774219216232445,-0.0025839793281653423,0.02298850574712641,0.06728132111804874
1997-09-30,0.010531491070278953,-0.02484855683572873,0.12493104825670964,0.15902672170323706,0.001021753203703346,0.003130711433019684,0.037075537075537124,0.037075537075537124,0.03125,0.12631578947368438,0.3619141751091344,-1.2589373888998616,4.748313440581215,1.0401069518716577,-0.19231253938248272,0.0740820734341252,0.016129032258064502,0.02630040911747522,0.009416195856873921,0.04226918798665169,0.025252525252525304,0.09361702127659566,-0.00939436338197075,0.0031088082901553626,0.022471910112359605,-0.15861126298523787
1997-12-31,-0.003316884059649805,0.00038977807011142396,0.01570822272196959,0.04378631677600753,-0.017196241292795844,0.05135212645714193,0.03758770464416972,0.03758770464416972,0.05050505050505061,0.12631578947368438,0.18294526761415186,-2.945080091533181,-0.2902861785682044,-0.4865661861074705,-0.12224996099235452,-0.030363965413231386,0.03174603174603163,0.02961275626423676,-0.01679104477611959,-0.039487726787620026,-0.07283603096410973,0.08949416342412442,-0.013922518159806163,0.00826446280991755,0.0219780219780219,-0.04158814737799721
1998-03-31,0.02278019053227398,0.021149397296968298,0.0012152488763110814,-0.12392701935854611,0.042240456653585445,-0.02780764108406475,-0.06263081629367251,-0.06263081629367251,-0.0673076923076924,0.12631578947368438,-0.22044989775051127,0.11568627450980395,-0.6985944158239521,-4.008934269304403,0.4190738601013244,0.21422646204894225,0.017032967032966972,0.014933628318584136,0.0436432637571158,0.23444444444444446,0.1601518026565465,0.07857142857142874,0.019030079803560307,0.010245901639344135,0.0,0.16557054715573938
1998-06-30,0.04144333880052575,0.06089403460240628,0.051211279783183405,0.22990673362713943,0.03934947475715611,0.06793424440483253,0.130281690140845,0.130281690140845,0.14432989690721665,0.12631578947368438,-0.30935204616998946,0.16572934973637965,0.11584722515298584,-1.3641569459172853,-0.10754102467743953,0.049359521776259685,0.017287952458130862,0.01580381471389658,0.043636363636363695,0.005400540054005365,0.020281321557082066,0.07615894039735105,-0.00200803212851397,0.010649087221095366,0.010752688172043001,-0.13739747542318648
1998-09-30,0.13322906816032587,0.16133926765122397,0.18270249750881806,-0.033882768620522974,-0.08071079364150002,0.05685892680514337,0.03867487273003567,0.03867487273003567,0.03603603603603589,0.04672897196261694,0.4115468616465672,-2.866123925825418,2.337178517397882,-6.849737914967967,0.7048915713383395,0.03401692708333348,0.039830058417419156,-0.015021459227467782,-0.0818815331010454,-0.008952551477171,0.005771080474511026,0.08307692307692305,-0.188933601609658,-0.0025087807325639977,-0.02127659574468077,0.20203655000337162
1998-12-31,0.022351317520942215,-0.010103649507882562,0.02619894615775542,0.04692243996687817,0.019186676007897585,0.10125323545325582,0.024652523774689072,0.024652523774689072,-0.4869565217391304,-0.4821428571428572,-0.14974772956609483,-1.0136532557763775,-0.3463478211594039,-0.8238749502190362,0.0728193306713869,0.11506374940972774,0.02757916241062297,-0.02178649237472774,0.028462998102466885,0.21409214092140916,0.08033152693656365,0.07670454545454541,-0.0029769288017862383,-0.018611670020120763,0.0,-0.05447405329593269
1999-03-31,0.013678288659923377,-0.059959915921200535,-0.008249384228428469,-0.043484708673872885,0.042244059429142666,0.0007967386829910161,-0.07217819661597769,-0.07217819661597769,-0.06779661016949146,-0.06896551724137923,0.5567687317034575,107.93491124260355,-0.24794104898136105,-5.599208592425099,-0.3121786509093699,0.09288537549407105,0.021868787276342116,-0.023385300668151476,0.04243542435424352,0.0625,0.06255532605488345,0.07124010554089688,0.028116446877332724,-0.02767811378780105,0.0,-0.01720659784027523
1999-06-30,0.0285235574853433,0.08443922123304759,0.08554533508541384,0.12742682905820946,-0.027558346948870494,0.06388737776480413,0.13734995383194826,0.13734995383194826,0.14545454545454528,0.12962962962962954,-0.35357796300060984,-1.5770233568712655,1.123342939481268,-1.5841937069813175,0.26514559857190667,-0.0244122965641953,0.043774319066147926,-0.015963511972634015,-0.0212389380530974,-0.06372549019607843,-0.053040821993890486,0.06650246305418728,-0.05445304937076478,-0.023194517659462344,0.010869565217391353,-0.038155035015696726
1999-09-30,0.04147533431094752,0.056372337466793265,0.08125529596901093,0.17194328148397142,-0.009117603989240775,0.022137138011024904,0.04160746904810231,0.04160746904810231,0.031746031746031855,0.049180327868852514,0.21927824514505856,-2.0337004612632965,-0.6273072747014115,-1.346097201767305,-0.07253406234842807,-0.09386998543625058,0.025396085740913232,0.004634994206257126,-0.005424954792043413,-0.07404637247569168,-0.12346041055718482,0.06697459584295617,-0.04863066291272078,-0.01349163518618457,0.021505376344086002,-0.09860657795631433
1999-12-31,0.03028261655222253,0.022179048379921795,0.0598001623331188,0.14197056024198496,0.029945708818816863,0.09367107141549846,0.021823850350740415,0.021823850350740415,0.04615384615384621,0.03125,-0.13567191127160172,-0.1437938256989345,-0.31041514930808445,-0.5045592705167173,-0.038746790909955364,0.06385154880187027,0.021358782094978546,0.0011534025374855261,0.040000000000000036,0.06946688206785123,0.02776848444295754,0.06277056277056281,-0.0002690341673392549,-0.014770240700218706,0.010526315789473717,-0.10486734907039885
2000-03-31,0.004026951106920418,-0.015525081710956345,-0.013394743513901797,-0.08792300315111656,-0.08608476317061386,-0.012495258495660133,-0.04678362573099415,-0.04678362573099415,-0.044117647058823595,-0.045454545454545525,0.5546851686063861,-0.5831737928100404,2.090621039290241,-3.463803680981595,0.09931252782036704,-0.1003982969372339,0.059176863181312545,0.008064516129032251,-0.08041958041958042,-0.13519637462235656,-0.1298828125,0.05906313645621175,-0.08988159311087185,-0.00610771793448095,0.02083333333333326,0.0793465577596264
2000-06-30,0.04653366276859772,0.06823102738984521,0.05539316458948984,0.13262483257601354,0.05100936232099618,0.07068938247056966,0.14810616164310475,0.14810616164310475,0.1384615384615384,0.1587301587301586,-0.19684245885119245,2.1163562133197242,-1.0965074157610553,1.9048804780876494,0.2624285778557609,0.057251908396946494,0.04515858013022456,0.009142857142857341,0.051330798479087614,0.15021834061135375,0.019827908716797626,0.05576923076923079,0.004435245416912981,-0.0027932960893854997,0.010204081632652962,-0.05686486486486486
2000-09-30,0.015070787029989319,-0.02029440826978135,-0.012250239678602393,-0.014223823522910628,0.06297664910763423,0.11505629359192149,0.06632979032351738,0.06632979032351738,0.08108108108108114,0.06849315068493156,0.033040568799665326,-0.04102186195038071,-13.689093484419264,-3.1788102177267272,-0.45292230933713473,0.013574007220216622,0.03336012861736326,0.022650056625141524,0.05967450271247743,-0.036446469248291646,-0.03191489361702127,0.06193078324225865,0.047100382690609344,-0.01904761904761898,0.04040404040404044,-0.0061134036374751455
2000-12-31,0.05006367147623103,0.15111547877659381,0.030021979827858924,0.08858119849767365,0.09707100591715978,0.08513839602555007,-0.038891007135464895,-0.038891007135464895,-0.03749999999999998,-0.02564102564102566,0.2728166570271833,-0.2683572404371585,-0.8136964893676397,-1.7881816035880085,0.6525307797537621,0.2078643681436103,-0.00194476857253989,-0.0005537098560355336,0.09897610921501698,0.14026792750197026,0.14740431981811297,0.05831903945111483,0.044700590385155836,-0.03483723586521981,0.03883495145631066,0.057435029986160124
2001-03-31,0.007915230115458582,-0.03757095571165392,0.019474497681607472,0.07077531515201452,0.001638305331571388,-0.010647760569275855,-0.06075375460470389,-0.06075375460470389,-0.06493506493506496,-0.06578947368421062,-0.012723224428590862,0.3509160928929864,2.9907130017974835,-1.3776579814315664,-0.14912488174077576,-0.04895022410945982,-0.02727981293842563,-0.006094182825484684,0.006211180124223503,-0.13476157567380798,-0.0819022457067371,0.05510534846029169,-0.006189451022604819,-0.03609467455621318,0.028037383177570208,-0.10121428052061365
2001-06-30,0.03784091502325593,0.04819595851132541,0.07716798059429952,0.15187365343182524,-0.00608479675836493,0.048302791513516796,0.09539612622940918,0.09539612622940918,0.09722222222222232,0.09859154929577474,-0.4502692502416348,0.18002764340013822,-1.1071240897830492,-0.8675654242664552,-0.023210562890896402,-0.10393153912935627,-0.022435897435897467,-0.013935340022296572,-0.00462962962962965,-0.10942492012779548,-0.1280575539568346,0.05222734254992312,-0.04224207961007309,-0.041129527317372516,0.027272727272727115,-0.08996035919423995
2001-09-30,0.04687833095799854,0.033538463822553544,0.06278631586116101,0.0682626630371248,0.03998293411348808,0.002228182727800121,0.07315192244133528,0.07315192244133528,0.07594936708860756,0.07692307692307687,1.3567481580709981,-0.15578330893118597,-16.330763840224247,8.477045908183634,-0.22519446025422118,-0.08761245674740481,-0.015368852459016424,-0.0186546071226682,0.046511627906976605,-0.08340807174887888,-0.10231023102310222,0.051094890510948954,-0.006502685891998983,-0.013444302176696676,0.0,-0.032536225442261535
2001-12-31,0.006889277346610045,-0.06904452377019155,-0.01235881136685979,-0.09763704439042309,0.04515292999146947,0.05355045471324549,-0.04481059439482604,-0.04481059439482604,-0.03529411764705881,-0.03571428571428559,0.02948594976730967,-0.44892473118279574,-0.22562508570644968,-2.074978938500421,0.3124387855044075,-0.033677184466019416,-0.006659729448491136,-0.010944700460829515,0.04740740740740734,-0.07632093933463802,-0.05284926470588247,0.04861111111111116,0.03784860557768943,-0.009733939000648784,-0.008849557522123686,0.03170081778921241
2002-03-31,0.03335855676521993,0.08196518948277998,0.04578897967481432,0.0938306682143415,0.024666512981227573,-0.0309446643148934,-0.12676661830297165,-0.12676661830297165,-0.12195121951219512,-0.1234567901234569,-0.3199903378308431,0.6637293469708891,-0.9333569446903961,0.5656347962382444,0.372714552238806,-0.048508634222919955,-0.02975068091347155,-0.0343622597553872,0.026874115983026803,-0.09216101694915246,-0.06356137797185824,0.04635761589403975,-0.008225939128050475,-0.020969855832241202,-0.008928571428571397,-0.010865692910580704
2002-06-30,0.01068066419349667,-0.05127638334284079,0.0016668252149707463,-0.014492294534108385,0.02013255502857847,0.05262422653727006,0.0773538461538461,0.0773538461538461,0.06944444444444442,0.08450704225352124,-0.15157819953313711,0.4623096566726568,15.130203720106287,-3.032536603679139,-0.5518670789303795,-0.12176208546444489,-0.03973223925717995,-0.03256936067551275,0.02754820936639124,-0.14469078179696615,-0.12176165803108818,0.044303797468354444,0.009123583079900355,-0.027443105756358666,-0.009009009009009028,-0.037367188906897275
2002-09-30,0.029960574755659275,0.054017692729746214,0.027917251631018214,0.050544823374369274,0.04502565997699248,0.006495077948742045,0.07614097218255544,0.07614097218255544,0.09090909090909083,0.07792207792207795,0.8481368502900892,-0.03001099540780028,-0.23579155455493928,-1.1094077084102942,0.13473349002957002,-0.1311290625587075,-0.04137620868000891,-0.02867830423940143,0.046916890080428875,-0.1541609822646658,-0.12802359882005898,0.04363636363636347,0.014794520547945167,-0.02821748107364086,0.0,0.0033673183051166067
2002-12-31,0.0047277628260107285,0.05778116888673379,-0.018546563241892633,-0.053406152951795294,0.03810067018394414,0.07953990180642068,0.003078556263269583,0.003078556263269583,0.0,0.0,-0.09501925628661123,-1.0614122824564913,0.5852554429834016,3.200337647720878,0.49873045569958574,0.12237837837837828,-0.027210884353741527,-0.014762516046213037,0.03841229193341866,0.07258064516129026,0.12584573748308525,0.04181184668989557,0.033207343412526846,-0.022662889518413443,0.009090909090909038,0.11746061340542568
2003-03-31,0.02927386188742087,0.036874995786677855,0.06495063931500789,0.09494796043700293,0.03711985934452344,-0.03807908955052308,-0.09493068049529052,-0.09493068049529052,-0.09523809523809523,-0.0843373493975903,-0.3399134570682688,-24.24212812160695,-1.1095095639561237,-1.034967845659164,-0.011636201515827005,0.06087459063764222,-0.02242585001205699,-0.006514657980456029,0.038224414303329235,0.021052631578947212,0.054086538461538325,0.04013377926421402,0.007577737130912032,-0.010869565217391353,0.009009009009008917,-0.0530574789355136
2003-06-30,0.021542892745156195,0.059950978161225965,0.013067223176641996,0.014700890023763513,0.03873151763340954,-0.008006931373427784,0.09155753040224512,0.09155753040224512,0.09210526315789469,0.09210526315789469,-0.09117997616209772,-0.3271979818742409,-4.573675496688741,20.157088122605366,-0.24908656231674864,0.06773197748320303,-0.022693635915145505,-0.0052459016393442415,0.040380047505938155,0.02798232695139924,0.050741163055872285,0.03858520900321527,0.016856846473028986,0.0073260073260073,-0.017857142857142905,0.04457757025812703
2003-09-30,-0.14835796600950646,-0.1399619701895357,-0.11959725789379838,-0.14791918192793863,-0.21902668407523762,-0.5661536608137818,-0.004659882163899343,-0.004659882163899343,0.0,-0.012048192771084376,0.0,0.0,0.0,-1.921948569358928,0.3058208686249775,-0.04625850340136051,0.02725896012115081,0.021094264996704082,-0.21461187214611877,-0.08309455587392556,-0.06348345089527929,0.3642930856553148,-0.08314205559806176,0.14909090909090894,-0.10909090909090913,0.009361558572994921
2003-12-31,-0.046995703115828014,-0.17787350583402273,-0.09096040815623008,-0.1831745706579262,0.017220999562454598,-0.023412009718847604,-0.24920626378948496,-0.24920626378948496,-0.24096385542168675,-0.24390243902439024,0.6859016393442623,-1.3364810442994028,4.013666898309011,-2.9108230210174817,-0.44751127058607043,-0.17510699001426533,-0.03218673218673218,-0.031633311814073695,0.01744186046511631,0.04999999999999982,-0.17265353418308238,0.027231467473525006,0.06759388038942982,0.13607594936708844,-0.1428571428571429,0.006517379679144231
2004-03-31,0.026552510009239194,0.1244100909154,0.017060187050564224,0.05690937970239096,0.04460594232300141,0.0006575322990527432,0.16012041284403677,0.16012041284403677,0.1587301587301586,0.17741935483870974,-0.35857996534775993,-1.7575319851423856,-0.7959711698392165,-1.5767886513157894,0.46719400499583674,-0.0036748811067875975,0.024879411018025044,0.028000000000000025,0.04571428571428582,-0.02083333333333326,0.06512605042016828,0.0272459499263622,0.017457008858780654,0.2389972144846797,-0.1785714285714286,0.06383861862859064
2004-06-30,0.004545760010752353,0.025236666075162173,-0.022534699242163003,-0.04277154891143142,0.042787256010619945,0.06942175179370613,0.09236377116026206,0.09236377116026206,0.09589041095890427,0.08219178082191791,0.3022601984564499,2.392263688368292,0.44667119565217384,-1.2892532525396543,-0.09210600987458151,0.009546539379474916,0.026009412930393827,0.03307392996108938,0.04508196721311486,-0.03343465045592697,0.01972386587771191,0.026523297491039433,0.03815620998719571,0.29586330935251803,-0.20289855072463758,0.07101053452984774
2004-09-30,0.024365302738528216,0.04304506185846302,0.031155381145606453,0.11447488018509344,0.02028006648042724,-0.08030954713785143,-0.2502686499632374,-0.2502686499632374,-0.2500000000000001,-0.2405063291139241,-0.045421834652669024,-0.8654139564763511,-0.18455036393519608,-7.574861367837339,0.6670208776097013,-0.13840532989469156,-0.1081603090294544,-0.08160703075957298,0.020915032679738488,-0.17610062893081757,-0.12701482914248874,0.026536312849162025,-0.00394671928959045,-0.0711311589174185,0.0,-0.06404371584699464
2004-12-31,-0.007034500774354857,-0.027791405731436347,0.05789407972921112,0.08843455453711346,-0.0013459261184761706,0.03790108520972901,-0.16935727217863605,-0.16935727217863605,-0.18333333333333335,-0.18333333333333335,0.05002217294900224,-1.8466587112171837,1.292542470486611,-0.8014244213288352,0.07945554763958151,-0.2526814666999252,-0.07200866269626427,-0.05946684894053322,0.00256081946222797,-0.2671755725190841,-0.19276218611521412,0.025850340136054584,0.005695889053987102,-0.05341800522973472,-0.018181818181818188,-0.10680367429550053
2005-03-31,0.012785158598917601,0.16955592495844218,0.006748930180918489,-0.07164448531603107,0.020869726171608427,-0.06711899791231735,0.2443011533920625,0.2443011533920625,0.26530612244897966,0.26530612244897966,-0.43432722358307285,-9.51937984496124,-0.7648413296491668,-3.3086361491269467,-0.16993191607614289,0.0030040053404538636,-0.061843640606767836,-0.050872093023255904,0.02298850574712641,0.0,0.05306495882891116,0.025198938992042397,0.007879832553558286,-0.03117600631412798,-0.01851851851851849,0.259804776015339
2005-06-30,-0.002569746110012039,0.21378807106598985,0.007845572049444138,0.0266631201445513,-0.014952688537594239,0.01963746223564944,-0.4740529888329319,-0.4740529888329319,-0.4677419354838709,-0.4677419354838709,0.32648947289831276,-0.15592687567209862,1.0685419262951754,-0.03515944399018811,-0.1975225979243388,0.09151414309484185,-0.19309701492537312,-0.19372128637059716,-0.011235955056179803,0.06510416666666674,0.13987836663770636,0.02457956015523921,-0.012460298069875364,-0.16782077393075356,-0.018867924528301883,0.1822898650985818
2005-09-30,0.019176260222339536,0.04893017517630027,0.01731803143093469,0.08658673861382593,0.02262282069128152,-0.009382716049382678,0.9718290313627533,0.9718290313627533,0.9696969696969697,0.9696969696969697,0.2537851072212529,-0.7484319874558997,-0.16791462260091228,-3.119491525423729,0.5216937838965374,-0.09573170731707303,0.014258188824662676,0.015194681861348425,0.026515151515151603,-0.08557457212713926,0.1082317073170731,0.023989898989899006,0.003463631865413097,0.026431718061673992,-0.019230769230769273,-0.03464014043300179
2005-12-31,0.023152563254317693,0.04903988477620569,0.03841658620864874,0.09380395639090322,0.007773477928272543,0.06458402570067578,-0.21197832359771973,-0.21197832359771973,-0.2153846153846154,-0.23076923076923084,0.01669958699946128,-19.516556291390728,-0.6379809681423252,5.664634146341464,2.2848869088416723,-0.02157788267026295,-0.004939209726443683,-0.008419083255378879,0.007380073800737907,-0.045454545454545525,-0.04470426409903705,0.023427866831073008,-0.015039447731755362,0.0033381020505485193,-0.019607843137254943,-0.040974663595587324
2006-03-31,-0.031837987057873884,-0.1442993353698223,-0.09729630535845368,-0.15067463449468188,0.05188484422267625,-0.061775927852930956,0.35750647494864696,0.35750647494864696,0.3725490196078429,0.3799999999999999,-0.4229954079830449,-0.6833922410165783,5.347714285714286,-0.9097235762602552,0.06279407008648663,0.17953135768435557,0.015273004963726633,0.030188679245283012,0.05494505494505497,0.17086834733893563,0.17350611951043926,0.02289156626506017,0.08660826032540658,0.029942965779467645,0.0,0.007521173050183405
2006-06-30,0.0013980376802247285,-0.11779989895569043,-0.016439210158971096,-0.07051066466058942,0.024015451390731357,0.0668971126474176,-0.013618421052631557,-0.013618421052631557,-0.014285714285714346,0.0,0.6844199571472298,-2.811482490530932,-0.3433856956384751,-4.2794484133577,-0.19376276111198365,0.016652059596844904,0.1327566754418954,0.16025641025641035,0.02662037037037024,-0.03588516746411474,-0.015950920245398903,0.022379269729092988,0.022575443446210652,0.14720812182741105,0.020000000000000018,-0.05087510193839784
2006-09-30,0.0055291441556439835,-0.041906595930799706,0.010315907441599936,0.06145320548832167,-0.000699525359089681,-0.06259854115771779,-0.37264056559727876,-0.37264056559727876,-0.37681159420289856,-0.37681159420289856,-0.3271397419589315,-0.27801621363853124,0.030504524266520505,0.008764375094989507,-0.24243604884760084,0.1135057471264369,-0.10458167330677304,-0.08602999210734019,0.0011273957158963732,0.08436724565756815,-0.04488778054862841,0.02188940092165903,-0.006307726965532834,-0.08608205953338688,0.0,-0.09735624586913427
2006-12-31,0.019458314558167933,0.00039410937848960437,0.11852633110270583,0.14128474932048762,-0.089477477664335,0.11712627532160291,-0.49617265575164793,-0.49617265575164793,-0.4883720930232558,-0.4883720930232558,0.19917628789413278,-0.13916268671882936,-0.7203485664870618,-0.8456207312173564,-0.04940454187492971,0.1303225806451611,-0.1230997404523545,-0.1260794473229706,-0.08671171171171188,0.12814645308924466,0.237597911227154,0.021420518602029537,-0.10677850827476765,-0.13776408450704236,0.019607843137254832,-0.12345317419638269
2007-03-31,-0.035389434101117834,-0.22905148980315426,-0.10266623313282397,-0.38210442751931584,0.0523699152035626,-0.04544928111712243,2.596328339312091,2.596328339312091,2.5909090909090913,2.5454545454545454,-1.7482123754293113,-0.24369946290503453,1.8931969552806849,11.40338321405335,-0.6446311731786905,0.014840182648401923,0.04651162790697683,0.04446640316205541,0.05178791615289757,0.11156186612576069,0.15506329113924044,0.020971302428256067,0.09086294416243668,0.02501276161306798,0.019230769230769162,0.2476818979199733
2007-06-30,0.027686224341454846,0.05910558096357432,0.010173022918742669,0.3077989645478483,0.05373580168079961,0.05927826117100565,-0.016370357331455754,-0.016370357331455754,-0.025316455696202556,-0.012820512820512886,-3.223192113778313,-0.5234899328859061,-0.1858916385760092,-1.3586865295845572,0.6506494124363671,0.12103487064116969,0.03595959595959597,0.03405865657521279,0.05275498241500598,0.06569343065693412,0.0730593607305936,0.020540540540540553,0.02536063285248935,0.0234063745019919,0.0,-0.1901446170326727
2007-09-30,0.03435499787247531,0.13895478340583955,0.01070727179790687,0.02188503063904279,0.06417321014980248,-0.006103347841738382,-0.0900143163922692,-0.0900143163922692,-0.09090909090909094,-0.09090909090909094,0.024201191443271153,-0.8850311169341631,0.27701474449606134,0.27142439309739697,0.5011673151750973,0.022677102147300898,0.10101404056162244,0.10978956999085088,0.060133630289532114,-0.02910958904109584,-0.014468085106382977,0.02012711864406791,0.02881778987973682,0.09099756690997585,0.018867924528301883,0.11458333333333348
2007-12-31,0.05798598270923638,0.062250683084222436,0.2314807421012004,0.16678088711212635,-0.12244050979881194,0.027773661941686845,-2.069026548672566,-2.069026548672566,-2.071428571428571,-2.071428571428571,-0.22409861528801345,11.076923076923077,0.10328192961644911,-0.9265010351966874,0.02453775704164496,0.10930141287284134,-0.396032589443854,-0.403957131079967,-0.11764705882352933,0.04761904761904767,-0.011658031088082832,0.019730010384215957,-0.17048963387737104,-0.3960749330954505,-0.01851851851851849,-0.08960094941403351
2008-03-31,-0.02708544033488658,0.1330373403166416,-0.09643975172284602,-0.20077988611704822,0.07351234829279552,-0.06738963285705135,-3.02514103507481,-3.02514103507481,-3.04,-3.026666666666667,0.07688048385722812,-3.244397263505544,1.568704752347502,6.459311424100156,0.17865107475497077,-0.13320360870334336,0.46803519061583576,0.4550484094052558,0.08214285714285707,-0.0185185185185186,0.4272608125819135,0.019348268839103788,0.10342993884605156,0.48449039881831624,-0.018867924528301883,0.41763076421704404
2008-06-30,0.008851833821913235,0.032023229893823,-0.011593879324780176,-0.008002449729509031,0.037625182491099585,0.039453118290651235,-0.4645733664385635,-0.4645733664385635,-0.46405228758169936,-0.4605263157894737,-0.4539413835383459,-1.004729871767921,-0.9196059828105816,0.10752124200146862,0.1678697491016632,-0.21693877551020413,0.008389932081502183,0.000950570342205248,0.03960396039603964,-0.2761578044596913,-0.4756657483930212,0.018981018981018893,0.028433734939759203,0.021393034825870627,-0.019230769230769273,0.04034482758620683
2008-09-30,0.022929989991044675,0.1037691341393403,0.07033084053341088,0.48460683637560975,-0.03381714060031593,-0.01782940612710271,-0.3820618673302042,-0.3820618673302042,-0.3780487804878049,-0.3780487804878049,0.19658119658119655,363.22222222222223,-1.3630683790350573,-2.539211971964387,-0.22124652834504166,-0.09773260359655978,-0.0732963549920761,-0.10066476733143392,-0.02010582010582007,-0.1327014218009478,-0.11733800350262702,0.018627450980392313,-0.05552952202436734,-0.08231855820750122,-0.019607843137254943,-0.2564909954701138
2008-12-31,-0.02780884815750928,-0.005850091407678226,-0.019084228377614476,-0.007596182502443094,-0.041525726840733745,0.01490603812311786,0.5052621945639242,0.5052621945639242,0.5490196078431373,0.5294117647058825,-0.38813559322033897,-0.862660158633313,-17.782026768642446,-0.1681742661990031,-0.23632453978077306,-0.20161756210283066,0.7097050021376656,0.73389651531151,-0.03887688984881199,-0.18579234972677594,-0.12962962962962954,0.018286814244465877,-0.013892334408335372,0.7377919320594479,0.0,0.0017088936770934815
2009-03-31,-0.013827530897941975,0.3563706623706935,-0.057129465280499114,-0.06305041658809807,0.04289834366653689,-0.10730211355159558,-0.13363326848249024,-0.13363326848249024,-0.15189873417721522,-0.14102564102564097,-0.2950138504155124,-4.087738782763216,-0.7767460407884244,-2.219707057256991,0.377446603942037,-0.26302460202604916,-0.24081020255063768,-0.23873325213154695,0.04269662921348294,-0.23154362416107377,-0.5737082066869301,0.017958412098298737,0.05735849056603759,-0.22632864996945634,-0.020000000000000018,0.4477080551846906
2009-06-30,0.061534362773429274,0.11645394621265925,0.08673843596179553,-0.14227893767842636,0.03892041097991106,0.0955767659511253,0.09214035087719297,0.09214035087719297,0.10447761194029836,0.10447761194029836,0.05108055009823187,0.8838932450902812,-8.592242919112017,2.9061741872877245,1.0703661232155026,0.14874815905743732,-0.0365612648221344,-0.045599999999999974,0.03879310344827602,0.10043668122270732,0.5008912655971478,0.017641597028783762,-0.021175350939804938,-0.02960915909988171,0.0,0.3016190183420433
2009-09-30,-0.013514252000218607,0.014876564536377312,-0.1229907425113328,-0.3025436469657864,0.12707878215347068,0.025390260851878788,1.2002827218402623,1.2002827218402623,1.1891891891891895,1.1756756756756759,-1.4166889185580773,3.5866809225599514,-1.7973381730187539,0.45319462774629304,0.7512923837657333,0.1329059829059831,0.3500854700854701,0.40653813914501247,0.12655601659751015,0.09126984126984117,0.1662707838479811,0.017335766423357546,0.14244044725328142,0.4015459723352319,0.0,0.45510726234993104
2009-12-31,1.2997759512837663,-0.04180148843229248,1.1631844241794607,0.9625328631770438,1.5781413703988267,0.6684298394961734,0.8969424407908186,0.8969424407908186,0.5308641975308641,0.5403726708074532,-8.185197052226851,-2.0710063605181657,-0.2204518630922273,-2.3361576186253243,-0.5732024256425066,0.2523576009053188,0.07242339832869082,0.197854588796186,0.7458563535911604,0.11272727272727279,-0.10997963340122197,0.01704035874439458,0.12106382978723418,0.3654571843251089,-0.12244897959183676,-0.5117537262964265
2010-03-31,-0.004424135313057298,-0.006461802550952189,0.012915759994149845,0.04473451973563081,-0.019978665041145982,0.13163917372566503,-0.954000338685592,-0.954000338685592,-0.9596774193548387,-0.9637096774193549,-0.3908138238573021,-0.7552878075323565,-1.5094625283875853,-0.9140058374315301,-0.11549283673776234,0.1644578313253009,-0.3055489964580874,-0.27164179104477615,-0.021097046413502185,-0.33333333333333337,-0.19565217391304346,0.016754850088183337,-0.01575251470867356,-0.25191326530612246,-0.023255813953488413,-0.04897778270264286
2010-06-30,-0.04859857805720391,-0.07050122322968044,-0.05357595813512428,-0.0628794370202913,-0.045723684778871454,-0.006644954562168404,1.5180722891566263,1.5083668005354753,1.4,1.6666666666666665,1.4338628211697535,-1.1473269591181983,-4.675758862237316,-1.3994792635298494,0.052161243322000894,-0.11174340403517835,-0.23529411764705876,-0.20833333333333337,-0.03178879310344829,-0.09313725490196079,-0.007112375533428139,0.01647875108412844,0.003085229463941408,-0.1989201477692526,-0.023809523809523836,-0.00815613166326834
2010-09-30,0.015725648838424977,0.057226437517140516,0.02653345648265737,0.12338689804547154,0.006537912104823906,-0.01951296898548427,-0.5459861775651249,-0.5458305537024684,-0.5416666666666666,-0.5416666666666666,-0.220457758128064,-0.579991375592928,-0.5307943291080761,1.813780260707635,0.1394940915805023,0.03698311007571342,-0.38417074255224537,-0.3779119930974979,0.003895381190873737,0.07027027027027022,0.15472779369627498,0.016211604095563104,-0.009034986543637102,-0.36431358637814826,-0.024390243902438935,-0.058913362701908834
2010-12-31,-0.01909401048404069,0.04712494595763084,-0.016384223908354367,-0.09711198212811645,-0.021887726468175717,0.08707493999946059,-2.556791569086651,-2.562279670975323,-2.545454545454546,-2.545454545454546,0.36544619776997567,-6.171971252566735,-0.2031384615384615,-0.1512243547319656,0.10386453860487732,0.005616399887672152,-0.8888086642599278,-0.8890429958391124,-0.022172949002217224,0.005050505050504972,0.5210918114143919,0.015952980688497043,-0.0029097963142579175,-0.8962053571428572,0.07499999999999996,0.15978030208463356
2011-03-31,0.0007940934572370217,0.06743737957610785,0.0010209081999346115,0.0013426251518444676,0.00014712373105774113,-0.04246874379837273,-2.961263632944716,-2.9556224144415193,-3.0,-3.0,-0.5137181769376395,-1.1042183622828785,-0.09491080392308282,-0.22514619883040932,0.07293577981651378,-0.04104998603741972,0.8896103896103895,0.8875,-0.0011337868480725266,-0.02010050251256279,9.374388254486133,0.015702479338842945,-0.000583657587548525,0.860215053763441,0.0,0.0659778280055967
2011-06-30,0.003117177537429683,0.04332129963898912,-0.01535919716069023,0.006448729408760068,0.020447190350102895,0.0493091537132988,0.9405560882070949,0.9423076923076923,0.9117647058823528,0.9117647058823528,0.6571760604299826,-10.980952380952381,0.0725255972696246,-0.18616352201257858,0.05532278751603248,0.02882935352358751,0.7938144329896908,0.7880794701986753,0.022133938706015988,0.03076923076923066,-0.4658385093167702,0.015459723352319044,0.017325287132567535,0.7658959537572256,0.023255813953488413,0.03665185783521818
2011-09-30,0.0031922406892979094,0.053787691547207084,0.013775816709133526,0.052654951468628974,-0.006414876747873666,-0.010616410172002322,-0.16403162055335974,-0.1638613861386139,-0.15384615384615385,-0.15384615384615385,0.6048387096774193,-0.7490458015267176,0.7852028639618138,1.953632148377125,0.15483714146815752,-0.06538352674780623,0.47318007662835226,0.4740740740740741,0.004441976679622428,-0.08955223880596996,-0.4773329408301442,0.015224358974359031,-0.009567546880979716,0.44189852700490984,0.022727272727272707,0.0010713937859161415
2011-12-31,-0.013197664595340441,-0.027206895540766385,-0.015386815971228929,-0.020972699331043176,-0.011298512876314781,0.022625187156879,-0.10579196217494091,-0.10716400236826529,-0.09090909090909094,-0.12727272727272743,-0.2936421236617872,5.403041825095057,-0.005793226381461625,-1.3778126635269492,-0.05065600224514133,0.03634161114476053,0.48244473342002614,0.48743718592964824,-0.00995024875621886,0.032786885245901454,-0.2965361869895804,0.016574585635359185,0.0019319938176198814,0.47786606129398423,0.0,-0.006372835181942094
2012-03-31,0.0036241534129821673,0.03505017931949017,0.00020753346477109247,0.020744844567559317,0.006291615459397937,-0.04579469659996749,0.14871116986120292,0.1511936339522546,0.1399999999999999,0.16666666666666674,-0.3337457469842252,-0.8396674584323041,-0.6750336172120126,-2.5581717451523547,0.08314241371665076,0.11542957334891879,0.10877192982456152,0.1114864864864864,0.007258514796203208,0.12698412698412698,-0.24339471577261818,0.016304347826086918,0.0026995757809489263,0.10829493087557607,0.022222222222222143,0.014051407588739462
2012-06-30,0.00015164583116122898,0.03770673188912177,-0.007116920842411001,0.019901097575684368,0.006088224571636935,0.049441650328190256,0.03164556962025311,0.032258064516129004,0.03508771929824572,0.03571428571428559,0.35561745589600746,0.10370370370370363,-0.1917241379310345,0.8631111111111112,0.14301310043668125,0.031962274037201865,-0.03164556962025333,-0.031914893617021156,0.004434589800443645,0.023474178403755985,-0.06984126984126982,0.016042780748663166,0.005769230769230749,-0.03603603603603611,0.0,0.01742950946311317
2012-09-30,0.007353707652215213,0.016554897724402995,0.004952771044052451,-0.07858325449385051,0.010019204986049246,-0.06685078385183985,-0.03569436698271056,-0.03515625,-0.03389830508474578,-0.0344827586206895,0.07499999999999996,5.171140939597316,0.2593856655290103,-0.7099236641221374,0.03629417382999045,0.10129474485910128,0.0032679738562091387,0.006279434850863463,0.012141280353200834,0.09633027522935778,0.13708759954493743,0.015789473684210353,0.0026768642447418944,0.017253774263120025,-0.021739130434782594,0.10326009585725804
2012-12-31,-0.0015898251192368873,-0.037870214469071684,0.05365052298862527,0.1774369505230058,-0.04891743053437858,0.021674791086351064,-0.474840948525159,-0.474840948525159,-0.4736842105263158,-0.4642857142857143,-0.42370181586492517,1.3915171288743884,0.6504065040650406,-7.4292763157894735,-0.22517281105990783,0.014522821576763434,-0.08224755700325737,-0.09048361934477389,-0.043620501635768805,0.004184100418409997,0.010005002501250804,0.015914137675795637,-0.04729214340198318,-0.07844522968197876,0.0,-0.18284657404619553
2013-03-31,0.0006407115667281804,0.011102504518461176,-0.001480194991020145,0.024743841290603807,0.00016974726518292904,-0.09082389026156601,0.7544052863436124,0.7544052863436124,0.7666666666666668,0.7333333333333334,0.2940851299060254,-0.7378353797180537,0.16666666666666674,-0.8907649015093374,-0.03174485168388963,-0.019995455578277532,-0.015084294587400127,-0.02572898799313883,0.0011402508551880963,0.025000000000000133,0.06835066864784545,0.015664845173041897,-0.000600480384307378,-0.0007668711656441118,-0.022222222222222254,-0.013317191283292895
2013-06-30,0.00636534839924674,0.049682215412552466,0.12208957583903235,-0.021274332517817296,-0.1042637047653171,0.03176834411020524,-0.43126177024482104,-0.43126177024482104,-0.4339622641509434,-0.42307692307692313,-0.001281503630926939,-0.015611448395490002,-1.6826178747361014,-5.838407494145199,0.15863022113022107,0.08903315557616498,-0.11531531531531536,-0.14964788732394363,-0.07574031890660582,0.08536585365853666,0.1108020398701901,0.015423242467718756,-0.10995393550971355,-0.12202609363008443,-0.045454545454545525,0.07249933315550816
2013-09-30,-0.004275983382611592,0.02081362346263016,-0.0063060365327367585,-0.010161938919682645,-0.0017052631578947652,0.001998183469573034,0.24061810154525376,0.24061810154525376,0.26666666666666683,0.26666666666666683,0.6890504704875962,0.7947136563876651,-4.005154639175258,-1.484027105517909,-0.06626905235255132,0.012348307430274597,-0.08146639511201625,-0.11801242236024856,0.0,0.09737827715355807,0.18113522537562599,0.015188979159307614,0.0027002700270026825,-0.10926573426573427,0.0,0.0312873060087544
2013-12-31,-0.007273137315704892,-0.055077452667814164,-0.05484551433180296,-0.01905023332418332,0.04947383960016016,0.026105873821609782,-0.30516014234875444,-0.30516014234875444,-0.26315789473684204,-0.2894736842105263,-0.23373005824259308,-1.5778105056455571,-0.09982847341337908,-2.5309999999999997,0.1086586231369766,-0.0006309148264983522,-0.012195121951219523,-0.028169014084507005,0.04251386321626627,0.0,0.11943462897526502,0.015309672929714635,0.05722621184919219,-0.018645731108930308,-0.023809523809523836,-0.036753002459846695
2014-03-31,0.026645842207392745,0.1556676474709262,0.04833173915489786,0.2575554063129617,0.004219833216115854,-0.0932862190812721,1.183098591549296,1.183098591549296,1.0714285714285712,1.1111111111111107,-0.21976206212822202,-4.234494477485132,-1.6173780487804879,-0.8647942521227956,0.013251392356443237,0.12521043771043772,0.041526374859708115,0.021739130434782483,0.010638297872340496,0.07849829351535842,0.14804292929292928,0.015078821110349638,-0.021863723201018925,0.03499999999999992,0.0,-0.08101747533924197
2014-06-30,-0.09773188272174071,-0.18557225994180404,-0.11721768999570636,-0.2021361815754339,-0.03235617808904456,-0.9996102883865939,0.17536656891495594,0.17536656891495594,0.18965517241379315,0.19298245614035103,-0.019483269800931846,-0.9871289729445758,-6.166049382716049,-30.396135265700483,-0.3844452868334597,0.06826257714606321,0.23814655172413812,0.2695035460992907,-0.019883040935672502,0.056962025316455556,0.03326917789386852,0.014854827819041017,0.07248263888888884,0.6628019323671499,-0.24390243902439024,0.020759548847599785
2014-09-30,0.040343347639484994,0.03382260993836894,0.14396887159533067,0.4461735832217759,-0.06480830472724264,9.5,-0.5533932135728543,-0.5533932135728543,-0.5507246376811594,-0.5441176470588236,0.8781857451403887,74.95918367346938,-1.1528259051260605,-1.267378800328677,0.16699168633891004,0.023284313725490335,-0.030461270670148033,-0.029795158286778367,-0.05369928400954671,0.04491017964071875,-0.18147951037786048,0.014637391882900808,-0.10117361392148927,0.4468332364904126,-0.32258064516129037,-0.28509661577879797
2014-12-31,-0.034113232751846634,-0.044639000086398095,-0.12230725623582761,-0.27619855748833266,0.07568989916858304,759.1666666666666,7.174301675977654,7.174301675977654,7.29032258064516,7.193548387096774,-1.2677092916283348,-2.9355185384202045,-8.53948397185301,-3.4148740012292564,-0.34555848724714155,-0.018990590248075256,1.2271095152603229,1.251439539347409,0.08070617906683486,0.0372492836676217,0.01853055916775026,0.014754098360655776,0.11368752814047722,0.1333333333333333,1.0,0.319868588068394
2015-03-31,0.10179488483246057,-0.0074156693696680875,0.21968351364443728,0.08931045507833324,-0.018130614426377756,-0.7047953143107715,-0.8697375615090213,-0.8697375615090213,-0.867704280155642,-0.8700787401574803,-2.9621993127147768,-1.9168517490283175,-1.534584672819662,-1.137185034359888,0.07243650047036687,0.03993721660272054,-0.052398226521563784,-0.06308610400682013,-0.013418903150525074,-0.03867403314917128,-0.5359080753271624,0.01453957996768973,-0.10875277946230033,-0.04394046775336646,-0.023809523809523836,-0.08875940487639311
2015-06-30,-0.053191194794406704,-0.13994594102104652,-0.07420401138545041,-0.14352803052538887,-0.0275724903171779,0.038196286472148566,-0.279118572927597,-0.279118572927597,-0.2941176470588236,-0.2727272727272728,0.13178633975481602,-1.3822861468584406,-2.064015518913676,-2.962894248608534,-0.13258145363408524,-0.011235955056179803,-0.10888983411314335,-0.1273885350318471,-0.024837374334713336,0.00287356321839094,0.05020632737276487,0.014331210191082855,0.026990247221592156,-0.28650852483320977,0.2195121951219512,0.004159423888750791
2015-09-30,-0.013160203544481441,0.008757371376107992,-0.00698913198913198,0.004283755997258387,-0.018536858422321778,0.029432805314256516,1.6579330422125182,1.6579330422125182,1.7083333333333335,1.666666666666667,0.27852998065764023,-1.0241584158415842,-0.5381950774840474,-1.5916824196597354,0.09043629008956944,-0.10312075983717772,0.09260143198090698,0.0959332638164756,-0.010309278350515316,-0.08022922636103158,0.012442698100851413,0.01412872841444246,-0.005521201413427601,-0.08519480519480516,0.19999999999999996,0.004451313755795994
2015-12-31,0.005403429745534982,0.041901494731683364,0.026263208107572877,0.09213444804640836,-0.019983767302081734,0.014097091233991943,-0.46549835706462217,-0.46549835706462217,-0.46153846153846156,-0.453125,0.28502269288956117,9.114754098360656,-0.04974338728780103,0.5591054313099042,0.12930577636459994,-0.015506807866868422,-0.5792922673656619,-0.5918173168411037,-0.013480392156862697,-0.006230529595015577,-0.10219922380336355,0.014241486068111486,-0.0250943815234288,-0.3611584327086883,-0.3666666666666666,-0.04597771896350089
2016-03-31,-0.029711433596321446,-0.03332885364870308,-0.03785168034799691,-0.08514294641462272,-0.019473542841794256,-0.0883994126284875,0.1526639344262295,0.1526639344262295,0.17142857142857149,0.14285714285714302,-0.4918766187897339,-3.821717990275527,0.18446198587453266,0.22131147540983598,0.13984045049272642,-0.02458701498271232,0.061266874350986544,0.06293706293706292,-0.016770186335403836,-0.012539184952978122,1.3451008645533138,0.014041514041513992,0.010478359908883794,0.04177777777777769,0.026315789473684292,0.05664516129032249
2016-06-30,-0.02308743861070328,-0.02940358682051991,-0.033270135268166356,-0.15084244080145714,-0.010249737478884136,0.05713058419243988,0.07111111111111112,0.07111111111111112,0.07317073170731714,0.07499999999999996,-0.2516218721037998,-1.8604250430786904,0.18589968432129078,-3.6073825503355703,-0.3198847262247838,0.08625443087829843,0.1320939334637965,0.1293859649122806,-0.009475679090334865,0.10476190476190483,0.03963133640553007,0.013847080072245666,0.013074842200180514,0.11006825938566545,0.025641025641025772,0.14299670289412636
2016-09-30,0.019279606115574,0.054214710305808156,0.025438910784665092,0.0427000938463602,0.0089258943192565,0.07029662738724096,0.812448132780083,0.812448132780083,0.7954545454545456,0.8139534883720931,0.8396284829721363,-0.40587449933244324,-0.7530316474415854,-1.417953667953668,0.1965799031476998,0.09844089920232069,0.08124459809853057,0.07766990291262132,0.01211734693877542,0.10919540229885061,-0.016252955082742493,0.013657957244655572,-0.01023587004895432,0.057647963105303734,0.0,0.011004273504273687
2016-12-31,-0.030080846087354507,0.0398777173913043,0.012707344882121552,0.10601092896174857,-0.08357717629846384,-0.03995823842065305,-1.271978021978022,-1.271978021978022,-1.2784810126582278,-1.282051282051282,0.2224840121171323,1.8797752808988766,1.3676646706586828,-2.071593533487298,-0.17604654103958517,0.02129064202013531,-0.2669864108713028,-0.27387387387387385,-0.08002520478890984,0.010362694300518172,-0.05166716731751275,0.013766842413591052,-0.05508093525179847,-0.28415697674418605,0.02499999999999991,-0.05975906160836941
2017-03-31,0.012413894335112197,0.029920951198797896,0.02549528772993881,0.1522320390606835,-0.006261225304330487,-0.06732575383094419,-3.611111111111111,-3.611111111111111,-3.545454545454546,-3.545454545454546,-0.9212555066079295,-2.245805696449473,-1.738998482549317,-4.730603448275862,0.7970836531082117,0.01680672268907557,0.13522355507088335,0.11414392059553347,-0.002739726027397249,0.10512820512820498,0.4339562876148242,0.013579890205142942,-0.018320247442303095,0.10456852791878157,0.0,-0.10615341388030353
2017-06-30,-0.03890804776255419,-0.10666032350142718,-0.05986931808120699,-0.05372547041315645,-0.00938825714787761,0.05257578969684129,0.2546744036105739,0.2546744036105739,0.26785714285714257,0.26785714285714257,10.597902097902098,-1.3529595991230816,-5.2559890485968515,-1.7552474484883498,-0.33498462589682265,0.01938970120788297,0.1978866474543708,0.18262806236080165,-0.006181318681318659,0.023201856148491906,-0.08592887121714166,0.013397947548460687,0.030538051381483244,0.16819852941176472,0.024390243902439046,-0.05595372815289823
2017-09-30,-0.01215464850652992,-0.008804629531011465,0.0016009945001129733,0.0377972065252159,-0.030788333375566967,0.03977844914400808,-1.0287769784172662,-1.0287769784172662,-1.028169014084507,-1.028169014084507,-1.3530298462466084,-1.5953859804791481,-1.0862013509166935,-1.0293217746047936,0.014770100179809953,-0.005612722170252549,-0.42101042502004815,-0.42937853107344637,-0.02971665514858335,0.0,-0.15780570323827936,0.01322081575246159,-0.01881467544684856,-0.4374508261211645,0.0,-0.04488545551411838
2017-12-31,-0.04149395697892577,-0.11293384433539888,0.0023694454369369566,-0.04381774284686901,-0.10227985777034099,0.010460048426150115,17.696428571428573,17.696428571428573,18.0,18.0,-4.428693424423569,-1.0864381520119224,-11.792910447761194,-16.730434782608697,-0.22895835970130363,-0.07071182188773906,-0.12742382271468145,-0.14191419141914197,-0.09259259259259256,-0.043083900226757454,0.6510760401721662,0.013325930038867284,-0.06327900287631838,-0.16503496503496495,0.04761904761904767,-0.07230511783572713
2018-03-31,-0.02083712672978877,-0.027497375434062832,-0.021818659362512483,-0.0888578489309122,-0.019454799627213415,-0.03795648423272313,-1.7029608404966572,-1.7029608404966572,-1.7105263157894737,-1.7105263157894737,-0.7123287671232876,2.396551724137931,-0.5294727744165946,-0.11000552791597573,-0.26362442547603415,-0.015016028344862486,-0.3126984126984127,-0.32307692307692304,-0.018053375196232402,0.08530805687203791,0.1661452902328815,0.01315068493150684,0.0012794268167861667,-0.3500837520938024,0.022727272727272707,0.06734310409620425
2018-06-30,-0.011633988447368071,-0.0008719119784097451,0.0025700038358267285,0.06886792452830193,-0.03383034335273849,0.04264222377204341,1.3192934782608696,1.3192934782608696,1.3703703703703702,1.333333333333333,1.9281385281385282,-4.416243654822335,0.09000734753857453,-1.5130434782608697,0.18412839946500226,-0.008393285371702697,-0.10854503464203225,-0.13068181818181823,-0.022382094324540303,0.01091703056768556,0.48748137108792866,0.012979989183342422,-0.02248913876820846,-0.16237113402061853,0.04444444444444429,-0.06527709316245334
2018-09-30,0.0010583254938851816,0.1151928191489362,0.003825993801890082,0.025264783759929355,-0.0032893725598696077,0.03143812709030103,0.1423550087873462,0.1423550087873462,0.140625,0.1587301587301586,-0.1741573033707865,1.4665676077265974,-0.3579373104145601,2.046004842615012,0.473644578313253,0.13577474520642596,1.6088082901554404,1.5424836601307188,0.019623875715453876,0.16198704103671702,0.3175032561867548,0.012813667912439763,-0.00418300653594772,1.4676923076923076,0.042553191489361764,0.08776555672743713
2018-12-31,-0.02928462351697403,-0.03581010582799227,0.06252620345313864,0.1947702571828258,-0.1764542594534575,0.01889938854919393,-0.06307692307692303,-0.06307692307692303,-0.0273972602739726,-0.04109589041095896,0.2860723236663085,0.3120481927710843,1.921784776902887,-0.9447535771065183,0.017756770567194602,0.11239543726235746,0.9712015888778551,0.8868894601542419,-0.1708099438652767,0.09107806691449816,-0.5550570342205323,0.014496573537164048,-0.15174586505644527,0.8341645885286786,0.020408163265306145,-0.19301890712653225
2019-03-31,-0.003424616092065347,-0.020251207729468645,-0.019209039548022555,-0.16495541745474196,0.03138459233736568,-0.01654846335697402,0.595511767925561,0.595511767925561,0.5915492957746478,0.6000000000000003,-0.6280623608017817,-0.8310376492194674,-0.7100251527128998,-0.2086330935251799,0.013806953683946244,0.06316652994257588,0.4201511335012593,0.36512261580381455,0.03481624758220492,0.28109028960817706,-0.429670141856093,0.014289425824889568,0.034973692355307895,0.3256288239292997,0.020000000000000018,0.17327497425334704
