Quarter end,Assets,Current Assets,Liabilities,Current Liabilities,Shareholders equity,Revenue,Earnings,Earnings available for common stockholders,EPS basic,EPS diluted,Cash from operating activities,Cash from investing activities,Cash from financing activities,Cash change during period,Cash at end of period,Price,ROE,ROA,Book value of equity per share,P/B ratio,P/E ratio,Equity to assets ratio,Net margin,Asset turnover,Current ratio
1997-12-31,-0.018917328272697764,-0.009464893088336868,-0.0315673304505355,-0.001851409233524115,0.3357218788141265,0.05931232756022342,0.6667154138637028,0.6667154138637028,0.6666666666666667,0.6470588235294119,-0.20409505797220628,-4.102143182854537,-0.4240364188163884,1.99116217410517,-0.09602817618603077,0.18647166361974388,-0.11574840387798535,0.254826254826255,0.33333333333333326,-0.22440677966101696,0.05065738592420743,0.3598820058997052,0.009345794392523477,0.01739130434782621,-0.007655014034192331
1998-03-31,-0.018917328272697764,-0.009464893088336868,-0.0315673304505355,-0.001851409233524115,0.3357218788141265,0.05931232756022342,0.6667154138637028,0.6667154138637028,0.6666666666666667,0.6470588235294119,-0.20409505797220628,-4.102143182854537,-0.4240364188163884,1.99116217410517,-0.09602817618603077,0.18647166361974388,-0.11574840387798535,0.254826254826255,0.33333333333333326,-0.22440677966101696,0.05065738592420743,0.3598820058997052,0.009345794392523477,0.01739130434782621,-0.007655014034192331
1998-06-30,-0.004480791361621939,-0.0019449485093614438,-0.023730514244759027,-0.01940363746935514,0.3933561280433886,0.05931232756022342,0.6667154138637028,0.6667154138637028,0.6666666666666667,0.6470588235294119,-0.20409505797220628,-4.102143182854537,-0.4240364188163884,1.99116217410517,-0.3177486738956954,0.03389830508474567,-0.11574840387798535,0.254826254826255,0.3977272727272727,-0.22440677966101696,0.05065738592420743,0.40130151843817785,0.009345794392523477,0.01739130434782621,0.017828062055369687
1998-09-30,0.04424030257814504,0.04851608607092506,0.05396655263041983,0.043900926392495876,-0.09238222165809906,-0.012256725878325714,-0.7780117574800386,-0.7780117574800386,-0.8,-0.6785714285714286,0.7253848538072114,0.8565338821108335,-0.6463273263779112,-1.15807357068991,0.07362047612494838,-0.032786885245901676,-0.11574840387798535,0.254826254826255,-0.08943089430894302,-0.3081293706293706,0.05065738592420743,-0.13157894736842113,0.009345794392523477,0.01739130434782621,0.004378947368421038
1998-12-31,0.0735651074754553,0.11523434459785498,0.06215581792219549,0.0895342274502815,0.25477810926720124,-0.07524175035232172,5.664031620553359,5.664031620553359,6.333333333333334,3.2222222222222223,1.006107784431138,0.48083927157561357,1.8322407628128725,4.2214953271028035,0.35804921814919255,0.17308680020544442,-0.11574840387798535,0.254826254826255,0.24999999999999978,0.2880606443461782,0.05065738592420743,0.1693404634581106,0.009345794392523477,0.01739130434782621,0.02355998993879438
1999-03-31,-0.06706637040323438,-0.07707059710242026,-0.08538879022928958,-0.10325836914551734,0.18471254759914557,0.12961738263653277,-0.5216488730723606,-0.5216488730723606,-0.5227272727272727,-0.4736842105263158,-0.8897976240224464,-1.1908784686948617,0.23208837453971598,-1.876678002505817,-0.23113585956302207,0.04159369527145351,-0.11574840387798535,0.254826254826255,0.18571428571428572,-0.1667484060814125,0.05065738592420743,0.26981707317073167,0.009345794392523477,0.01739130434782621,0.02924311926605494
1999-06-30,0.05418614951065881,0.11180173068256405,0.03660348353309306,0.11900201421350665,0.24845168472381185,0.09227244765924958,0.6698078115313082,0.6698078115313082,0.6666666666666665,0.5999999999999999,4.2697724810400866,-7.8316526610644255,-1.1741098112885322,-0.4099632503062475,-0.17737678757748732,0.08490962589323248,-0.0886482150020057,0.254826254826255,0.24698795180722888,-0.08475573866980568,0.05065738592420743,0.18487394957983194,0.02083333333333326,0.008547008547008517,-0.0064464783127735625
1999-09-30,0.004843275184287288,0.0036182107539752817,-0.01001019556956162,0.017799709960841348,0.19526530612244897,0.040941487192433845,0.014182817256998659,0.014182817256998659,0.0,0.03125,0.4378083881578947,-0.8026569355037108,-11.675821481118195,-1.5183391003460207,0.11176602253226897,0.05114296784192174,0.04460093896713602,0.254826254826255,0.1932367149758456,-0.1569131832797428,0.008465218991534629,0.18946301925025333,0.217687074829932,0.025423728813559254,-0.013937840435757853
1999-12-31,0.012546867291563846,0.05158369814184849,-0.009319100592906637,0.12176492572176034,0.17696195349521404,0.1353738349141438,-0.05469322009078925,-0.05469322009078925,-0.02857142857142847,-0.06060606060606066,0.4376921427039393,1.4668605859131518,0.18159683939728044,0.520694259012016,0.1528756459298033,0.23700700331736102,-0.2292134831460675,-0.07692307692307698,0.17004048582995956,0.03661327231121292,-0.004379562043795526,0.16183986371379877,-0.16014897579143383,0.09917355371900838,-0.06255077173030033
2000-03-31,-0.03278426939741019,-0.057812318756524816,-0.04468247766440325,-0.09681862125381124,0.04252109092532241,-0.14844866852675276,-0.08961350786151345,-0.08961350786151345,-0.11764705882352955,-0.09677419354838701,-0.9061614202595852,0.1711446138296977,-1.4526651374363362,-0.4736611062335382,0.06979451656091751,0.1370679380214539,-0.06468658892128276,0.06833333333333336,0.04498269896193774,-0.028697571743929395,0.2060117302052784,0.07844574780058666,0.055432372505543226,0.015037593984962516,0.04315424610051988
2000-06-30,0.010132761082943587,0.02918058530793366,-0.0123597330498465,0.028189192660731832,0.14058298652143386,0.03643927816113246,0.5255232261357836,0.5255232261357836,0.5666666666666667,0.5357142857142856,5.507684154742979,-0.13009708737864079,-2.2706347161384524,-2.9407839866555463,-0.126618783327892,-0.007337526205450584,-0.041106565361387015,0.08736349453978143,0.13907284768211925,-0.050000000000000044,-0.0714285714285714,0.1291638341264445,0.07352941176470584,0.007407407407407307,0.0009968433294567092
2000-09-30,-0.004485702602156305,0.016141080272101593,-0.023903101916703196,-0.014311980678185399,0.09302901760576598,0.00538058817834508,-0.04444816240031235,-0.04444816240031235,-0.06382978723404253,-0.06976744186046502,-0.6130700325732898,-0.185598544973545,-1.0065567121806138,-0.8418564675547916,-0.022926920441094012,0.14255543822597683,-0.043681430312880964,0.06599713055954104,0.09302325581395343,0.0031897926634769647,0.04942716857610474,0.09753160746538225,0.0606653620352251,0.007352941176470562,0.030871369294605655
2000-12-31,0.11155332583599864,0.10747799243960188,0.08549592599399625,0.13465250651570604,0.22841482010632896,0.10320996433372964,0.3598692657873235,0.3598692657873235,0.34090909090909083,0.375,3.932863306324319,0.8638716881534869,-236.57731958762886,-17.418478260869566,0.38525792259134084,0.10328096118299435,0.037391119609092804,0.15074024226110372,0.19946808510638303,0.009538950715421324,0.048970679975046894,0.10532089961601776,0.18081180811808117,-0.021897810218978075,-0.023909193366607684
2001-03-31,-0.032260681266632285,-0.02764923619132653,-0.06019962130084011,-0.08130246625404913,0.07846119436367704,-0.10818813576392383,-0.37776824034334766,-0.37776824034334766,-0.3728813559322034,-0.38181818181818183,-0.9534099878405188,-0.7108545286204455,-1.2199028488906394,-0.791459781529295,0.057997698504027584,-0.053193717277486896,-0.08253123080073721,0.01871345029239757,0.07760532150776056,-0.21102362204724412,-0.19030627415997625,0.11414392059553347,0.03281250000000013,-0.014925373134328401,0.058391752577319656
2001-06-30,-0.004265683137978038,-0.0008332645019605289,-0.018630006185480386,0.04084909248486435,0.04534095151188344,0.05040204183041963,-0.5391088425989792,-0.5391088425989792,-0.5675675675675675,-0.5294117647058824,11.586080586080586,0.6715012243360332,-4.668059701492537,-0.8198412698412698,0.009876006090928868,-0.0028754700287547674,-0.23482142857142863,-0.1676234213547647,0.034979423868312765,-0.0738522954091817,-0.037458685273595305,0.049888641425389624,-0.1618759455370652,-0.007575757575757569,-0.04005298838930893
2001-09-30,0.056853629905388114,0.04988925116280196,0.027691469815670722,0.03468725757707358,0.15140092353323387,0.021613930968738426,2.0505836575875485,2.0505836575875485,2.1875,2.0,-0.006621071012805624,0.41739914356547225,-0.2977973090277778,5.590308370044053,0.06444942271239018,-0.04392191659272393,-0.06038506417736289,0.020689655172413834,0.14910536779324057,-0.07650862068965503,0.13391835177413203,0.08952057700466676,0.03790613718411562,-0.01526717557251911,0.014692751034986573
2001-12-31,0.31585224192674044,-0.00012042333433681662,0.19271534220147424,0.0061861340280793264,0.67218340498488,0.11652471024050737,0.5060832025117739,0.5060832025117739,0.4117647058823528,0.4375,0.6331209258038526,12.390046112259501,-10.779494707563934,1.0140374331550803,0.12194430953537316,0.06682134570765652,-0.1158025457932319,0.025675675675675746,0.5207612456747404,-0.0711785297549592,0.011103633916554667,0.2710280373831777,0.09391304347826068,-0.06201550387596899,-0.006240000000000023
2002-03-31,0.011968098522631365,-0.01840151195808759,-0.005995796452445523,-0.03290399238176345,0.04904632854522606,-0.1424024682591798,-0.3917263843648209,-0.3917263843648209,-0.41666666666666663,-0.4057971014492754,-0.7395613759698614,-0.8469421683885524,-0.9166350650992289,-2.413873216063724,-0.15367410988059593,0.029360591561548466,-0.1264044943820225,-0.030303030303030276,0.048919226393629334,-0.3241206030150754,-0.0569051580698835,0.03645833333333326,0.05246422893481717,-0.0826446280991735,0.01497343422959263
2002-06-30,0.04545518744282995,0.06164983141149527,0.013531736863781063,0.042421538003867276,0.10788928916097573,0.0860831559549673,0.4714576416407841,0.4714576416407841,0.4761904761904763,0.4878048780487805,1.8297744101945925,-0.5714562805493055,-2.979529946929492,-1.0971830985915494,0.01764630663654576,-0.1400802873441791,0.05707395498392298,0.16032608695652173,0.10737527114967471,-0.1802973977695167,-0.1746647847565278,0.05971031628731893,0.2522658610271904,-0.07207207207207211,0.01840101522842641
2002-09-30,-0.00825360648272866,-0.023207487203877886,-0.043001681117838086,-0.033463656859107904,0.053916809632102325,0.03554008379040252,-0.16380377028895843,-0.16380377028895843,-0.16129032258064513,-0.180327868852459,0.05699071961052793,-0.18520865393319452,0.020490233626962784,9.644927536231885,0.18458638743455502,-0.2417690417690418,-0.1182509505703423,-0.04566744730679162,0.04995102840352583,-0.3151927437641724,-0.39760581445061993,0.06276150627615062,0.008443908323281013,-0.04854368932038844,0.010669781931464284
2002-12-31,0.044408012032311595,0.08243022168423586,0.03691568822897384,0.08556648675461487,0.05658036144299583,0.098752402358383,0.36188362275318786,0.36188362275318786,0.3653846153846152,0.3799999999999999,0.0418849674707813,-0.26219308965670485,0.21974103959467062,-0.28636260494667576,0.11120147090021915,0.011989630589760214,-0.056489866321690396,-0.01717791411042946,0.05597014925373123,-0.03642384105960261,0.002838892831795725,0.011548556430446277,-0.010765550239234423,-0.010204081632653073,-0.002928257686676483
2003-03-31,0.0007933140656732895,0.009026185186041591,-0.015621586328209314,-0.027060033073675993,0.026965321485869387,-0.13488642360349357,-0.5866355618049341,-0.5866355618049341,-0.5915492957746479,-0.5797101449275363,-0.7604232862708258,-0.2713446770064749,-0.8752692307692308,-0.8111287758346581,0.01890094504725237,0.008965738072366447,-0.11014625228519193,-0.07490636704119857,0.026501766784452263,-0.04467353951890041,0.009200283085633254,0.026206538661131207,-0.0713422007255139,-0.010309278350515427,0.03709714815673548
2003-06-30,0.0229142757701275,0.03947327304430437,-0.009880861490385473,0.6819367373467704,0.07303467698325172,0.10128235003838149,0.9930421337456514,0.9930421337456514,1.0,0.931034482758621,2.5428439626340675,0.4736515809051456,5.466234967622571,4.267676767676767,0.09771712313794079,0.07616629641383676,-0.0667693888032872,-0.03238866396761131,0.07228915662650626,0.05035971223021596,0.1374474053295931,0.04905183312262951,-0.03776041666666663,0.01041666666666674,-0.3819956777703257
2003-09-30,0.001507138108860273,0.000873801779268879,-0.028392359194213457,-0.03149817004457711,0.04367122218730013,-0.0017083485030946477,-0.06198603568657879,-0.06198603568657879,-0.051724137931034364,-0.0535714285714286,0.2715820312499999,0.024260272051605636,0.5581783500238435,-0.9217002237136466,0.006970128022759647,0.09613683279268659,-0.03522289488167307,-0.004184100418409997,0.042536115569823396,0.020547945205479534,0.12330456226880404,0.042178838274282926,0.0027063599458729826,-0.010309278350515427,0.03340166405402134
2003-12-31,0.038125370418041094,0.012278611547741791,-0.03329699144537446,-0.4372622073337532,0.1318902509731028,0.15470646542856614,0.36221156231908025,0.36221156231908025,0.32727272727272716,0.37735849056603765,-0.007321506284719503,0.40142387732749185,-0.393052792654935,38.67755102040816,0.27464331120214713,0.05972558514931392,-0.0496292070735882,0.0014005602240894088,0.13163972286374137,0.016778523489932917,0.044456641053787216,0.09019426456984259,-0.00809716599190291,0.01041666666666674,0.7989498249708287
2004-03-31,-0.00939034481963219,-0.006856075816409124,-0.015732053240235633,0.009789301300055842,-0.0022798304576786554,-0.13966138114597004,-0.43468625724780674,-0.43468625724780674,-0.4246575342465754,-0.4383561643835616,-0.24122546870567607,-0.4620945681906995,0.2276623638563937,-1.035798786133114,-0.007713449773916081,0.10586443259710587,0.0,0.04615384615384621,0.0027210884353741083,-0.02310231023102305,0.08460325801366264,0.007212558336868957,0.03809523809523818,0.010309278350515427,-0.016475319452552428
2004-06-30,0.008141173833853932,0.017095191715912783,-0.032453335254605475,0.043392254748293,0.05304327169906742,0.08089824887279629,0.526044463537751,0.526044463537751,0.523809523809524,0.5121951219512195,0.5464092716582265,-0.13258263712313845,0.5640941389082843,-9.175287356321839,0.06354985704074334,0.07070707070707072,-0.027611044417767072,0.016042780748662944,0.048846675712347354,0.06756756756756754,0.013081395348837122,0.04465037910699232,0.007863695937090354,0.010204081632652962,-0.02519290377893557
2004-09-30,-0.0016052696730345373,-0.001897566649825544,0.015880948732746036,-0.010810826456567058,-0.019376640916526466,-0.0070945043716544864,-0.13336617636709125,-0.13336617636709125,-0.12499999999999989,-0.12903225806451601,0.03309890109890112,0.6346314907872697,-0.1306425776634017,1.2618629173989455,0.1351521643248692,-0.03880789022298459,-0.031481481481481444,-0.003947368421052588,-0.002587322121604174,-0.08227848101265833,-0.06360593017694893,-0.017943548387096775,-0.011703511053316018,0.010101010101010166,0.008998038021784893
2004-12-31,0.07002464551735699,0.08372229906707074,0.07016384014344301,0.01900208338210163,0.06987809475187068,0.16710227804284772,0.4734854636998538,0.4734854636998538,0.46428571428571397,0.4814814814814814,-0.06258775475471212,0.3143332906366081,-0.3384884915121126,1.0400932400932401,0.24289520426287736,0.09837162614320771,0.006373486297004405,0.014531043593130732,0.08041504539559008,0.10000000000000009,0.09346271705822273,0.0,0.011842105263157876,0.0,0.06349738500737567
2005-03-31,-0.019507834753984987,-0.011972329489804645,-0.010089754026022635,-0.04800055133440151,-0.029426289316202614,-0.15542140003256477,-0.4273471299842928,-0.4273471299842928,-0.41463414634146345,-0.4125000000000001,-0.8482207697893972,-0.49907416431147067,-0.9746575342465753,-0.9539914686166971,0.008991306418959066,0.019293257514215956,0.0031665611146294292,0.006510416666666741,-0.021008403361344574,-0.056426332288401326,-0.010742643624474524,-0.01026483268322731,0.006501950585175553,0.0,0.03782863627766209
2005-06-30,-0.011004004275085633,0.028661790143363897,0.03761812631898298,-0.013371338943685362,-0.0632295372266759,0.09335923597105222,-0.11885857273470957,-0.11885857273470957,-0.10416666666666663,-0.10638297872340419,6.564593301435407,0.2455252918287938,11.58918918918919,58.741721854304636,0.5323694305104751,-0.05538951982466633,-0.08143939393939403,-0.09961190168175937,-0.0429184549356223,-0.03322259136212613,-0.07884796978281394,-0.052686164696121085,-0.10723514211886309,0.010000000000000009,0.04264625478403494
2005-09-30,-0.008232130041874841,-0.014305664907924287,-0.01820345551470448,0.03555825947654667,0.003631187321968765,-0.008705040459856206,0.3990497515154825,0.3990497515154825,0.4186046511627908,0.4285714285714286,0.19206593927893745,0.9703217744454857,7.662516101331043,-1.2623877618889259,-0.09115766771932532,0.045138156507066096,0.01580756013745699,0.00287356321839094,0.014093529788597126,0.08934707903780059,0.13890312660174264,0.011823954455879138,-0.005788712011577379,0.00990099009900991,-0.048185049233816946
2005-12-31,0.17307531535075849,0.44691743997975975,0.3202303546751446,0.04348031458869661,0.0018075045643670684,0.12538448066376962,0.7250370833008042,0.7250370833008042,0.7540983606557379,0.7333333333333334,-0.013911688139415346,-0.12747740605676228,-4.069888475836431,-25.311575834389522,2.438471969151235,0.10070635721493448,0.10284167794316668,0.04297994269340988,0.009475679090334754,0.0883280757097793,0.07200720072007205,-0.14585587535165556,0.06986899563318771,-0.02941176470588236,0.38663075416258574
2006-03-31,-0.042949550627540356,-0.08838094619557135,-0.04695821308684167,-0.0887267439228645,-0.03680110227283073,-0.15826741593251747,-0.46336440984793625,-0.46336440984793625,-0.4579439252336449,-0.451923076923077,-0.6782747603833865,-0.5513356351081229,-1.40837975296682,-1.2657940238593808,-0.18849398295633102,0.07737440410707741,0.052760736196318936,0.0027472527472527375,-0.025657071339173942,0.06666666666666665,-0.024769101595298104,0.006333924499619892,0.020408163265306145,-0.02020202020202022,0.0003973159102947932
2006-06-30,0.01165227523173451,0.007690136677006132,0.022428986813134433,0.08469550908893342,-0.004702638834186645,0.12421134735382489,0.4656124815517604,0.4656124815517604,0.4655172413793105,0.47368421052631593,1.7760413944493805,-0.17901984609153498,-0.13190737885317416,-0.7281672414638531,-0.0631404306047525,0.07930565010211033,0.1573426573426573,0.11369863013698622,0.008349389852279954,0.10597826086956519,0.03788204907447268,-0.01611278952668682,0.1306666666666667,-0.010309278350515427,-0.07100304487886666
2006-09-30,-0.033472342668113275,-0.06399241885551366,-0.0495637685765139,0.0400715563506262,-0.008386029615442436,0.02097097058513664,0.3533964381275714,0.3533964381275714,0.388235294117647,0.38095238095238093,0.27026772602327065,1.0643808584114454,0.6989069379080006,2.0910949431784016,-0.20832691699828987,-0.03137811415957115,0.18126888217522663,0.1426814268142682,0.015286624203821653,-0.039312039312039304,-0.164661965989216,0.025844421699078746,0.14386792452830188,0.0,-0.10003800114003414
2006-12-31,0.015692797223025634,-0.02712211050458857,0.02149990866331164,0.05780254557963538,0.007015533140612318,0.16349372542900142,0.10586734693877542,0.10586734693877542,0.13559322033898313,0.1293103448275863,-0.23149891061079908,0.6222965706775003,-0.2510924249600114,-0.1423708372237784,-0.22568310486389087,0.19485593358294007,0.06436487638533683,0.06566200215285267,0.03450439146800499,0.17647058823529393,0.00943396226415083,-0.008480917934646892,0.01855670103092777,0.04166666666666674,-0.08028079805763755
2007-03-31,-0.033402747804938016,-0.0848425578930081,-0.023464191930125056,-0.0819737810858554,-0.04846701814342913,-0.1611869074169816,-0.41503267973856206,-0.41503267973856206,-0.4029850746268657,-0.40458015267175573,-0.37699132111861133,-0.43647344774250574,-0.02187142038946166,0.2642382453673251,-0.36847602615208663,0.15381471389645762,0.0568682418902684,0.05353535353535355,-0.0363856882959368,0.11739130434782608,0.07378258730939491,-0.01559748427672969,0.01619433198380582,0.040000000000000036,-0.0031563845050215367
2007-06-30,0.01205419302353472,0.031696155446247154,0.035244692038646885,0.07331595205033015,-0.02402021702988244,0.11032483675637761,0.34837331580676967,0.34837331580676967,0.375,0.3717948717948718,0.875367612915209,-0.019735982224545756,-0.3850930161634645,-1.0749385528983297,0.043724484455144985,0.1317747077577045,0.05759757483895411,0.048897411313518546,-0.00818124606670867,0.1731517509727627,0.07375171781951462,-0.035522616917965655,0.01195219123505975,0.03846153846153855,-0.03874496257915938
2007-09-30,0.003292617888859928,-0.02098286928758819,0.05894815024769917,0.07225518230136152,-0.08854057320176767,0.02800178378981011,0.06680314883868288,0.06680314883868288,0.08181818181818179,0.08411214953271018,0.25789039286893356,-0.14893333333333336,0.9059456027932629,-6.82283935839119,-0.2439347287552529,-0.010015649452269071,0.019706198495162974,-0.018281535648994485,-0.06027918781725883,-0.0016583747927032544,-0.0627133105802049,-0.09167991520932706,-0.04429133858267709,0.0277777777777779,-0.0869617296520333
2007-12-31,0.077383229888629,0.10354480022742552,0.07155151697499806,0.10259857623729696,0.08856279284036894,0.20388612742882972,0.44553595906058674,0.44553595906058674,0.47899159663865554,0.48275862068965525,-0.22403317454693383,2.1104496318345607,-0.6302186878727634,-1.2399884877888332,0.0774291967898122,0.16376857413847623,0.09030217849613487,0.05121042830540046,0.11208642808912894,0.23920265780730898,0.16340464269458344,0.010501750291715295,0.02471678681771361,0.018018018018017834,0.0008527386028207573
2008-03-31,0.03584405802835633,0.03917102965563979,0.07514804982642431,-0.044989313781759965,-0.03832536823525767,-0.17619735755573906,-0.3950279735752442,-0.3950279735752442,-0.3806818181818181,-0.38372093023255804,-0.8608005952884275,-1.2567240858265336,-0.49718516016438663,-1.0921706356004797,-0.0066238211322056095,-0.09499230281626381,0.06284241057041551,0.011514614703277193,-0.023072252580449204,-0.1863270777479893,-0.17331768388106417,-0.07159353348729791,0.015075376884422065,0.0,0.08815047843754109
2008-06-30,0.005869873352477795,0.02248119993633546,0.017376373626373676,0.06034216655597846,-0.018405818879157376,0.17461926621179846,0.2761827633950731,0.2761827633950731,0.3027522935779814,0.3018867924528301,8.301178471631637,-3.5432607416127135,2.36253708783519,-9.996282527881041,0.05998711020772407,-0.004102461476886088,0.05942995755003033,0.011383537653240072,-0.0024860161591049312,0.01976935749588149,-0.059630856601987636,-0.024253731343283458,-0.003960396039604075,0.017699115044247815,-0.03571643678853231
2008-09-30,-0.0027485285135527837,0.008571050732024466,0.02776673475834124,0.04164240724077706,-0.06947453979176954,-0.012622065340716193,0.07928189801641716,0.07928189801641716,0.09859154929577474,0.10144927536231885,-0.006256694271010166,0.3127362493250019,-0.47476900024972946,4.271694214876033,0.29833730882559273,0.013563749623229038,0.057240984544934204,0.018181818181818077,-0.05109034267912771,0.016155088852988664,-0.04579768495218928,-0.06692160611854692,0.010934393638170947,0.008695652173912993,-0.03179262960649587
2008-12-31,-0.04658709941586203,-0.08371053084460378,-0.05991636182875182,-0.09467430565259549,-0.014394914188684993,0.0011589147058419513,0.1934602837417494,0.1934602837417494,0.19871794871794868,0.2171052631578947,-0.1732804058938735,0.3996003996003996,1.2084125776594394,-2.2920242994317066,-0.2968866794549663,-0.21213322759714504,0.034921494315105495,0.0008503401360544505,-0.01641497045305318,-0.1701112877583466,-0.2621308016877637,0.0338114754098362,0.010816125860373615,-0.008620689655172376,0.01212824979033611
2009-03-31,-0.024500625252251274,-0.028270963606686905,-0.050124991158320364,-0.15658164911903238,0.034527776618638484,-0.26606132783453373,-0.46158858305257133,-0.46158858305257133,-0.4598930481283423,-0.45945945945945954,-0.44557682523530906,-0.5484737792333207,-1.412337988546167,-2.5985257538069524,0.6749708606048186,-0.2698792148968294,-0.003662045513994183,-0.005097706032285543,0.03204272363150862,-0.2586206896551724,-0.2859185132237312,0.06045589692765119,0.010700389105058328,-0.017391304347826098,0.1521448148384219
2009-06-30,0.022082308749065804,-0.012738169563076496,-0.03164988607602981,0.06745155887800713,0.13573161385493915,0.08918704337853778,-0.18146934679299864,-0.18146934679299864,-0.18811881188118817,-0.18999999999999995,1.1227667689484098,0.071136321368793,-3.6568504594820386,-1.209575497656413,-0.08445362086105379,0.11907633982422872,-0.1244421107902336,-0.0939368061485909,0.13454075032341506,0.0852713178294573,0.13013013013013008,0.11121495327102804,-0.051973051010587135,-0.044247787610619316,-0.07512724053994257
2009-09-30,0.013927289246137065,0.007646112850472786,-0.03470812260098033,0.10248071278281423,0.10163575110605994,0.06923193976075126,0.49814287259745416,0.49814287259745416,0.5,0.4938271604938269,0.07508477094956967,0.09071968052782364,-0.023714068600476867,-0.47681999275624776,-0.04826019410988425,0.2955035417308285,-0.12113943028485752,-0.0546654099905749,0.10034207525655647,0.1428571428571428,0.43844109831709477,0.08662741799831797,-0.023350253807106758,-0.03703703703703709,-0.08601507357339389
2009-12-31,0.022664433463537303,-0.0037146346427844312,-0.0210451457334081,0.1655262922280183,0.09173390810950233,0.1745254217835419,0.671392466000722,0.671392466000722,0.6747967479674797,0.6528925619834711,-0.44547065254269236,2.004059216809933,-0.5258870578130872,4.0046728971962615,-0.2537736511391161,0.16153571853084525,-0.048106448311156624,0.030907278165503538,0.09067357512953378,0.054166666666666696,0.23583743842364546,0.06733746130030971,0.037422037422037535,0.0,-0.14522251308900525
2010-03-31,-0.001968248538067874,0.005667791867291383,-0.004031165614216903,0.00858341335220092,0.0009548076463359312,-0.18572277312862284,-0.45465019153777475,-0.45465019153777475,-0.4563106796116504,-0.44999999999999996,0.008248357126671158,-0.3918872373685187,-0.42220272297545924,-1.0294636373067745,0.010019875104373632,0.045845272206303855,-0.05017921146953408,0.008704061895551174,0.005225653206650804,-0.039525691699604626,0.014449427005480686,0.0031423737007492125,-0.0010020040080160886,0.009615384615384581,-0.0029094250057423166
2010-06-30,0.01771594329965409,0.06324401441127536,0.024925591901848065,0.060233984939499496,0.007551098105271548,0.12455988345161773,0.3559469736981091,0.3559469736981091,0.3660714285714284,0.3545454545454545,0.6803164471614149,-0.5945451376786337,0.8974183118600891,29.173708920187792,0.2993374707450833,0.14540117416829745,0.08264150943396209,0.11888782358581018,0.014650283553875099,0.13786008230452662,0.1227897838899803,-0.010120481927710756,0.09528585757271824,0.01904761904761898,0.0028411272364279316
2010-09-30,0.09269879493227728,0.13876267798391284,0.12004837633992538,0.1456614987910536,0.05347382569800008,0.04623635948428029,0.20904824040352898,0.20904824040352898,0.22222222222222232,0.2214765100671141,0.1504467390722808,1.01010101010101,0.01605907260146644,0.2172475494009647,0.28042584079361244,-0.005381855458739038,0.06273963053328702,0.06769494430162815,0.07219375873311606,-0.019891500904159143,-0.1220472440944882,-0.03578383641674776,0.0714285714285714,0.0,-0.0059724349157733725
2010-12-31,0.19680786652736626,0.4552596891686973,0.31195207988306417,-0.10533906247937375,0.02123108810484653,0.2091988584554061,0.3023630418324448,0.3023630418324448,0.3262032085561497,0.32417582417582413,-0.26743942705668977,0.39265476317759007,-7.7698836204706,8.736778193206149,2.1324500993813165,0.20604655157605412,0.03017382748442099,-0.025682182985553803,0.0369244135534319,0.12546125461254598,0.09167912306925752,-0.14668013127997992,0.008547008547008517,-0.03738317757009346,0.6265598521029119
2011-03-31,0.00691308124217338,-0.024192611549530785,-0.001065181851683028,-0.03278026359957653,0.02254193969807572,-0.15857717645272573,-0.4208306535398011,-0.4208306535398011,-0.41532258064516125,-0.41493775933609967,-0.8964592359821613,0.26463475490384236,-1.1297190171982794,-1.195196476453348,-0.13288216329257307,0.15475003560746337,0.012098057943330298,-0.03542009884678743,0.028487641390867235,0.1131147540983608,0.08534915563669565,0.015384615384615552,-0.003389830508474523,-0.029126213592232997,0.008903201363894553
2011-06-30,0.018458391732199653,-0.0170319111132593,-0.00463285225406973,0.0792924660525196,0.0626482140797513,0.12495238247996054,0.2853268413522114,0.2853268413522114,0.29655172413793096,0.2907801418439717,12.33982219497241,-0.343906510851419,2.6399016203703702,-0.0022866750735602848,-0.15289537286589605,0.07641073080481031,-0.003145643284051536,-0.03330486763450047,0.07128309572301417,0.04712812960235646,0.029436501261564274,0.0434149184149184,-0.008503401360544172,-0.030000000000000027,-0.08927900863687566
2011-09-30,-0.0195798962874566,-0.040998243439761994,-0.01786310761913512,0.09061564148093182,-0.022657307625789436,0.0713364035588,0.13304977736425871,0.13304977736425871,0.1436170212765957,0.14835164835164827,-0.03352905353387947,0.9944020356234096,-0.15759767876306685,0.11714049781762426,-0.20163461216742762,-0.12002979259768531,0.004417797412433089,-0.018551236749116518,-0.013688212927756682,-0.17862165963431786,-0.15890522875816993,-0.0030717676626639268,-0.02572898799313883,0.010309278350515427,-0.12065766415833423
2011-12-31,-0.04006339533605152,-0.03255294137754883,-0.036375326213323844,-0.012051198558845733,-0.04670683382779539,0.07859740415295602,0.3825151035251335,0.3825151035251335,0.3906976744186048,0.3923444976076558,0.2271403264733507,-0.1968730427520935,-0.11159762196848166,-0.5946296575652437,-0.10238005432939767,-0.03229376912559412,0.04932453660069114,0.06210621062106192,-0.0435620663068621,-0.018835616438356073,-0.06605148130160265,-0.0070028011204483764,0.027288732394366022,0.030612244897959107,-0.020749076841920067
2012-03-31,-0.04085866227602408,-0.11118374109178564,-0.08146241010393462,-0.1384370429158932,0.033074863948321376,-0.17422419643407983,-0.4449948028255658,-0.4449948028255658,-0.4448160535117057,-0.44329896907216493,-0.7985099209424895,-0.4673329097105886,-0.11019289598912307,1.9550833581423044,-0.33704865429263886,0.15003700464240066,0.014670658682634619,0.041525423728813626,0.03426037887948419,0.20244328097731223,0.08008320332813312,0.07700987306064877,0.00428449014567267,0.03960396039603964,0.03160351948285145
2012-06-30,-0.027356782274232105,-0.04925672109207113,-0.019761647799031,-0.004600138175437141,-0.039653123462618955,0.06515315651849085,0.17920003057694878,0.17920003057694878,0.18674698795180733,0.191358024691358,3.3877482329182094,0.4195315041752521,0.01150769965381393,-0.73018171743757,-0.13717732022126616,-0.018194582577663487,0.025376217173207483,0.03824247355573629,-0.026500389711613392,-0.05079825834542806,-0.0428502648050072,-0.012572027239392325,0.0017064846416383617,0.03809523809523818,-0.04485059472004638
2012-09-30,0.0028113090610841773,-0.02626437903030976,-0.01365788676392965,0.06163647557753116,0.030026813802785712,0.014501572026520249,0.169826915597044,0.169826915597044,0.18781725888324874,0.18134715025906734,0.13892298250997248,-0.18159593567363153,0.3405834729860504,0.37179128162046116,-0.21809655254292626,-0.02836372303658674,0.021294964028776953,0.042319749216300995,0.04283426741393126,-0.001529051987767538,-0.04074446680080479,0.027055702917771818,0.024701873935264018,0.01834862385321112,-0.08279674401652293
2012-12-31,0.027163512264693157,0.031677209037135556,0.021390780747664095,0.01339785821575612,0.03629842504296921,0.13609643368887547,0.4495518335342117,0.4495518335342117,0.46581196581196593,0.4649122807017545,0.07502237104176901,0.4568961493582264,-0.2578768057890891,-0.8750680457267284,-0.03484730578700623,0.09407580031890106,0.021978021978022122,0.04812030075187956,0.04798464491362764,0.04900459418070424,0.07026743576297845,0.009039256198347223,0.032418952618453956,0.009009009009008917,0.018080667593880273
2013-03-31,-0.022099744970246582,-0.041601535402118084,-0.01534435865975392,-0.149965255377419,-0.032635855801184444,-0.2022525757197714,-0.49782573375512507,-0.49782573375512507,-0.4956268221574345,-0.49401197604790414,-0.7881245189123391,-0.3918754405074646,-0.8477698695136417,1.3129084967320264,-0.08350868222847141,0.17230941704035874,0.0030328094844223052,0.0057388809182208345,-0.028937728937728946,0.11824817518248176,0.11758941695247427,-0.010749936012285577,0.005636070853462183,0.0,0.12743950039032015
2013-06-30,0.030344256705524764,0.05602107757154329,0.04089393443242351,0.0642511420775882,0.01359622704699448,0.10360768413645016,0.31436510353227765,0.31436510353227765,0.323699421965318,0.32544378698224863,2.8425143629604595,-0.05715941418185655,2.5323774643497234,-4.180030613446368,0.2897574268579215,0.018217461987185546,0.013743815283122629,0.015691868758915817,0.02187853640135784,0.04830287206266304,0.010521701008329831,-0.016300129366106142,0.021617293835068052,0.0,-0.00773181005135315
2013-09-30,0.004958665289858555,-0.030273848037871698,-0.019632695194485517,0.05883589443368309,0.0450498211075796,0.022475288587820552,0.07622136630853427,0.07622136630853427,0.0873362445414847,0.0848214285714286,0.34985708003518035,0.12454601329831805,1.8998036663651807,-2.0365447274881516,-0.23287055907234422,0.052171871331298414,-0.007863340563991406,-0.002808988764045006,0.0538944259874492,0.029887920298879322,0.017787418655097698,0.03997895844292465,0.0015673981191222097,-0.008928571428571397,-0.08414258300866428
2013-12-31,0.004105846225028076,0.07670387277278756,-0.060636051016142,0.046779535228906655,0.10312136491584889,0.15644615556224073,0.48214622070338775,0.48214622070338775,0.5020080321285141,0.4897119341563785,-0.1162213009944374,0.38099970187816745,-0.5321374504568241,-1.701982496874442,0.21309448938431186,0.08671784343479438,-0.014211533205793936,0.014084507042253502,0.11453590192644492,0.03143893591293834,0.06990622335890873,0.09838138593829049,0.007042253521126751,0.009009009009008917,0.028571428571428692
2014-03-31,-0.008213416919861771,-0.0261294744892433,-0.005119205890782075,-0.09747282820620073,-0.012243169363842843,-0.1952961843060973,-0.4730397051614894,-0.4730397051614894,-0.47058823529411764,-0.46685082872928185,-0.6051625150903579,-0.39130747643376274,-0.6400383733597828,-0.8000203541624262,0.03512880562060894,0.000123208345311987,-0.017466038258940997,0.01041666666666674,-0.006599622878692646,-0.10316529894490023,-0.02788844621513953,-0.0039143449228644656,0.006993006993006867,0.0,0.07907407407407407
2014-06-30,0.0038793763585194263,-0.004175911830626711,0.019952407404503214,0.2576341087402665,-0.017204342986821164,0.10572244792697694,0.2751201529689411,0.2751201529689411,0.28787878787878785,0.2901554404145079,1.5237950752713267,0.36901525002955426,3.0614780016261633,-2.2193384223918575,-0.04138026320334354,-0.020655387647831813,-0.011286681715575675,0.015120274914089293,-0.006010756089844915,-0.014379084967320321,-0.043442622950819576,-0.021035598705501646,0.0030864197530864335,0.01785714285714257,-0.20816886905783416
2014-09-30,-0.016779259314553374,-0.015203274412559753,0.018458274055479285,0.0164011736762959,-0.06474946954657523,0.03328657729364659,0.1482532220150765,0.1482532220150765,0.1607843137254903,0.1606425702811245,0.17690415418192584,0.04835715210914904,-0.04093957492242506,-4.192612687813021,0.13781393002558273,0.09610465847624639,0.03339041095890405,0.03791469194312791,-0.05346912794398484,0.10344827586206895,0.06983718937446448,-0.048878394332939834,0.017692307692307674,0.01754385964912286,-0.031137118913451944
2014-12-31,-0.04666529059932478,-0.02690076433821509,0.024632205416701414,0.04302763626083905,-0.1523605908544774,0.10861230329041494,0.4256200291778436,0.4256200291778436,0.43918918918918903,0.44290657439446357,0.10539756877598006,0.23899345167003005,0.7374640504685035,-3.683051179815674,-0.3249756553269312,0.03236295474541895,0.0988677161005247,0.05153294194390101,-0.13987895090786817,0.09014423076923084,-0.011213456147376788,-0.11072492552135049,0.028722600151171562,0.01724137931034475,-0.06703452389829234
2015-03-31,-0.016646674398116623,-0.040709652355108705,0.015526767815806641,-0.06066814947929711,-0.07430151682543651,-0.23189060376124848,-0.4796570164724524,-0.4796570164724524,-0.4741784037558685,-0.47482014388489213,-0.5834624735203378,-0.09982050259274033,-0.7313665943600868,-0.7587214967842526,-0.11615823979920947,0.15040575091710817,0.0980145765267657,0.03411910669975171,-0.06880375293197805,0.33847850055126805,0.09518023491292005,-0.058626465661641536,0.020573108008816954,0.016949152542372836,0.02125959079283879
2015-06-30,0.061388950049729996,0.12003927103147816,0.1016855575672928,-0.09120703524995177,-0.017829906564504117,0.08653334602698148,0.23006772295443367,0.23006772295443367,0.2455357142857142,0.24657534246575352,0.7951566659840261,-0.19404748716812525,-0.763068972371298,-8.46668012924071,0.9813028304515719,0.06367970108870713,0.0988784618905929,0.016196760647870567,-0.008396305625524736,0.14168039538714972,0.04031065088757391,-0.07473309608540923,0.02159827213822907,-0.008333333333333304,0.2324307403349506
2015-09-30,-0.020698166717454725,-0.04859291042486613,0.016979298508766227,0.023941401801428785,-0.10378127049098895,0.03796363586384155,0.14575086710419427,0.14575086710419427,0.1577060931899641,0.15750915750915762,0.19823365561037742,0.10418766608631902,12.011744966442953,-1.3517241379310345,-0.17420249281690992,-0.054386336795566814,0.11226827744219947,0.017709563164108655,-0.09271803556308222,-0.04617604617604609,-0.07323142552435113,-0.08493589743589747,0.02114164904862581,0.0,-0.07080264160528316
2015-12-31,-0.017073394021852928,-0.006334106862141087,-0.01987876177247183,0.002884996166258036,-0.01005368788713945,0.11483992491980533,0.38813427712944937,0.38813427712944937,0.4024767801857585,0.40506329113924067,0.08728112280924472,0.15120331950207477,0.0732430689877499,-0.06143790849673203,-0.19799025134023795,0.00717327953373692,0.06254681647940075,0.0052204176334107455,0.0037330844610359293,0.11043872919818454,-0.015343306482546892,0.007355516637478354,0.01656314699792949,-0.008403361344537785,-0.009225722681610149
2016-03-31,0.008317128935810825,0.004501544363507914,0.0374902296756392,-0.08457858574724386,-0.06395650323796598,-0.19874394055245825,-0.4675843730492659,-0.4675843730492659,-0.4613686534216336,-0.45945945945945954,-0.7394959209585383,-0.408376585928489,-0.936433677760423,-1.4796001966246108,0.11839776714836137,0.025786143524848315,0.059746210786041365,0.0,-0.05625290562529062,0.021798365122615904,0.0038955979742889557,-0.07162726008344922,0.005431093007467913,-0.008474576271186418,0.09732376879569604
2016-06-30,0.01300759161056031,0.0387227861114412,0.052177031247905514,0.0850159326862363,-0.09454791076558944,0.127136011740421,0.21186466485976196,0.21186466485976196,0.22540983606557385,0.22083333333333344,2.2359943977591037,-0.05690264408431822,10.130419373892499,-0.6539972668261018,0.036629142366291445,0.13641435744839137,0.07982704141027774,0.009809578765147098,-0.08522167487684729,0.20399999999999996,0.11757857974388819,-0.10636704119850193,-0.004726536124240455,0.017094017094017033,-0.04268024388710778
2016-09-30,0.0772320755165401,0.050920845089196476,0.09598639304108514,0.05031398661496711,0.017389554477784896,0.06955938489460545,0.2732070161330853,0.2732070161330853,0.2842809364548493,0.2866894197952219,0.2025275914304263,7.18016795865633,-1.1956930130865324,6.772648728708961,0.27464543028103905,0.06786133158770413,0.07685199445556767,0.014285714285714235,0.02746365105008075,0.16722037652270205,0.05138888888888893,-0.055322715842414105,0.014925373134328401,0.0,0.0005909389363099038
2016-12-31,-0.02440499239074645,-0.05212757186857231,0.0066092673890691955,-0.0536909941064575,-0.13101253304083582,0.09084104162631923,0.3596494690719614,0.3596494690719614,0.37239583333333326,0.3687002652519895,0.10084075956292016,-0.42404188613982574,-4.345210977329428,-0.6017086416616382,0.0858190826165206,0.05698449592602994,0.11570366132723109,0.02084507042253536,-0.12106918238993702,0.028937381404174678,0.009247027741083214,-0.10958296362023068,0.024064171122994527,-0.008403361344537785,0.0016405275936741681
2017-03-31,0.017070053817259456,0.017931854270370584,0.01852256047635059,-0.04485502497808569,0.011286536396723168,-0.16222652138441795,-0.3288671466728603,-0.3288671466728603,-0.32258064516129026,-0.32558139534883723,-0.5579771269396002,-0.8532900058958222,-0.12539113798861845,-0.5041065305796986,0.03919356668389273,0.08914503890580439,0.1290860146135111,0.049116997792494343,0.015503875968992276,0.2392807745504839,0.03435863874345557,-0.005480817140009919,0.04699738903394235,0.0,0.0657101677148848
2017-06-30,0.020050241314405692,0.0009727615802994638,0.012539741211579747,0.049267412975219305,0.050169147804261405,0.09938156675362064,0.09856595937966395,0.09856595937966395,0.10364145658263313,0.10344827586206895,1.0381662450627966,1.7429906542056073,1.3823338585596443,-3.984241839524039,-0.11255177600019406,0.19258503250427106,0.07073115349682113,0.031036296685954756,0.05695830886670583,0.1741071428571428,0.10850996520088585,0.029559118236472948,0.03553615960099754,0.0,-0.04598266428966613
2017-09-30,0.11087835583531658,0.07968345931559195,0.11096615904203233,0.10792803778474847,0.11053886070934515,0.06906232024183967,0.033175822012207146,0.033175822012207146,0.04060913705583746,0.0390625,0.058645066701505266,3.7723339011925043,-1.1183130373886316,-2.225928121127216,0.15547992947640332,0.12223028408773806,0.0014844661223623046,-0.021938775510204067,0.11388888888888893,0.06178707224334601,0.05936073059360725,-0.00048661800486615725,-0.010234798314268545,-0.008474576271186418,-0.025517108061086424
2017-12-31,0.021066002349031887,0.020433545112126472,0.00922528751852103,0.057200187627039156,0.06686628497462865,0.11338310444061883,-0.2665459742734636,-0.2665459742734636,-0.2658536585365854,-0.2656641604010025,0.13185426922074894,-0.734229088728332,-11.014797763893457,-1.8965805203938115,-0.12064274984327505,0.07416985792675845,-0.18845950238221287,-0.1742305685967659,0.07132169576059844,-0.035511787526111505,0.059806034482758896,0.044790652385589214,-0.16058394160583933,-0.017094017094017144,-0.034781458705283375
2018-03-31,-0.014863097374112955,-0.07882108583989833,-0.0256501167276314,-0.0765449713124916,0.024607148077766317,-0.15064952424774847,0.2121180627728123,0.2121180627728123,0.2159468438538208,0.22184300341296925,-0.5362287237264522,-0.39657766077472734,-0.29283861434903957,1.4382567772930046,-0.33451478609427854,-0.02632919206728923,-0.05596868884540107,-0.029058749210360002,0.027932960893854553,-0.09127475247524752,0.12608032536858138,0.040074557315936676,-0.021739130434782594,-0.008695652173913104,-0.0024662601904501535
2018-06-30,0.018435794000335237,0.0818819200924763,0.03824494147071489,0.08154571804510091,-0.0504915764150321,0.09257423719887847,0.19467546943325043,0.19467546943325043,0.20491803278688514,0.20391061452513948,0.8310824930776866,0.24876463517784808,-0.8065154202613226,-2.6936949615987773,0.8513577701644282,-0.09927245637115822,-0.007324488667772244,-0.005204944697462577,-0.04347826086956508,-0.12359550561797761,-0.10541760722347615,-0.06765232974910396,0.001481481481481417,-0.00877192982456143,0.00034338300940861544
2018-09-30,-0.00021577536845984735,-0.03170315765762621,0.00013180095390330493,0.012560665604943066,-0.0015382188214877468,0.017797882536745302,0.13622743747084365,0.13622743747084365,0.1428571428571428,0.14385150812064973,0.06761296765219882,0.5715660760757193,6.009743220542356,-1.5429897555821985,-0.24969703586440306,0.03732446415373247,0.04705554782124444,0.04970568999345981,0.005208333333333259,0.08430458430458443,0.004289679535705027,-0.0009610764055743015,0.04289940828402372,0.008849557522123908,-0.04373197858025535
2018-12-31,0.023921437686889258,0.07654253890122376,0.0013499179930989147,0.05299877127155472,0.10994422655493175,0.11305361939780578,0.4305701404625235,0.4305701404625235,0.44047619047619047,0.4401622718052738,0.3266966874674293,0.005943199346701844,-0.22315950920245398,-1.8889423287132177,0.29583551597695124,-0.005411640965613307,0.2309533306741125,0.2467289719626169,0.12105511069241648,-0.010390541024722255,-0.06482412060301501,0.0836940836940836,0.23829787234042565,0.00877192982456143,0.02232751812764744
2019-03-31,0.00681597664926592,-0.07312259767081641,0.022754024085363422,-0.03604135974097056,-0.04798301198346622,-0.16929588726567169,-0.3829269369598093,-0.3829269369598093,-0.3801652892561983,-0.3774647887323943,-0.5024726547549503,-0.6046994091913589,0.2004565646594274,-2.269735871329497,-0.2898770422772444,0.05171590366377843,0.03553683300928934,0.023488255872063935,-0.04831932773109249,-0.061911658218682164,-0.16845781837721652,-0.054150022192631986,0.02978235967926679,-0.008695652173913104,-0.038412921348314755
2019-06-30,0.009163358550489553,0.01244295346323021,0.03943474218859566,-0.0010071133560463075,-0.10265064530485091,0.07640569164562039,0.1373373283842405,0.1373373283842405,0.1444444444444446,0.14479638009049767,0.28619869426590405,0.5791785510553338,-0.2607141021593403,-0.9604687197365872,-0.01613693864642629,0.23399286409341546,0.042974861792010044,0.01953125,-0.09580573951434868,0.2964106522578156,0.18416801292407103,-0.11121539183481932,0.02614015572858741,-0.00877192982456143,0.01343752282187971
