Quarter end,Assets,Liabilities,Shareholders equity,Revenue,Earnings,Earnings available for common stockholders,EPS basic,EPS diluted,Cash from operating activities,Cash from investing activities,Cash from financing activities,Cash change during period,Cash at end of period,Price,ROE,ROA,Book value of equity per share,P/B ratio,P/E ratio,Cumulative dividends per share,Equity to assets ratio,Net margin,Asset turnover
1996-03-31,0.029308067191547105,0.005402835119363347,0.04476128637863663,0.043713531496761826,0.07167293876154646,0.07167293876154646,0.0714285714285714,0.012345679012345512,-0.09529768012212514,0.1664199877792112,-1.3919630043055333,-2.2800542091836737,-0.15618434363084588,-0.022805805114029076,0.005825242718446644,0.006802721088435382,0.04476093591047814,0.03819444444444464,0.06610169491525442,1.0,0.01498189002304895,0.028253424657534332,0.0
1996-06-30,0.029308067191547105,0.005402835119363347,0.04476128637863663,0.043713531496761826,0.07167293876154646,0.07167293876154646,0.0714285714285714,0.012345679012345512,-0.09529768012212514,0.1664199877792112,-1.3919630043055333,-2.2800542091836737,-0.15618434363084588,-0.022805805114029076,0.005825242718446644,0.006802721088435382,0.04476093591047814,0.03819444444444464,0.06610169491525442,1.0,0.01498189002304895,0.028253424657534332,0.0
1996-09-30,0.07277148751256535,0.09351211463401032,0.059869075137581884,0.04062632014966727,0.050039904229848275,0.050039904229848275,0.05714285714285716,0.012345679012345512,0.9058532267433819,0.14635452439436092,-0.5553295362082995,-3.3809553465778164,0.4406980899355628,0.08734087694483739,0.005825242718446644,0.006802721088435382,0.05939629990262918,0.03819444444444464,0.06610169491525442,0.5,-0.012003244120032508,0.028253424657534332,0.0
1996-12-31,0.05544880136628483,0.04019486948968254,0.06523924148250737,0.049405301672325486,0.08073268982290793,0.08073268982290793,0.04504504504504481,0.012345679012345512,-0.43580048912530756,-0.42683781341078264,1.1143641354071363,-0.5032042060108289,0.15196588308716463,0.16975609756097554,0.005825242718446644,0.006802721088435382,0.06341911764705888,0.10702341137123739,0.06610169491525442,0.3333333333333335,0.009193892628468259,0.028253424657534332,0.0
1997-03-31,0.015505452647351925,-0.025523242233123078,0.041219809459672074,0.03036468773706713,0.01884775514796888,0.01884775514796888,0.0431034482758621,0.012345679012345512,0.3562672840697152,-0.003986463740897617,11.4167027260926,0.08102985310377497,0.14260809168258382,0.05810397553516822,0.005825242718446644,0.006802721088435382,0.03889369057908376,-0.006042296072507614,0.06610169491525442,0.25,0.025378233284528928,0.028253424657534332,0.0
1997-06-30,0.04101077068894399,-0.01440767450473246,0.0735173569661971,0.0281533563150016,0.11291346844110661,0.11291346844110661,-0.44628099173553715,0.012345679012345512,-0.5353698206613999,1.03630638963996,-0.9610733577278272,-4.243619715565946,-0.404833836858006,0.12322648449816076,0.005825242718446644,0.006802721088435382,0.0732113144758737,0.0820668693009119,0.06610169491525442,0.30000000000000004,0.03125495795652866,0.028253424657534332,0.0
1997-09-30,0.06272227129068986,0.3228220924548173,-0.0773477913214089,0.061461124416095636,0.04416051603299631,0.04416051603299631,0.07462686567164178,0.012345679012345512,1.32786985630307,-0.30353009006490617,2.522829006266786,-1.4562449322802486,0.310339192515499,0.23836257309941522,0.03957528957528966,0.006802721088435382,-0.04341085271317835,0.15168539325842678,0.16428192898781124,0.15384615384615374,-0.13184615384615384,0.020260893699694638,0.0
1997-12-31,0.048467164394315754,0.039634451838634455,0.05528682529283713,0.020846643583156466,0.027906147906147982,0.027906147906147982,0.06944444444444442,0.012345679012345512,-0.16281006953273647,0.17384324005669338,1.6836086404066073,-1.2852723383248312,-0.06756356493678584,0.15753683415187014,0.02878365831012064,0.006802721088435382,0.05834683954619124,0.21219512195121948,0.08329540282203007,0.13333333333333353,0.006556796030480205,0.014417845484222092,0.0
1998-03-31,0.04481551843287601,0.023152254168121944,0.06129345122553276,0.06772695642279136,0.08694697424991915,0.08694697424991915,0.07792207792207795,0.012345679012345512,0.38737313964327225,-0.6217637064976973,-2.1293560606060606,-13.574180895246885,0.9111146406299633,0.11374020887728453,0.03880866425992768,0.01726726726726735,0.05895865237366005,0.05231388329979891,0.036974789915966255,0.11764705882352944,0.01566901408450705,0.02091713596138378,0.0
1998-06-30,0.022040585009140745,0.007881855139799221,0.032423227657816245,-0.024347655001106694,0.012387423309621726,0.012387423309621726,0.0,0.012345679012345512,-0.47717510285735854,2.817419063223911,-3.282492034210968,-1.854128246768141,-0.4072015011875654,-0.08879120879120883,0.024761077324066072,-0.0014760147601476925,0.0390455531453362,-0.1395793499043978,-0.1515397082658022,0.1578947368421053,0.010227075749696724,0.0120830049908065,-0.02777777777777779
1998-09-30,0.04826885025154892,0.16059913840412698,-0.032145275257769335,0.011965079445102722,0.013443683569297926,0.013443683569297926,0.048192771084337505,0.04878048780487809,0.3479409726233107,-0.4497924205758942,0.018000808199551743,-0.9064708788965992,-0.06424644899465048,-0.17735970413249724,0.006782534972445964,-0.006651884700665245,0.0020876826722338038,-0.2088888888888889,-0.21680993314231145,0.09090909090909083,-0.07669869595058332,0.015572281339216287,-0.02857142857142847
1998-12-31,0.04106707856034686,0.04170668636867392,0.040518016675270996,0.032905170338018985,0.0333913692326826,0.0333913692326826,0.02298850574712641,0.0,0.3483444559896307,-0.15206660479629852,-0.5385226083504746,-6.747214884575629,0.3945890961850842,-0.29143862392494135,0.010526315789473717,-0.0037202380952381375,0.04513888888888884,-0.2921348314606742,-0.3219512195121951,0.08333333333333348,-0.0005575171901135434,0.013800153335037146,0.0
1999-03-31,0.03238638654586179,0.012550090428738558,0.04943401493730004,-0.008573151125401912,0.007060192149547673,0.007060192149547673,0.03370786516853941,0.058139534883721034,0.006522499046650587,0.891502625192329,-0.8098999061620269,-0.8997621950000999,0.028361576170848002,0.04496551724137943,-0.005833333333333246,-0.01867064973861088,0.04916943521594663,0.0,0.017086330935252025,0.1153846153846152,0.016548902937895127,0.013612301487269995,-0.02941176470588236
1999-06-30,-0.0098436591574671,-0.05950358807686784,0.031334872904096756,0.01323241455079116,0.12463900894261992,0.12463900894261992,0.13043478260869557,0.1208791208791209,-0.34617540037729,-0.32863156835449403,14.546277252159605,-7.980861244019139,-0.19252783505154636,0.14017951425554376,0.022632020117351104,0.0182648401826484,0.03103229892336934,0.08730158730158744,0.1069849690539344,0.10344827586206917,0.041521858423267055,0.03282765481223571,-0.030303030303030276
1999-09-30,-0.014595284151547538,0.007797750047479068,-0.03152833258524668,0.0018084991457643085,0.0883259248764765,0.0883259248764765,0.08653846153846145,0.08823529411764719,0.8839138045512163,-0.8100502135951435,3.3036011959886755,-0.3774560201050948,-0.14843489333306092,0.12294512618661724,0.0422131147540985,0.051569506726457215,0.0012285012285011554,0.0875912408759123,0.06150159744408934,0.0625,-0.017211099402880237,0.05417770286539847,0.0
1999-12-31,0.010273940282274685,-0.018298581473804032,0.032757094724648717,-0.00243227375660493,0.08974932673766767,0.08974932673766767,0.1150442477876108,0.09009009009009006,-0.42690991579837745,4.4480831196159665,-0.8673438018764679,-0.31226203036836553,-0.11987845833999677,0.12639175257731972,0.05780574125049154,0.07391613361762639,0.03006134969325136,0.12416107382550345,0.05417607223476306,0.0588235294117645,0.02233738384560402,0.07743261763362264,0.0
2000-03-31,0.06073393413784922,0.025515581103338958,0.08707655283900961,0.04563725607949576,-0.05017171868000603,-0.05017171868000603,-0.04761904761904767,-0.016528925619834767,0.9264589133764942,-0.2402925804777366,-0.6380700778642936,-7.77287886872999,0.9225115383217648,-0.16547684422478492,0.026022304832713727,0.045003309066843133,0.0863609291244789,-0.18805970149253726,-0.23411848679514624,0.08333333333333348,0.02482083551826597,0.04197583209667166,0.0
2000-06-30,0.031691788632329576,-0.02715262948882735,0.07321369745513917,0.04974097628774787,0.06982392705549434,0.06982392705549434,0.06666666666666665,0.0672268907563025,-0.5179669044454376,1.2304221413704899,-0.3352541938788577,-1.6157929465525562,-0.2954864442102577,0.06251370914674248,0.005434782608695565,0.024065864471184195,0.07072368421052655,-0.022058823529411797,-0.0037278657968313755,0.0512820512820511,0.04025243049633276,0.02197355035605275,0.0
2000-09-30,0.05444303613405266,0.003261880814210194,0.08718016781009519,0.031200303467997292,0.07532530509981417,0.07532530509981417,0.078125,0.07086614173228356,0.7807438981805921,0.22657691348790832,0.03486804083991535,-0.5253890319382026,-0.1990609068956265,0.12572254335260125,-0.02414414414414423,0.005565862708719838,0.08294930875576023,0.048872180451127845,0.06735266604303103,0.07317073170731714,0.03098868666994603,0.013537726458291877,0.0
2000-12-31,0.076914723778583,0.04758233857187544,0.09422845654018142,0.03384291060349898,-0.09589013016295989,-0.09589013016295989,-0.10144927536231874,-0.11764705882352955,-0.0005341844221004033,-0.40426730471041217,0.3855174981384959,-2.2732848092734868,0.3164550601319889,0.1920044012470199,-0.08197932053175772,-0.056580565805657956,0.09078014184397176,0.10035842293906794,0.13234005258545123,0.045454545454545414,0.016062340966921163,-0.04124926340601065,-0.03125
2001-03-31,0.05837941552410575,0.040710776588970266,0.06836392168063221,0.09645689495904697,0.19349158485803453,0.19349158485803453,0.19354838709677424,0.21666666666666679,0.435193829916785,0.76112535459783,0.22531237404272475,-0.40829937013708784,0.14223551116483235,-0.07415384615384613,-0.022123893805309658,0.0006518904823988869,0.06675335934113558,-0.14983713355048855,-0.07198142414860675,0.04347826086956519,0.00954766004069496,0.003073140749846326,0.0
2001-06-30,0.021526594686842593,-0.04073316524156578,0.05579877807739142,0.059485956958178265,0.02085813429244454,0.02085813429244454,0.020270270270270396,0.020547945205479534,-0.6969208432326433,-0.3977017347695646,-3.7171052631578947,-1.8827265408354952,-0.10992046695034197,0.14921900963775325,-0.02920608802961755,-0.007166123778501565,0.05363673303535155,0.07662835249042144,0.09007506255212672,0.0625,0.033488372093023244,-0.011233660130718914,0.0
2001-09-30,0.07581980724013504,0.08549877099696679,0.07097895898006379,0.0008629245780358286,-0.013807391234229471,-0.013807391234229471,-0.019867549668874163,-0.01342281879194629,2.8202942731825678,0.7074993107251171,-2.5371267150928167,-2.1014896635589784,0.13602858358571313,-0.056535569693464405,-0.047033898305084754,-0.03477690288713908,0.07096027767065172,-0.10320284697508897,-0.09410864575363431,0.03921568627450989,-0.004500450045004545,-0.024168560214831603,0.0
2001-12-31,0.017803604758057867,0.024761353315017498,0.014276570049931658,0.053399286714768346,0.01264843514139069,0.01264843514139069,0.020270270270270396,0.0,-0.5763123824413123,-0.3191885593106306,-1.7147282751378314,-0.7791526749160496,0.026444359987000787,-0.10528735632183905,-0.0040017785682524565,0.004078857919782353,0.02340655383507384,-0.16666666666666663,-0.12246621621621612,0.037735849056603765,-0.0034659433393610106,-0.0035986452159186832,0.0
2002-03-31,0.06827921625780697,0.11876068721413224,0.042424525368793375,0.04912244436188318,0.050831350968615574,0.050831350968615574,0.052980132450331174,0.0748299319727892,1.2441984490760758,0.6717368961973278,3.197876873347047,27.404915642574462,0.7317978878681206,0.12093182596779717,-0.026339285714285787,-0.02708192281652,0.04609429978888113,0.09523809523809512,0.06929740134744944,0.05454545454545445,-0.0241947678814457,-0.022094752496282122,0.0
2002-06-30,0.017518494135086105,-0.006188288307550249,0.0305493379478623,0.02201199250202368,0.010337673698333827,0.010337673698333827,0.025157232704402288,0.018987341772152,-0.6271842498512077,-1.744478809030635,-2.164556408214695,-0.183065438653096,0.34520828943617454,0.06815403422982902,-0.022925263640531712,-0.02783576896311768,0.050117726202489,0.021739130434782705,0.046804680468046866,0.034482758620689724,0.012862234619556823,-0.01585922224636105,0.0
2002-09-30,0.038958857155288795,0.059780744241541894,0.027921748092770038,0.018161449581200362,-0.11329386437029065,-0.11329386437029065,-0.09815950920245398,-0.08695652173913049,0.7993798093487998,-2.477672049089731,0.1368858433078617,-3.039898749629736,-0.5234802398354415,-0.23061516452074393,-0.038948850305021154,-0.04509663564781674,0.05989750160153773,-0.2680851063829788,-0.24591573516766996,0.050000000000000044,-0.010709914320685465,-0.04459161147902868,0.0
2002-12-31,0.0276449778758745,0.045253836489029586,0.01802171337008196,0.06342789005286509,-0.09284159134393355,-0.09284159134393355,-0.07482993197278909,-0.1020408163265305,-0.13168275122549022,0.01201079854185294,-1.0381740435009617,-0.5881307230956749,-0.4524585250783093,-0.23651915210115282,-0.0634765625,-0.0704647676161918,0.03384708371109091,-0.2790697674418604,-0.23603192702394526,0.031746031746031855,-0.009279307145066529,-0.07162661737523113,0.0
2003-03-31,0.023256594953156462,0.025819492932432908,0.021818500986100275,0.01749062787239475,0.02626947301051641,0.02626947301051641,0.04411764705882337,0.07575757575757569,0.9273601340772266,-0.7145545370362505,-25.134002770083104,-1.594042798688048,0.49088469246320776,0.011203117389186668,-0.0677789363920751,-0.07016129032258067,0.027185033615901855,-0.024193548387096753,0.035820895522387985,0.030769230769230882,-0.001404932875429088,-0.0726729716276755,0.0
2003-06-30,0.02943227431378226,-0.0015043749680192509,0.046859425758156714,0.08695960630275046,0.018900148820069518,0.018900148820069518,0.028169014084507005,0.028169014084507005,-0.7321662852784134,0.17110373666274792,-0.8149256086887904,-1.616333651061993,-0.20293236377417478,0.16498073217726383,-0.07158836689038017,-0.07198612315698183,0.049516220830961855,0.14049586776859502,0.1974063400576369,0.04477611940298498,0.016882913865874594,-0.08803005904455175,0.0
2003-09-30,0.028337522688609562,0.04665874057067887,0.018493666292384248,-0.030554679256366457,-0.26880516355188944,-0.26880516355188944,-0.26712328767123283,-0.273972602739726,1.894796798906388,0.4670190731539956,-1.0066669250746152,-3.5681937554712575,0.6538587263379989,0.08372958445317358,-0.10481927710843375,-0.10560747663551406,0.01816702819956606,0.02898550724637694,0.11311672683513829,0.028571428571428692,-0.009531129900076873,-0.10977045320776924,0.032258064516129004
2003-12-31,0.030650125787872406,0.038227915284311464,0.026466043291653696,-0.1980942164451257,-0.01204234797249093,-0.01204234797249093,-0.01869158878504673,-0.018867924528301883,-0.2576122780264647,0.717150281507146,-82.07558139534883,-1.696155069763214,-0.2752272972293096,0.023655093475772437,-0.08950201884253028,-0.08881922675026122,0.024766977363515297,0.007042253521126751,0.10270270270270254,0.05555555555555558,-0.004035387241967947,-0.031404958677686,-0.0625
2004-03-31,0.040896429454419625,0.04534481498336462,0.038412105448073275,0.16264601675799417,0.2523516555462484,0.2523516555462484,0.2571428571428571,0.2596153846153846,0.6253246753246753,0.0704683598577518,-0.08705629257798497,-1.332103802839889,0.12611406542461534,0.18337681699590025,-0.05247597930524761,-0.053899082568807266,0.03846153846153855,0.15384615384615374,0.25,0.05263157894736836,-0.0024933769674303496,-0.01774744027303743,-0.033333333333333326
2004-06-30,-0.01694876454426386,-0.06064725047572039,0.007618795921322974,-0.029583163833920234,0.18797905791363312,0.18797905791363312,0.18939393939393945,0.19083969465648853,-0.6901024892577886,-0.7984685342694908,0.19841332181289761,-0.11583448004717911,0.0990181293823682,0.10929133858267703,-0.0007800312012481436,0.002424242424242218,0.008508508508508372,0.06666666666666665,0.13411764705882367,0.04999999999999982,0.024996094360256293,0.057678943710910424,-0.06896551724137923
2004-09-30,0.0403552902538451,0.043824695455058515,0.038536916643928665,-0.030050924100022525,-0.13237425901478084,-0.13237425901478084,-0.1273885350318471,-0.1282051282051282,0.9005340980846137,-0.6180789375233819,2.3994232155731794,3.2394530598632647,0.38196158950346804,0.003549119818285096,0.030444964871194413,0.03506650544135437,0.04516129032258065,-0.005681818181818232,-0.016597510373444035,0.08333333333333348,-0.0016765736930345332,0.09559789750328518,-0.03703703703703709
2004-12-31,0.012913566872994942,0.029259838128842697,0.004302589964291226,0.030782489502191535,0.0033639394640072595,0.0033639394640072595,0.021897810218977964,0.007352941176470562,-0.35364882917678986,6.682870086935227,0.4918731321700569,-2.435507132368366,-0.39676108959004486,-0.08091667845522699,0.03560606060606042,0.03855140186915906,0.030626780626780592,-0.12,-0.13291139240506333,0.08791208791208782,-0.008549618320610741,0.028485757121439415,0.0
2005-03-31,0.009996879648301427,0.004356179471912247,0.013042159319380797,-0.04506154002644691,0.35305530776092775,0.35305530776092775,0.3642857142857143,0.386861313868613,1.5312329324580474,0.24460523379976418,-0.23040736145574858,-1.188402487921161,0.12391570752336789,0.00030783438510084693,0.07681053401609361,0.08098987626546683,0.011748445058742396,-0.025974025974025983,-0.058394160583941646,0.08080808080808088,0.003079765937788803,0.1151603498542273,-0.03846153846153855
2005-06-30,-0.01665999946000285,-0.058588737656317,0.00578224024169538,0.026097145291861912,-0.04206292957096469,-0.04206292957096469,-0.015706806282722474,-0.015789473684210464,-1.038982247719619,-3.8247624657464083,3.600775844696715,6.6601221640488655,0.8445557360927012,-0.05062317279581463,0.017663043478260754,0.02185223725286156,0.04212204007285969,-0.06666666666666676,-0.14125753660637375,0.14018691588785037,0.022720294749769776,0.03816993464052287,0.0
2005-09-30,0.00202852623899874,-0.0057139885398740375,0.005907455625394187,-0.04863869878188043,-0.18338810601237687,-0.18338810601237687,-0.17021276595744672,-0.17112299465240643,-21.158345995224657,-1.241728128669021,-0.6982008782079594,-1.0227386354287304,-0.010411203416891501,0.05818476499189629,0.006008010680907949,0.011201629327902252,0.017260214114048544,0.021428571428571352,0.007021063189568633,0.11475409836065587,0.003902731912338586,0.023167967766305697,-0.040000000000000036
2005-12-31,0.0011970139062118523,0.042528222972658014,-0.019270318496294014,-0.012819932773198706,-0.10016013260103107,-0.10016013260103107,-0.07692307692307698,-0.07741935483870976,-0.48602609037412714,0.14126714737128343,0.4514470931146668,39.706930141942664,-0.4282669040396351,-0.04686782049318439,-0.011280690112806968,-0.009063444108761365,0.022551546391752497,-0.0629370629370628,-0.07370517928286835,0.11029411764705865,-0.020484449760765466,0.010829436377061352,0.0
2006-03-31,-0.005245873068778328,-0.029109050158858785,0.007315869778430351,-0.005106139769118334,0.2757705606418932,0.2757705606418932,0.3125,0.30769230769230793,1.1068768658670716,-1.0296101548699832,0.6115157070244146,-1.0775263229864624,0.058072479206785044,0.08259681825486109,-0.029530201342281792,-0.025406504065040636,0.009871875656374707,0.05970149253731338,0.07311827956989236,0.16556291390728473,0.012669821401312786,-0.019478938397857304,0.0
2006-06-30,-0.0033136112638748605,-0.0072218056910065,-0.0013307032300597932,-0.01497973075505643,-0.08328999773635237,-0.08328999773635237,-0.07407407407407407,-0.06951871657754016,-0.5557218358001919,-26.334350721420645,-0.4922026080931551,-9.8326131052121,-0.48477939930782443,-0.0014843402107764803,-0.0387275242047026,-0.03858185610010423,0.01705490848585689,-0.014084507042253502,0.0030060120240480437,0.14204545454545436,0.001959602050045195,-0.019865905140302953,-0.04166666666666663
2006-09-30,0.033621163137435905,0.08601257074771951,0.0071960406143949385,0.01621165104097888,-0.13254893585782068,-0.13254893585782068,-0.10857142857142854,-0.1091954022988505,0.33033046475452954,-1.690783637259734,-0.6845744193387437,-2.50741365710463,1.4183498994757708,-0.11357217184480439,-0.01942446043165469,-0.02819956616052066,0.039877300613496924,-0.12857142857142856,-0.09590409590409577,0.12437810945273631,-0.025575447570332366,-0.017228274638966257,0.0
2006-12-31,0.0163442787887067,0.013377683063547474,0.01795765686735895,-0.0058500745810063925,-0.06546492483343336,-0.06546492483343336,-0.044871794871794934,-0.032258064516129115,-0.25713973266485524,-1.2728469051243023,0.12263937760273746,-0.7593990938717113,0.14111120607270777,0.0038571188998826056,-0.019075568598679316,-0.021205357142857095,0.01730580137659765,-0.032786885245901676,0.0033149171270716593,0.11061946902654873,0.0016983171221243154,-0.00902294405774684,0.0
2007-03-31,0.003929370698121382,-0.05740835172848502,0.03713770203383393,0.006551645263536354,-0.23961669232479066,-0.23961669232479066,-0.24161073825503365,-0.2533333333333333,1.0268375816734423,3.8617583822418498,2.8537209569818267,-2.065273648276621,-0.1317330410093348,0.026227865018376262,-0.13911742707554242,-0.1368301026225769,0.03692248211869331,0.008474576271186418,0.01541850220264318,0.09960159362549792,0.03298397040690504,-0.1261706555671177,0.0
2007-06-30,0.022747300189990716,0.09445032874540327,-0.012533958669628142,-0.0016313081305695531,-0.16941849008802223,-0.16941849008802223,-0.1681415929203539,-0.1696428571428572,-0.699013341676537,1.2585518609710036,-1.4733354723654462,0.8518154800361804,-0.28095654458267827,-0.022790167670519224,-0.15899218071242394,-0.1638044914134743,0.0007457121551082135,-0.05882352941176461,0.10195227765726678,0.0905797101449275,-0.03446732318710832,-0.1515331944030962,-0.0434782608695653
2007-09-30,0.005807109878102512,0.16953280804889692,-0.08348175686180381,0.5050983771362918,-5.855230398227205,-5.855230398227205,-5.904255319148937,-5.956989247311828,-0.6053124941993206,-2.3697688448593386,-1.720186017182943,-4.271393881880094,1.2782530931854494,-0.2901882392137265,-1.197314049586777,-1.1927330173775672,-0.08159463487332341,-0.2946428571428572,-0.17814960629921262,0.0830564784053156,-0.08870344614433623,0.0,0.13636363636363646
2007-12-31,0.12838871845401023,0.8253149120434369,-0.3566077125443421,-0.2814975514907101,2.9375813826117074,2.9375813826117074,2.8850325379609543,2.8850325379609543,16.77016413488219,-2.931628785683654,-0.852489876327022,-1.5497472431371713,-0.30844514865893413,-0.37925369631541894,21.591623036649217,18.557377049180328,-0.355578093306288,-0.31645569620253167,0.0,0.00920245398773023,-0.4298795997965067,0.0,-0.040000000000000036
2008-03-31,0.12337888286978793,0.10926474682439613,0.1512444576526697,0.062117092849894195,-0.9765489112091895,-0.9765489112091895,-0.977107761027359,-0.977107761027359,-0.309572393058566,-0.44954467905523654,-121.58895978631844,-7.194740395285135,2.7629588866623056,-0.3890359168241966,0.18864426419466973,0.003352891869237151,-0.2477179729304375,-0.05555555555555558,0.0,0.00911854103343468,0.024985127900059467,0.0,-0.04166666666666663
2008-06-30,0.011788454082110045,0.039163105802972886,-0.04028662852229681,0.0015523444411678078,1.8463976274931673,1.8463976274931673,0.9268292682926831,0.9268292682926831,1.284437817200509,1.332332903366459,-0.9761791376104567,-1.033295336398141,-0.02444715670737818,-0.3948019801980198,0.23201403782413732,0.02965747702589816,-0.041004184100418284,-0.1960784313725491,0.0,0.006024096385542244,-0.051654091700522486,0.0,0.0
2008-09-30,0.020812867193336304,0.07118898354489511,-0.08295149522152889,0.08738778846402995,0.1570496123555909,0.1570496123555909,0.1518987341772151,0.1518987341772151,-0.9393611933786947,-1.1471943143171837,-6.333712160347143,-2.0297592174567347,0.025805557467357687,-0.1820040899795501,-0.02152239278366841,-0.18539553752535498,-0.08289703315881336,-0.14634146341463417,0.0,0.008982035928143839,-0.10159118727050165,0.0,-0.13043478260869568
2008-12-31,0.025656293193717206,0.07765516288325758,-0.09945347873756094,-0.10862765146263686,1.4131486484100502,1.4131486484100502,1.3846153846153846,1.3846153846153846,12.059355802756102,-5.896531651196511,-1.0,-0.6602243250155273,0.008547527007428002,-0.34375,-0.690603267022481,-0.7096613545816733,-0.09895337773548996,-0.2857142857142857,0.0,0.0,-0.12193460490463237,0.0,-0.050000000000000044
2009-03-31,0.016319045035032342,0.028226448358618095,-0.017964684014869836,0.05759126677456816,-0.3248142470925234,-0.3248142470925234,-0.31336405529953915,-0.31336405529953915,-0.08957725468757616,-0.3626153437129166,-inf,11.404623655913978,0.10513025204723458,-0.5085714285714286,0.3732357553580763,0.26758147512864494,-0.019007391763463777,-0.43999999999999995,0.0,0.0,-0.03374709076803717,0.0,0.0
2009-06-30,-0.011856717745934664,0.0281121174199237,-0.1323475893824252,0.04434446119342628,0.8413253142609449,0.8413253142609449,0.8389261744966445,0.8389261744966445,-0.9990760221940865,-1.093034770193876,10.962619709607662,-2.772726090687655,-0.16863816765440998,0.3992248062015502,0.4857251617814997,0.3437077131258459,-0.13240043057050577,0.357142857142857,0.0,0.0,-0.1220393416298674,0.0,0.0
2009-09-30,0.028080805211087467,0.08700461622590905,-0.18240275576360843,-0.09053163821669508,0.5235864463636766,0.5235864463636766,0.521897810218978,0.521897810218978,-32.727959697733,-4.269920536560472,-0.8443431552307414,-0.3229180419252152,-0.1373431595235025,0.8282548476454292,0.6131181142710738,0.4239677744209467,-0.18238213399503733,1.1578947368421053,0.0,0.0,-0.20484682213077277,0.0,-0.052631578947368474
2009-12-31,-0.008076370919453457,0.03446779768357322,-0.21012660837632136,-0.018904671006950702,-0.45899707977318027,-0.45899707977318027,-0.47961630695443647,-0.47961630695443647,5.9475230231819625,-5.5699332270614335,-0.822286741324485,-3.282238495536875,0.3633540372670807,-0.1454545454545455,0.1518424396442184,-0.0007072135785006761,-0.21320182094081952,0.04878048780487809,0.0,0.0,-0.20356526739505454,0.0,0.0
2010-03-31,-0.016375493265453178,-0.0011571448355298664,-0.11103109902570363,-0.08569920818301302,-0.46417887003148717,-0.46417887003148717,-0.4470046082949308,-0.4470046082949308,1.251705499880015,-1.4160627385932603,-1.0,-2.163279190676451,-0.31003112826684454,0.519503546099291,0.15940430226144509,-0.02406227883934897,-0.44262295081967207,0.9302325581395348,0.0,0.0,-0.09602888086642603,0.0,0.0
2010-06-30,0.10104117468434115,0.014815514139514763,0.7036367593185913,0.09597594195862658,-1.163574098380316,-1.163574098380316,-1.1166666666666667,-1.1083333333333334,-1.0672827570807262,-3.6818610868456383,inf,-5.291012904770195,1.928126944236991,0.20653442240373399,-0.2777117031398668,-0.30094271211022483,0.7024221453287196,1.1566265060240966,0.0,0.0,0.5471246006389776,0.0,-0.05555555555555547
2010-09-30,-0.01947228743192253,-0.025454202733758424,0.005430030318345214,-0.059135484982343,-3.098814712231681,-3.098814712231681,-2.8571428571428568,-3.0,-21.336174385276813,-0.9122261644772941,-1.0000009035464197,-1.1454675123379896,-0.09578813876291548,-0.22243713733075443,-0.5307096986662276,-0.5114107883817427,0.005081300813008172,-0.5418994413407822,0.0,0.0,0.025296850800206494,0.0,-0.05882352941176472
2010-12-31,-0.06539866821711904,-0.04232382119515932,-0.15850704204049015,-0.0555809847642712,2.622632355224344,2.622632355224344,2.576923076923077,2.576923076923077,0.5652648015518309,-11.931857238923065,999.0,2.756300470220119,-0.3979255814941224,0.17910447761194037,-0.24736842105263157,-0.20382165605095548,-0.16076845298281095,0.1707317073170731,0.0,0.0,-0.09969788519637468,0.0,0.0
2011-03-31,-0.052034350578263,-0.05543964730258788,-0.03639664360970729,-0.02205082046666207,-0.8196735362972566,-0.8196735362972566,-0.8172043010752688,-0.8172043010752688,-0.002580434195373682,-1.5219866719826851,-1.0,-0.7774573146608782,-0.1470838566610998,0.030590717299578074,-0.36223776223776216,-0.31199999999999994,-0.03614457831325313,0.22916666666666674,0.0,0.0,0.016778523489932917,0.0,0.0
2011-06-30,-0.0653523767932358,-0.0666866491750654,-0.05934625665373594,0.03934717781560004,3.5076498024419953,3.5076498024419953,3.4117647058823524,3.4117647058823524,0.32213202576181965,1.3330496305316593,-inf,-0.6154415597956417,-0.0663164121567803,-0.22927328556806548,0.8282163742690056,0.8023255813953489,-0.06000000000000005,-0.2033898305084746,0.0,0.0,0.006050605060506253,0.0,0.0
2011-09-30,-0.06317408439640637,-0.058961863441034046,-0.08198709728593523,-0.08130090161768033,0.08879471700102815,0.08879471700102815,0.09333333333333327,0.09333333333333327,-0.21201051517530978,-0.35645761151811306,0.49527709633178163,1.3310739365019115,-0.16556835951040283,-0.44090305444887123,0.39064374250299894,0.350537634408602,-0.08244680851063824,-0.4042553191489361,0.0,0.0,-0.019682886823400914,0.0,0.0625
2011-12-31,-0.06854940357954242,-0.053324553454458745,-0.13825355966374453,0.3257149975234972,-0.18105384219605947,-0.18105384219605947,-0.1707317073170731,-0.1707317073170731,0.06683784110421187,0.8796199933719775,-0.35998398119081765,-1.7512765041813507,0.14906867417327674,-0.3467933491686461,-0.02070155261644624,-0.03503184713375784,-0.13913043478260867,-0.2857142857142857,0.0,0.0,-0.07473508087005021,0.0,0.11764705882352944
2012-03-31,-0.05600098666478204,-0.05629334412064957,-0.05453056654537247,-0.15057831271393096,-0.8554629177938415,-0.8554629177938415,-0.8529411764705882,-0.8529411764705882,-0.09454953510740627,-0.48896807500409845,-1.0,-1.7213918024538453,-0.09358615543899929,0.570909090909091,0.0593071051086318,0.03630363036303619,-0.05723905723905731,0.825,0.0,0.0,0.0012055455093429313,0.0,0.05263157894736836
2012-06-30,-0.07244124217533643,-0.0403391425003371,-0.23359863267441527,-0.15432084133342816,13.006187675786244,13.006187675786244,12.6,12.6,0.016236441108081534,-0.563772993323689,-inf,2.642558990482118,-0.3760898996904519,-0.1527777777777778,0.4362527716186253,0.3471337579617835,-0.23392857142857137,-0.1095890410958904,0.0,0.0,-0.17399157134256482,0.0,0.04999999999999982
2012-09-30,-0.049021022891649446,-0.02026979060291345,-0.22975290092628997,-0.0463141175371391,-0.09839315640163426,-0.09839315640163426,-0.10294117647058831,-0.10294117647058831,-0.26035034251428013,2.369476685699221,-1.0,-1.4927193403660508,0.2970087632847669,-0.46448087431693996,0.3498649170204555,0.21158392434988182,-0.22843822843822847,-0.29230769230769227,0.0,0.0,-0.18950437317784252,0.0,0.04761904761904767
2012-12-31,-0.07232051177505328,0.006828419255580531,-0.7051690479897481,0.21276602692844016,0.5659183128021965,0.5659183128021965,0.5655737704918034,0.5655737704918034,0.2439088733535586,0.42750163175634626,inf,0.7770105046664155,0.4069268514411202,0.061224489795918435,0.0,0.46341463414634143,-0.7069486404833837,0.3695652173913042,0.0,0.0,-0.6825539568345323,0.0,0.0
2013-03-31,0.16758516368980336,0.06572563908398577,2.9488270539250534,-0.2751607552534925,-0.8113997998401825,-0.8113997998401825,-0.837696335078534,-0.837696335078534,-0.3644963870752731,-1.4158638624893445,inf,1.0462383209800117,0.5918355431212747,1.057692307692308,0.0,0.07133333333333347,1.3711340206185567,6.0,0.0,0.0,2.3852691218130313,0.0,-0.045454545454545525
2013-06-30,-0.07144275069301709,-0.06420813371080136,-0.12475536273181065,-0.019781934357412156,-1.169683257918552,-1.169683257918552,-1.129032258064516,-1.129032258064516,0.020662749444795292,1.7403006402652625,-1.0151174173410484,-2.750036584263012,-0.6506538045372017,0.30140186915887845,0.0,-0.28438083385189794,-0.12173913043478257,-0.4512471655328798,0.0,0.0,-0.057740585774058495,0.0,-0.04761904761904756
2013-09-30,-0.030772664839142427,-0.03885228211635938,0.03288563192891636,-0.03566664140074283,-0.02109090909090905,-0.02109090909090905,0.0,0.0,-0.28380755906737765,-1.0895253380046022,-0.9925682682336675,-0.893461336820921,-0.19842719751375415,0.2603231597845601,0.05503931379556826,-0.3686956521739131,0.02970297029702973,0.43801652892561993,0.0,0.0,0.06571936056838346,0.0,-0.050000000000000044
2013-12-31,-0.043729635215341345,-0.057743808701226085,0.05901747538567892,-0.009856592087215899,-1.1161466072313027,-1.1161466072313027,-1.25,-1.25,0.5158671065289109,1.1706865350901996,-1.0,0.10568460412367497,-0.2737092584102866,0.08974358974358987,-0.9070460704607046,-0.8856749311294766,0.05769230769230771,0.05747126436781613,0.0,0.0,0.10749999999999993,0.0,-0.10526315789473684
2014-03-31,-0.02435020593102788,-0.047885338074950656,0.12917675122021977,-0.0669164605999023,-43.631130063965884,-43.631130063965884,-19.0,-16.0,-0.4301955792983525,-0.05632518546018228,-inf,-0.7144235830847517,-0.1076220648527767,0.13594771241830061,-2.631195335276968,-2.746987951807229,0.1272727272727272,0.07336956521739135,0.0,0.0,0.15726109857035375,-0.7101754385964911,0.0588235294117645
2014-06-30,-0.01570925499474385,-0.03822238272768952,0.10812225308219792,-0.01636024876426101,-0.24107232169650894,-0.24107232169650894,-0.2777777777777777,-0.19999999999999996,-0.2233541185575767,0.16739711089178622,-1.0,-2.2767211283340316,0.153974407771307,-0.013808975834292192,0.2904378909740841,0.4344827586206894,0.1088709677419355,-0.1240506329113924,3.6646706586826356,0.0,0.1261378413524057,0.446731234866828,-0.05555555555555547
2014-09-30,-0.007392626038641104,-0.02083381581098176,0.05677559936239751,0.016775069625836858,0.5820262730108519,0.5820262730108519,0.6153846153846152,0.5,-0.5195090334602609,-1.2327675398922806,inf,-3.1586419618051758,-0.28802685347343837,-0.028004667444574083,0.39335180055401664,0.5528846153846156,0.058181818181818334,-0.12427745664739887,-0.2870346598202824,0.0,0.06466512702078542,0.5456066945606695,0.0588235294117645
2014-12-31,-0.013661516378874139,-0.028781341348880662,0.053219476124114706,0.02232524509282685,0.03347820653456823,0.03347820653456823,0.04761904761904767,0.05555555555555558,0.1519719426037398,-1.5658987579690635,inf,-0.5334319706520196,-0.18874886234124022,0.016806722689075793,0.32007952286282304,0.45510835913312686,0.05154639175257736,-0.03960396039603953,-0.306805905653583,0.0,0.06778741865509752,0.44829453167298317,0.0
2015-03-31,0.003094693676973792,-0.03129401344971816,0.14336635152950672,0.12419081060391735,0.7879830171440856,0.7879830171440856,0.7727272727272727,0.6842105263157894,-0.5656323185011709,1.9120736086175945,inf,-1.7545829713292789,0.17556422514427794,0.06021251475796929,0.18298192771084332,0.30000000000000004,0.1405228758169934,0.0068728522336769515,-0.27116883116883117,0.0,0.13966480446927365,0.24373831775700916,0.0
2015-06-30,-0.0068051909504400765,-0.02164273308516218,0.04447181078983764,-0.10023869881390746,-0.14594667708677744,-0.14594667708677744,-0.15384615384615385,-0.12499999999999989,0.018162825178595465,-0.8407854379556419,-1.026535253980288,-1.5743933680665496,-0.0724476943380491,0.1703786191536747,0.12603437301082132,0.21767594108019628,0.04584527220630363,0.027303754266211566,-0.07483962936564492,0.0,0.051693404634581164,0.1950706342049895,0.05555555555555558
2015-09-30,0.14511142258245147,-0.03713785063632313,0.7350777366096954,0.10851029700282555,6.239973956042022,6.239973956042022,6.333333333333333,5.357142857142857,-7.451166639086546,-3.487996127783156,5.5,-9.457328990228014,0.7821569263567687,-0.011417697431018059,1.305822498586772,1.8212365591397854,0.7342465753424658,-0.0531561461794019,-0.174884437596302,0.0,0.5152542372881355,1.8118712273641853,0.0
2015-12-31,-0.02140509141749125,-0.05602245395997696,0.0407820456789072,-0.04298525848666657,-0.875532902636197,-0.875532902636197,-0.871900826446281,-0.8764044943820225,-0.9127599757851859,4.6989222209252555,161.53406593406592,-2.2053138665370984,-0.5289907836977552,-0.09624639076034647,-0.15592056876685456,-0.0038113387327298742,0.03949447077409163,-0.48070175438596496,-0.6591970121381887,0.0,0.0634787472035796,0.007245080500894341,0.0
2016-03-31,-0.018052757483784876,-0.05857185791862285,0.047966138077222276,0.002531733908175182,-0.3244253939737155,-0.3244253939737155,-0.35483870967741926,-0.22727272727272718,-4.324316377536019,-2.42902203894366,0.1358295133395535,-1.3381149958705314,0.37973719081272095,-0.23535676251331206,-0.19198373511472555,-0.07460545193687229,0.045592705167173175,-0.2635135135135135,-0.24383561643835616,0.0,0.06731527741256893,-0.043868217742651705,-0.052631578947368474
2016-06-30,-0.004956695383987575,-0.057404306234045244,0.07181022096535838,0.019162422315810668,0.5785434521830874,0.5785434521830874,0.5999999999999999,0.5294117647058822,-1.877180258269945,-0.7528164505556458,-0.40179528084002003,-0.25737881299252663,0.2043873900551425,-0.07938718662952637,-0.14126527677929546,-0.02532299741602073,0.07122093023255816,-0.11926605504587162,-0.021739130434782483,0.0,0.07711258930771114,-0.023311971765579975,0.0
2016-09-30,0.022326854298837295,0.01758772598617986,0.02842719949483996,0.039144854174413934,-0.4816198350134132,-0.4816198350134132,-0.5,-0.46153846153846145,-0.2221348337265816,-5.156986296074376,-3.990507084859099,-1.513568016289451,-0.08715370762923047,0.03479576399394846,-0.7080368354960234,-0.6924708377518558,0.028493894165535938,-0.03124999999999989,0.040740740740740744,0.0,0.005946935041171164,-0.695511601369342,0.0
2016-12-31,-0.023585704801713736,-0.031697249518992554,-0.013254337168936758,-0.026766477998904525,0.8984598537567559,0.8984598537567559,1.0,1.0,3.8748833350617025,-0.3520016738736226,-2.118023251944871,3.549311882886661,-0.43434409611891844,0.3464912280701755,-0.016487455197132794,0.020689655172413834,-0.014511873350923521,0.31182795698924726,3.1494661921708182,0.0,0.010686675761709896,0.006870705808869504,0.0
2017-03-31,0.02953320141898308,0.022183598074763777,0.03871915167750695,-0.021161638901395774,-0.16456873854512644,-0.16456873854512644,-0.1875,-0.14285714285714302,-0.5880053607326334,-1.3762781186094069,-1.8437697170271783,-3.2765203254757695,1.7480471012161378,0.1422366992399564,0.028425655976676456,0.0557432432432432,-0.04417670682730923,0.15573770491803285,0.061749571183533414,0.0,0.008773903262092375,0.05769230769230771,0.0
2017-06-30,-0.0514440653345728,-0.19999342823897992,0.1312656962279195,0.00932229377491578,0.3209871043898527,0.3209871043898527,0.23076923076923084,0.29166666666666674,-0.3792742903613058,-1.8966628527841343,-3.1179640929773202,-2.1012353495494436,-0.70050155242417,0.009505703422053147,-0.01984408221119771,0.03200000000000003,0.13165266106442575,0.05673758865248235,-0.06785137318255263,0.0,0.19268510258697602,0.026099706744867834,0.0
2017-09-30,0.013517451619308618,-0.022796760363393953,0.045103588875151424,0.026766725405602543,0.011844345905481335,0.011844345905481335,0.0,0.032258064516129004,1.7200698733545448,-0.8309691414474384,-0.9998034853046976,-1.410451053929925,0.9600103199174406,0.09604519774011311,0.11352133044107005,0.17984496124031013,0.04579207920792072,-0.033557046979865834,0.03986135181975747,0.0,0.031226626776364785,0.17404972849385536,0.05555555555555558
2017-12-31,-0.00993134442168142,-0.031718347547392334,0.007787808184211098,0.004223997632786025,-0.7724345355628317,-0.7724345355628317,-0.75,-0.75,0.1490902140672783,36.88525415198792,-0.3389830508474576,-2.2284902233840693,-0.601712797316325,0.19845360824742264,-0.22532467532467526,-0.1800262812089357,0.007100591715976323,0.14583333333333326,0.010833333333333472,0.0,0.01795104261106073,-0.18768257059396298,0.0
2018-03-31,-0.0005616159020581657,-0.032468104113107965,0.024370380843270922,-0.021112183335666,4.258731785897342,4.258731785897342,3.875,3.75,-0.1086819116306611,-0.8397406944924148,206.0,-1.5146635730858469,0.7775285174910618,0.011469534050179142,0.09807208717518856,0.16666666666666674,0.02232667450058745,0.0060606060606061,0.22423742786479783,0.0,0.02493765586034913,0.14623913694935564,0.0
2018-06-30,-0.004331466222771696,-0.04478058148213371,0.02552204104532918,0.06106784061406478,0.30059803532516005,0.30059803532516005,0.3076923076923077,0.2894736842105263,-0.039853395637699074,-0.7065235411140584,11.394277220364177,-0.8144441439004598,0.08116605066257998,-0.18355776045357897,0.13740458015267176,0.16620879120879128,0.0517241379310347,-0.20481927710843362,-0.28821548821548815,0.0,0.029892248870351024,0.14640522875816986,0.0
2018-09-30,0.011640166980924294,-0.04853255351622221,0.05300622383161713,0.029946808510638245,-0.026304238440373884,-0.026304238440373884,-0.019607843137254943,0.0,-0.05965310549107106,2.2335122157887306,-0.999420341998221,4.2133138969873665,0.3913775313454302,0.04340277777777768,0.09865771812080548,0.1307420494699647,0.05464480874316946,-0.007575757575757569,-0.10501419110690624,0.0,0.04083698953763082,0.10900798175598636,0.05263157894736836
2018-12-31,0.003658052842547832,-0.0330627239539818,0.026467740220677216,-0.016567680628001846,-0.13278724573941725,-0.13278724573941725,-0.14,-0.1428571428571429,0.33083651636159206,3.576441814251086,1091.4137931034484,-2.490739384578512,-0.41932680891545593,-0.05241264559068215,0.20219914477703105,0.23854166666666665,0.04352331606217619,-0.0992366412213741,-0.16384778012684997,0.0,0.022859922178988246,0.22619782027555013,0.0
2019-03-31,0.03386785942870141,-0.020037587473895613,0.06541014229634579,0.021065493132796265,-0.036799665284698135,-0.036799665284698135,0.0,0.0,0.02429645275517167,-0.8085833305498428,-0.7270833333333333,-1.9599406925749605,0.6932106967324141,0.04477611940298498,-0.028963414634146423,0.000841042893187538,0.06454816285998022,0.0,-0.1542351453855878,0.0,0.030432715168806412,-0.010397450947509768,0.0
