Quarter end,Assets,Current Assets,Liabilities,Current Liabilities,Shareholders equity,Revenue,Earnings,Earnings available for common stockholders,EPS basic,EPS diluted,Cash from operating activities,Cash from investing activities,Cash from financing activities,Cash change during period,Cash at end of period,Price,ROE,ROA,Book value of equity per share,P/B ratio,P/E ratio,Cumulative dividends per share,Equity to assets ratio,Net margin,Asset turnover,Current ratio
1993-12-31,-0.05076798040442099,-0.25763941940412527,-0.09311117376992906,-0.469755285318484,0.015745055749196046,0.10163871631893318,-0.4799809908518474,-0.4799809908518474,-0.47058823529411775,-0.2558139534883721,-0.7494631782248293,-0.1094198801311772,-0.19399647092617667,0.6639465112292131,-0.3306089598258819,-0.01807228915662651,-2.533333333333333,-0.11475409836065575,0.014423076923076872,0.03833865814696491,0.0,inf,0.06992287917737783,0.0,0.05405405405405417,0.4000456933973042
1994-03-31,-0.05076798040442099,-0.25763941940412527,-0.09311117376992906,-0.469755285318484,0.015745055749196046,0.10163871631893318,-0.4799809908518474,-0.4799809908518474,-0.47058823529411775,-0.2558139534883721,-0.7494631782248293,-0.1094198801311772,-0.19399647092617667,0.6639465112292131,-0.3306089598258819,-0.01807228915662651,-2.533333333333333,-0.11475409836065575,0.014423076923076872,0.03833865814696491,0.0,inf,0.06992287917737783,0.0,0.05405405405405417,0.4000456933973042
1994-06-30,-0.07016441501870241,-0.4470579587636444,-0.124945294295568,-0.04742538706065558,0.006663933474416517,0.10163871631893318,-0.4799809908518474,-0.4799809908518474,-0.47058823529411775,-0.2558139534883721,-0.7494631782248293,-0.1094198801311772,-0.19399647092617667,0.6639465112292131,-0.8218150412355422,0.05061349693251538,-2.533333333333333,-0.11475409836065575,0.004739336492891155,0.03833865814696491,0.0,1.0,0.08265257087938482,0.0,0.05405405405405417,-0.4195088120104439
1994-09-30,0.02402176853428384,0.09166785358211071,0.04340555362453169,0.2690769563337656,0.00039078592699826054,0.05877303546592483,-0.5314142106465616,-0.5314142106465616,-0.5555555555555556,-0.2558139534883721,2.6319367967440748,0.275592350864718,-0.976020161392969,-1.2445960147540647,1.1281125261357157,0.023357664233576658,-2.533333333333333,-0.11475409836065575,0.004716981132075304,0.01846153846153853,0.0,0.5,-0.023080337328007183,0.0,0.05405405405405417,-0.13978494623655924
1994-12-31,-0.03291553099641664,-0.09639120110638522,-0.03495589797497123,-0.2336158071796619,-0.030321142908241172,-0.12382877844028695,-6.6942954656265234,-6.6942954656265234,-7.0,-0.2558139534883721,-0.8876511146559793,-0.4045670827609549,-0.3598726114649682,-1.951642796967144,-0.5044658806716684,-0.05706134094151205,-2.533333333333333,-0.11475409836065575,-0.032863849765258135,-0.06344410876132933,0.0,0.3333333333333335,0.0027260336210814806,0.0,0.05405405405405417,0.17900326797385624
1995-03-31,0.008627597170268064,0.012292202104209338,0.017921181321315593,0.131466355503695,-0.0031329932583614717,0.07588872620790621,-1.03767445842966,-1.03767445842966,-1.0416666666666667,-0.2558139534883721,4.166040835484628,0.32613347599304543,0.4353233830845771,-1.1165014164305949,0.11860129776496042,-0.07866868381240555,-2.533333333333333,-0.11475409836065575,-0.004854368932038944,-0.04516129032258065,0.0,0.25,-0.01155414589941095,0.0,0.05405405405405417,-0.10532880604254735
1995-06-30,0.018805824314708453,-0.08027461869080676,0.03049388181878121,0.1407945784020037,0.0037027569837502217,0.16630740087530205,6.629545454545455,6.629545454545455,5.0,-0.2558139534883721,0.7264963089153891,0.678306691543543,0.06123627960716349,1.8901975683890577,0.30643731872381563,0.11822660098522153,0.21739130434782616,-0.11475409836065575,0.004878048780487809,0.12162162162162149,0.0,0.19999999999999996,-0.014898005959202432,0.0,0.025641025641025772,-0.1937882425838432
1995-09-30,0.04922874206303285,-0.07915469076321835,0.08424607070446699,0.2029810589754628,0.002772280109435865,0.029496872958088227,-0.1870717902889485,-0.1870717902889485,0.0,-0.2558139534883721,-0.20617295320291018,0.4100202809284159,-13.746869896570495,-2.3282502957802027,-0.3115537602910795,-0.03083700440528636,-0.1071428571428571,-0.11475409836065575,0.0,-0.036144578313252906,0.0,0.16666666666666674,-0.04420660772452312,0.0,0.02499999999999991,-0.23450859832836968
1995-12-31,-0.01721309765216328,0.31938113309231353,-0.02663633819061073,-0.13063937520687774,-0.0036958293726523372,0.611605766615287,-1.8941004030780506,-1.8941004030780506,-1.8333333333333335,-0.2558139534883721,-0.02966621366303157,-0.5273924439046218,-2.0286983259309874,-0.020387965162312005,-0.4433197473910512,0.0060606060606061,-1.792,-1.7777777777777777,-0.004854368932038944,0.006250000000000089,0.0,0.1428571428571428,0.01363193768257065,-0.045454545454545525,0.2195121951219512,0.5175702811244982
1996-03-31,0.049389592954135475,0.2515828170740009,0.04525824361428454,0.2479985181831279,0.0551793955490385,-0.04118845080565303,-10.294672131147541,-10.294672131147541,-10.0,-0.2558139534883721,0.4385632301701168,0.3063258036881735,-1.0020757223513783,-3.6600323297635886,2.118352240727331,0.13554216867469893,5.363636363636363,5.2857142857142865,0.05365853658536612,0.1428571428571428,-0.0714285714285714,0.125,0.005523535062440077,4.535714285714286,0.1399999999999999,0.0028944756864039967
1996-06-30,0.01712183932849798,-0.01882700100628243,0.0034488416300542113,-0.06558485463150776,0.03610344192895276,0.07715507883325601,-0.2566250716521893,-0.2566250716521893,-0.2666666666666666,-0.2558139534883721,-0.1482695161769071,0.16539536810133582,-24.34,-0.8845379619431045,0.07843541978430268,0.16843501326259958,0.47777777777777786,0.4772727272727273,0.03240740740740744,0.10869565217391308,-0.813050397877984,0.11111111111111116,0.01862909004060187,0.33333333333333326,0.10526315789473695,0.05005359940628362
1996-09-30,0.8156428655318602,0.5851968372982599,1.3976880846678292,1.007712399844693,0.03308225931090836,0.4012594513324472,-0.09211697016430398,-0.09211697016430398,-0.12121212121212133,-0.15625,0.9195394287466718,11.445076262401896,-645.0377035132819,15.078289473684212,1.1693860950284702,0.13393870601589097,0.27819548872180433,0.07435897435897432,-0.08071748878923779,0.0980392156862746,-0.253972758229285,0.09999999999999987,-0.4309495896834701,0.07096774193548394,0.0,-0.21046018533061095
1996-12-31,0.020853297637982493,0.3849008764835742,-0.1480037995967578,0.22979755803834356,0.5477656213055908,0.07286807240156756,0.8970338429374101,0.8970338429374101,0.827586206896552,0.0,-0.36616025911025263,-0.9604315005901839,-1.0664389722083258,-0.9162813535742051,0.04512770744188099,0.13413413413413422,0.3621848739495799,0.3412887828162292,0.5463414634146342,0.234375,-0.11144922023583115,0.09090909090909083,0.5162752369180057,0.4231927710843373,-0.0634920634920636,0.12611895762880443
1997-03-31,0.010887416974886266,0.11278617942380587,-0.013169522124780952,-0.12318534984953866,0.05221041930820336,0.16841681885381332,0.3212219313955089,0.3212219313955089,0.26415094339622636,1.4814814814814814,0.9951421271525303,1.0776447946111745,-0.9846200060078102,24.483870967741936,1.1003714333952388,-0.034421888790820865,0.02652683528685995,0.026690391459074814,0.05047318611987395,-0.376130198915009,-0.39576198630136983,0.08333333333333348,0.040760869565217295,0.013756613756613634,0.016949152542372836,0.2691220632397102
1997-06-30,-0.06913555658452653,-0.3424151996686844,-0.12127739062185083,-0.2675207265079197,0.014864147865407018,-0.2660464250825697,-0.6571696686911868,-0.6571696686911868,-0.6417910447761195,-0.6417910447761195,-0.566378389553113,-0.2801418439716312,188.79557291666666,-2.150632911392405,-0.602809372613641,-0.13162705667276042,-0.15024038461538458,-0.13691507798960145,0.01501501501501501,-0.17391304347826086,-0.24796315975912153,0.0769230769230771,0.09033942558746766,-0.0835073068893527,-0.050000000000000044,-0.10223397592038419
1997-09-30,-0.005903956443659042,-0.0668231092092606,-0.022790482148667746,0.010734258924348206,0.017650639074862973,-0.009794352402320516,0.1539689781021898,0.1539689781021898,0.08333333333333348,0.08333333333333348,0.32341411733545233,0.448396501457726,-0.7994964428558687,-0.9889072240557389,-0.016835314950670366,0.12736842105263158,-0.10608203677510597,0.010040160642570184,0.01775147928994092,0.11228070175438587,0.17993405558172393,0.0714285714285714,0.023706896551723977,0.019362186788154823,-0.01754385964912264,-0.07674418604651179
1997-12-31,0.024515938719712915,0.1955530901862894,0.013725671662012218,0.19482035301760692,0.038968889297836595,0.3789348365045295,1.1470646372800948,1.1470646372800948,1.2307692307692304,1.2307692307692304,-0.039417197866527864,0.1321283802543174,0.2691439129542188,16.020285499624343,-0.2914484941270311,-0.08683473389355756,0.006329113924050667,0.0497017892644136,0.03779069767441867,-0.10410094637223977,-0.08143712574850293,0.06666666666666665,0.01403508771929829,-0.006703910614525022,0.05357142857142838,0.0006717044500421654
1998-03-31,0.028292430114039924,-0.24548976546007095,0.03777806013204765,-0.0653995023500138,0.015895664024974554,-0.23213224736346982,-0.5790216657460259,-0.5790216657460259,-0.5862068965517242,-0.5862068965517242,0.5016668055671305,1.4463055153640534,-2.326539415507387,-0.7283481945793238,-0.11173853835678615,0.009202453987730008,-0.26415094339622647,-0.24431818181818188,0.01680672268907557,-0.028169014084507116,-0.019556714471968828,0.0625,-0.011995386389849982,-0.1946006749156356,-0.05084745762711851,-0.19273368014767578
1998-06-30,0.019933151711185593,0.016546924803476415,0.025558798295717278,0.0503138142357773,0.012422630982477534,-0.0029701214646689067,-0.11539583029596157,-0.11539583029596157,-0.125,-0.125,-0.43922912562088967,-0.42817759866871175,-0.5300178847248191,0.6449463763405914,-0.20692545123770978,0.014184397163120588,-0.03418803418803429,-0.03007518796992481,0.011019283746556585,0.0,0.34441489361702127,0.0588235294117645,-0.00747139855241663,-0.023743016759776414,-0.017857142857142905,-0.032117243529778516
1998-09-30,-0.004542478144249018,-0.05879387612100562,0.016213955232327715,0.05582259942168322,-0.03261290739225897,-0.14183451158241078,-3.072517511330861,-3.072517511330861,-3.0952380952380953,-3.0952380952380953,-0.09663013088551842,-0.12665451166704655,-0.6591135135135135,0.849945668280154,-0.48267951956286403,-0.23976023976023975,-0.5519911504424778,-0.5555555555555556,-0.032697547683923744,-0.25,-0.2218925156610616,0.05555555555555558,-0.02822865208186298,-0.5379113018597996,-0.036363636363636376,-0.10856958762886604
1998-12-31,-0.13889971313340344,0.00846776785140424,-0.09150320540990697,-0.38127545304191635,-0.20623264622908588,-0.04024756136045704,5.549821073558648,5.549821073558648,5.568181818181818,5.568181818181818,-0.6402503320871507,-0.5970812883281644,0.6368133959152606,-0.9481497303358787,-0.048378257186986184,-0.05781865965834432,-6.204938271604938,-6.05813953488372,-0.20563380281690147,-0.02415458937198056,1.0597457627118643,0.05263157894736836,-0.07818930041152261,0.0,-0.09433962264150952,0.6299241055294547
1999-03-31,-0.023206490795217305,0.02679391786031049,-0.02677011494252879,-0.14418751706595,-0.01741216047844507,-0.1268808338977062,-0.9459654703511243,-0.9459654703511243,-0.9446366782006921,-0.9446366782006921,1.3274838218500191,-0.4771821442805899,-1.1766255909478416,-40.007209062821836,1.9830366492146596,-0.11715481171548114,0.21347248576850109,0.1827586206896552,-0.01773049645390068,0.10891089108910901,0.0,0.04999999999999982,0.006039915966386422,0.0,-0.04166666666666663,0.19977827050997754
1999-06-30,-0.00995596714415481,0.06512046510184444,-0.023020475330002843,-0.05508816120906801,0.011084165477888819,0.2286411259499077,-2.0312324457926074,-2.0312324457926074,-2.0,-2.0,0.41484716157205237,0.7510958643034116,10.92847740236946,-0.40408174041609457,0.396149255827015,0.18167456556082162,0.08991399530883482,0.06511175898930999,0.010830324909747224,0.2053571428571428,0.0,0.04761904761904767,0.02114330462020364,0.0,0.021739130434782483,0.12721000431220353
1999-09-30,-0.010698197852878288,-0.059934733202540724,-0.04387193223876806,0.20262309066190398,0.04092535895518523,0.1687314149778123,2.0127464865453755,2.0127464865453755,2.0625,2.0625,-0.036297221066259766,0.24678929037875497,0.8962295383483538,-1.620397855655487,-0.1760342941908557,0.017379679144384985,-0.23780487804878048,-0.24087591240875916,0.03928571428571437,0.007407407407407307,0.0,0.045454545454545414,0.052147239263803824,0.0,0.1063829787234043,-0.21832987211717136
1999-12-31,-0.10089820229358049,-0.23591036356686057,-0.1921480288943771,0.36299892125134847,0.029533177007796674,0.009370853279994318,-0.22148694583062123,-0.22148694583062123,-0.22448979591836737,-0.22448979591836737,0.11404855580078688,-2.065077910174152,2.963200062076859,3.4718274655430976,-0.9553734895642622,-0.20630749014454663,-1.355764705882353,-1.375,0.04123711340206171,-0.23529411764705888,0.0,0.04347826086956519,0.14504373177842567,0.6842105263157892,0.09615384615384603,-0.4394183038523387
2000-03-31,0.026204691140282677,0.08158794975458705,0.05653009747737836,0.009155910685148427,-0.007808557230814639,0.053880488779099345,0.24854846950624743,0.24854846950624743,0.26315789473684204,0.23684210526315774,-0.22209182135320216,-2.50235636423244,-1.0136172962177985,-1.0273080055574186,0.5846153846153845,0.0943708609271523,0.6931216931216932,0.7692307692307694,0.0033003300330034513,0.04807692307692313,-0.3748199958856202,0.04166666666666674,-0.03309993634627628,0.5606617647058825,0.14035087719298267,0.07183836368171637
2000-06-30,0.054628022712292834,0.24583390631446034,0.052289510002641704,0.03710786420283618,0.05742100134017236,0.128233999727702,0.37127976190476186,0.37127976190476186,0.3750000000000002,0.38297872340425543,0.5419036941687774,0.4077958565758786,8.736161035226456,19.623391812865496,7.608629989212513,0.3524962178517397,0.28671875000000013,0.3369565217391306,0.05592105263157898,0.3486238532110091,-0.21553142481079302,0.040000000000000036,0.0026333113890717463,0.21790341578327443,0.0923076923076922,0.20118687456364892
2000-09-30,0.0439208925737562,0.09920676731339473,0.013123427317891512,0.1301303167795802,0.08052502865237621,0.17716969440005226,0.5522788931090614,0.5522788931090614,0.5454545454545454,0.5538461538461539,-0.0010502598719939193,0.056044797085864406,-1.533965886435797,-1.3455169284863608,-0.3053808175233703,-0.015659955257270597,0.21250758955676963,0.25609756097560976,0.0778816199376946,-0.0680272108843537,-0.2579697986577181,0.03846153846153855,0.0350186036331801,0.15087040618955494,0.09859154929577474,-0.027317640220866024
2000-12-31,0.14687868453879038,0.23815979259096975,0.1921721288697038,0.49142498350077,0.0964034829645457,0.2586525993816009,0.23459810895363264,0.23459810895363264,0.23529411764705888,0.27722772277227725,1.4747492901045973,1.713520356677614,-2.094240475696605,-0.6254411161263849,-0.1646702265839226,0.17954545454545445,0.2709063595393091,0.25674217907227614,0.08959537572254339,0.0948905109489051,-0.06500847936687404,0.03703703703703698,-0.0439839289490378,0.1554621848739497,0.08974358974358965,-0.16980380440195197
2001-03-31,0.0528798263164616,-0.03328897261309216,-0.02075373106785372,0.1097945098135622,0.14210492866743096,0.23493246574860005,0.4992921857304644,0.4992921857304644,0.49206349206349187,0.4263565891472869,-0.06561728395061728,-0.3402380066939382,-4.542524958928346,-2.3396143733567047,0.2640808569454043,0.09248554913294793,0.28762805358550025,0.3150214592274678,0.13793103448275867,0.0033333333333331883,-0.1983071342200725,0.03571428571428559,0.08471577084715776,0.1694545454545453,0.11764705882352944,-0.12895873320537432
2001-06-30,0.09787047369527602,0.17841902749865568,0.1425101415351655,-0.11570389814645599,0.05149181905678546,-0.2630000980365944,-0.5153054480219054,-0.5153054480219054,-0.5159574468085106,-0.5163043478260869,-0.5757065857326613,0.08580535072841022,-3.4627746860730593,4.783447824664704,1.2082279778582654,-0.1243386243386243,-0.03488372093023251,-0.029373368146214163,0.05128205128205132,-0.2325581395348837,-0.37481146304675717,0.034482758620689724,-0.042210440456770026,-0.009328358208955279,-0.021052631578947323,0.33259881559013915
2001-09-30,0.013795925807942533,-0.08107294720695879,0.01597950539667492,-0.023064879759518986,0.01133090616868948,-0.26273375448644154,-0.9258191452059064,-0.9258191452059064,-0.9230769230769231,-0.9213483146067416,-0.12577965434179317,-0.1513997432702835,-0.7266156308619354,-2.3183823529411764,-0.7213505400303284,-0.1732124874118831,-0.24128091312618893,-0.2427706792199058,0.011086474501108556,-0.21212121212121215,-0.21230398069963796,0.03333333333333344,-0.0023419203747072626,-0.16133082234777152,-0.09677419354838723,-0.05932203389830504
2001-12-31,0.1260381868402567,0.23807863645167537,0.2557676532914075,0.21984717654826702,-0.021085180874784504,-0.039011140416486234,-8.215598739495798,-8.215598739495798,-8.142857142857142,-8.142857142857142,0.8209533787323207,0.6508800711842728,3.7228124089331605,-2.184714058947188,3.066914704575744,0.06577344701583421,-0.44630171333054747,-0.46269982238010665,-0.028508771929824595,0.05494505494505497,0.3108728943338439,0.032258064516129004,-0.1306017925736236,-0.36377245508982026,-0.15476190476190477,0.01494177103933203
2002-03-31,0.04662906758801344,-0.14587096205318417,0.09158983431429246,-0.05394589907642178,-0.01878047669862737,0.08433693811786558,-0.4505222549768898,-0.4505222549768898,-0.48,-0.48,-0.5732639088660031,-0.52760120328917,-0.8533757404415725,-1.7228629886472686,-0.5451206357442276,0.011428571428571344,-0.9064150943396226,-0.912396694214876,-0.020316027088036037,0.04166666666666674,0.7978971962616821,0.03125,-0.06259204712812949,-0.888235294117647,-0.21126760563380276,-0.09720718770296588
2002-06-30,-0.012294060330243273,-0.30184789884343977,-0.030496398639867084,-0.027226471584817835,0.017165611071541687,0.0397985203840705,-2.1338587892436083,-2.1338587892436083,-2.1538461538461537,-2.1538461538461537,0.5271736932224185,-0.028823458101873256,-1.3333715903439305,-0.2076497257220149,-0.9495407336255028,0.06553672316384174,-2.725806451612903,-2.660377358490566,0.01382488479262678,0.08499999999999996,11.254710851202079,0.030303030303030276,0.02985074626865658,0.0,-0.0892857142857143,-0.2822541966426859
2002-09-30,0.016113454195942234,0.19419879224979253,0.031618992998917905,0.04982712397680511,-0.007805673445138606,-0.9880984098918533,-1.0695134061569016,-1.0695134061569016,-1.0666666666666667,-1.0666666666666667,0.03909174376721514,-0.022417046647722705,-3.313977507459261,-1.149400942054184,2.8114217727543127,-0.1643690349946978,0.2429906542056075,0.18181818181818166,-0.006818181818181834,-0.1751152073732718,0.0,0.02941176470588225,-0.023646071700991533,0.0,-0.27450980392156865,0.13748747076511858
2002-12-31,0.048038681244433556,0.23971576815692663,0.07237104933658833,0.2829756624232056,0.009011656675373514,200.43856525057237,-15.135294117647058,-15.135294117647058,-15.499999999999998,-15.499999999999998,0.6919966015293118,0.2615932340879388,-2.0983435826224954,0.911764705882353,1.4101763695957548,0.1434010152284264,-1.6616541353383458,-1.6442307692307692,0.006864988558352492,0.15083798882681565,0.0,0.028571428571428692,-0.03723958333333344,0.2842105263157897,0.4864864864864866,-0.033778822147157994
2003-03-31,0.08249148814200646,0.3643990798198302,0.11800045216022736,0.21212326763525047,0.021961865926414692,-0.9755952794387861,1.07223113964687,1.07223113964687,1.103448275862069,1.0689655172413794,-0.20474722317070726,-0.28148553873998305,-0.10552219262202556,0.9786386275594909,1.1576868281310713,-0.005549389567147456,2.795454545454545,2.716417910447761,0.020454545454545503,-0.009708737864077666,-0.38700954400848353,0.0277777777777779,-0.0557208547470921,3.836065573770491,-0.23636363636363644,0.12570299437604504
2003-06-30,-0.027002068882904795,-0.16742704392713603,-0.04291289955002542,-0.1000954839251238,0.0026687890309184947,-0.5249159120310478,-0.1660211722179189,-0.1660211722179189,-0.16393442622950816,-0.16666666666666663,-0.03373681119887861,0.057662032050113554,-0.496668349318526,-0.13777479442859542,0.4626189261382394,0.010044642857142794,0.16916167664670656,0.14457831325301207,0.020044543429843964,-0.009803921568627416,-0.7323760920335611,0.027027027027026973,0.030363792609567453,0.6355932203389831,-0.2857142857142857,-0.07480421280043204
2003-09-30,0.01863831418077555,0.35240361570511647,0.0018575710140709134,0.019555488187614545,0.04850880831319904,25.37141923537741,0.20798073615411083,0.20798073615411083,0.21568627450980382,0.21999999999999997,0.03512383192837998,-0.09108073171687103,0.9794403770935713,0.4693784870896587,0.4647569408819485,0.040883977900552315,0.42637644046094736,0.4140350877192982,0.04366812227074246,0.01980198019801982,-0.11118293471234653,0.026315789473684292,0.029469001946066165,0.13056994818652856,0.2333333333333334,0.326328079392878
2003-12-31,-0.029486031818215963,0.003284251322823506,-0.040908977552053805,0.24791384732678923,-0.010057354676895836,2.057889606634836,-1.5994703269165051,-1.5994703269165051,-1.596774193548387,-1.6065573770491803,-0.16061992992645435,-0.3065618562476836,2.1168870649034806,-1.397721753719811,-0.12619427866969268,0.10721868365180476,-0.336624775583483,-0.33250620347394544,-0.027196652719665204,0.058252427184465994,-0.24145454545454548,0.025641025641025772,0.019983796921414942,-0.2933088909257562,-0.05405405405405406,-0.19597271126760563
2004-03-31,0.03328690949885127,0.1404427795905825,-0.006181192893917498,-0.0071267324252578534,0.09832400777590355,-0.5685554673106742,-5.063749940620398,-5.063749940620398,-5.0,-4.945945945945946,0.5847836223883516,0.4520086511211654,-0.7282746513215644,-9.568272646536412,1.2374226440504055,0.0920421860019176,0.5926928281461437,0.6505576208178439,0.09247311827956972,0.12385321100917435,0.6299137104506232,0.04999999999999982,0.0627482128673551,0.27237354085603127,0.2857142857142858,0.1486246065416723
2004-06-30,0.0219172756217334,-0.025609771744569465,-0.008746169960202277,-0.11490926879695773,0.06763794692871272,0.06191105295123123,-0.15803193603441423,-0.15803193603441423,-0.16216216216216217,-0.1643835616438356,-0.2372956965773838,0.4121745978753093,-3.273689877961235,-0.5626627625254266,0.24187249654263132,0.05004389815627741,0.2693288020390825,0.31981981981981966,0.061023622047243986,-0.04081632653061229,-0.3602941176470589,0.023809523809523725,0.04484304932735439,0.06625891946992857,0.24444444444444446,0.10091743119266061
2004-09-30,0.032787644391466086,0.12704641262902072,0.014536104716416087,-0.1249558967941532,0.058054548270890516,-0.03723150217274662,0.16195315645521813,0.16195315645521813,0.15322580645161277,0.15573770491803285,-0.050586756598678395,-0.17759417092006835,-1.7926960823006288,-1.3914383054362316,-0.0762382293205317,0.1270903010033444,0.21753681392235613,0.26450511945392496,0.05009276437847876,0.06382978723404253,-0.1508045977011495,0.023255813953488413,0.024558893657606218,0.21988527724665374,0.03571428571428559,0.28787878787878785
2004-12-31,0.11067667591593211,0.22559539606001278,0.12164830323223219,0.32086497265925273,0.09611259721510046,0.12065296273727477,0.0448429957463079,0.0448429957463079,0.04195804195804209,0.03546099290780136,0.2070203953232317,0.25783340335669913,-1.2048592671269251,-2.4905774615908576,0.12301763283968037,0.12388724035608312,0.3820780648708082,0.42105263157894735,0.09187279151943462,0.07200000000000006,-0.11802923659989173,0.022727272727272707,-0.013265068652548395,0.9067398119122259,-0.2586206896551724,-0.0721008403361344
2005-03-31,0.030335989702515498,0.09162034149437148,0.18326447937482326,0.25727364045930545,-0.17739529365994788,-0.002024728465059078,0.25756761392875527,0.25756761392875527,0.24832214765100669,0.2534246575342467,0.09809308689703111,-0.16996876629807378,-10.530622164614387,-0.9100787001777101,0.009850161851897132,0.030363036303630242,0.07000795544948302,0.024691358024691246,-0.1796116504854368,-0.05597014925373145,-0.30939226519337015,0.04444444444444429,-0.20165094339622636,0.03904644471845464,0.0,-0.13176960695526174
2005-06-30,1.3898258073081609,0.2847379983757059,1.3400629839386693,0.01375805533362362,1.487057793009618,0.337137287328124,0.2446984577331588,0.2446984577331588,0.005376344086021501,-0.005464480874316946,0.3944758156231767,8.10612521532857,-19.774900974108768,53.536420101637496,0.5319527441962932,0.13516976297245353,-0.10966542750929376,-0.16589434661723823,0.6863905325443787,0.383399209486166,0.06400000000000006,0.02127659574468077,0.040768094534711974,0.06922468354430356,-0.2325581395348837,0.26734119119641186
2005-09-30,0.025580662690115608,0.1536104888334746,0.07919363526999801,0.7032981553690147,-0.07298274253340964,0.321071405169872,0.29281033336499185,0.29281033336499185,-0.4598930481283423,-0.4560439560439561,0.5612589356632247,-0.8266544066340629,-1.336045222909174,-2.598743063033215,-0.5551449043498269,0.2183972911963883,0.014613778705636848,-0.06000000000000005,-0.07485380116959073,-0.27714285714285725,0.10693400167084377,0.04166666666666674,-0.09622480840193015,0.01442841287458374,-0.06060606060606066,-0.32271604938271614
2005-12-31,0.021041096923903657,-0.010520955210814753,-0.02332818945231585,-0.14099952414167138,0.11600090142668118,0.06631285756135208,0.25409141255453327,0.25409141255453327,0.25742574257425743,0.26262626262626254,-0.2838428344310697,0.061918009177676536,-0.7539683181229067,-0.9131225997811065,-0.10841630568306715,-0.030106530801296882,0.05802469135802468,0.03191489361702127,0.10998735777496838,0.04743083003952564,-0.10867924528301887,0.06000000000000005,0.0932788944723617,0.07695113056163394,-0.032258064516129115,0.15190181066958308
2006-03-31,0.07674053475584053,0.00554567332845024,0.04980676028859565,-0.01447088848481426,0.12718792392846412,0.03495156638835262,0.018781627530765732,0.018781627530765732,0.007874015748031482,0.008000000000000007,0.6729110375359948,1.7513456597734067,-2.65779934070026,-2.9104733507267984,0.23231297758359704,0.017191977077363862,-0.03850641773628938,-0.019473081328751474,0.11958997722095677,-0.08301886792452817,-0.11261642675698558,0.037735849056603765,0.04682562482045394,0.018286488316965777,-0.06666666666666654,0.020255301192108943
2006-06-30,0.021418742594937035,0.27417578234054973,0.00061239284976633,0.18033397180000965,0.05771404406269798,0.08508884166646768,-1.1358105508056633,-1.1358105508056633,-1.1328125,-1.1349206349206349,-0.228959126763714,-0.5472267976217448,-1.432807916919906,0.7730305513285731,0.33424788525193083,0.0032863849765258912,-0.26173139158576053,-0.24766355140186913,0.061037639877924654,-0.10699588477366262,-0.07538167938931306,0.07272727272727253,0.03540065861690467,-0.2986365147988028,0.10714285714285698,0.07951607899906943
2006-09-30,-0.037676026442615695,-0.2986619870740196,-0.12627013072284576,-0.19601927903934757,0.10852719490603246,-0.04046312356001969,-11.35870379417033,-11.35870379417033,-11.588235294117647,-11.294117647058822,-0.0003884631365693725,-1.412455413743555,8.465847515836067,-3.0155366299157147,-0.504920310268977,0.09405708937763202,0.12383561643835628,0.2142857142857144,0.12655800575263676,0.032258064516129226,0.4489164086687307,0.06779661016949157,0.15186853962364166,0.1967757230915126,0.0,-0.12768199233716482
2006-12-31,0.020477394355067347,0.01159808576202681,0.03061456148495023,0.021069557907442915,0.007291804653092093,-0.03660097744695601,-0.4812930730922078,-0.4812930730922078,-0.4666666666666667,-0.4685714285714285,-0.04200967599914407,-3.2239290456907717,-0.9119865194991574,-1.694468707690964,0.7082725521419106,0.03122326775021378,-0.13895660653339836,-0.09462915601023025,0.027234042553191617,-0.08482142857142871,-0.16025641025641024,0.06349206349206349,-0.01288541187298664,-0.0855784469096672,0.0,-0.009223674096848544
2007-03-31,0.011739535126256362,0.024952599139391296,0.010934995345955434,0.11074998606727227,0.012810244111490565,0.03970814325679872,0.28384914717969223,0.28384914717969223,0.29166666666666674,0.31182795698924726,0.08428136064062763,0.22693932312591691,-1.1166501777142648,0.5063438408930117,0.6245502190237797,0.10949813355454174,-0.0628539071347678,-0.024011299435028333,0.009942004971002394,0.08292682926829298,0.20356234096692116,0.05970149253731338,0.0011655011655011815,-0.03119584055459279,0.0,-0.07724703535409505
2007-06-30,0.029673573069533443,0.029764181996313033,0.012404883755595453,-0.11514810109934548,0.052612782478214326,0.06958231487653954,-0.012780201310596206,-0.012780201310596206,-0.016129032258064502,-0.008196721311475419,-0.1699398560333396,0.0882610942212716,9.088895869326214,-0.4517226623247853,0.21078248448152026,0.16186915887850462,0.3045317220543806,0.353111432706223,0.05168170631665303,0.14864864864864846,0.17406624383368574,0.08450704225352124,0.02235157159487766,0.3510733452593917,0.0,0.16370405957242373
2007-09-30,0.02626553449473734,0.06224735260554337,0.005319156530435798,0.057772191441048726,0.05302722831876494,0.02467600001510939,0.064895626599077,0.064895626599077,0.06557377049180335,0.05785123966942152,0.5625115888986196,-0.11534936619407266,-2.2181175664736283,1.8368582360891663,0.49386246893123453,0.03539253539253551,-0.1333950903195925,-0.12513368983957218,0.05070202808112323,-0.015686274509803977,-0.2442977190876351,0.07792207792207795,0.025962195399681143,-0.12677921218139687,0.0,0.004231602848591143
2007-12-31,0.05652558843509414,0.3098947421140057,0.06904714016364233,0.3285815813092159,0.041252489286621286,0.13227887064687005,0.3485034242730436,0.3485034242730436,0.3538461538461537,0.359375,0.27060649213130317,0.20912097856273593,0.2701445422827713,0.4030720090187421,0.46384765724655197,0.17557489123679293,0.122394441475147,0.1320293398533008,0.038604305864884836,0.11952191235059773,0.29547259729944386,0.07228915662650603,-0.014428412874583851,0.09363153904473087,0.032258064516129004,-0.013977389516957817
2008-03-31,0.04164973978145481,0.13173857603581807,0.03601922854345063,0.09002453319378412,0.04870085241516242,0.11236395246244824,-0.2839968296045664,-0.2839968296045664,-0.2897727272727273,-0.31034482758620696,-0.27294881042355756,-0.08384023205939817,-0.9597524777380892,-0.29695346501506525,0.22298113396265595,-0.005286809410520621,-0.043333333333333335,-0.0345572354211664,0.046461758398856245,-0.04270462633451966,-0.15328019619865108,0.0674157303370786,0.006756756756756799,-0.0766031195840553,0.0625,0.03825307483844065
2008-06-30,0.058057082077645816,0.20945945945945943,0.11428113479724322,0.23667975322490187,-0.011501090620662291,0.1756097560975609,-1.669767441860465,-1.669767441860465,-1.672,-1.7,0.2806324110671936,0.3183098591549296,0.0,0.19727891156462585,0.2180916976456011,0.19346266276906698,-0.39223494275759085,-0.4004474272930648,-0.014344262295082011,0.1412639405204461,0.19768283852280955,0.09473684210526323,-0.06577181208053684,-0.43768768768768773,0.0588235294117645,-0.022086135930127537
2008-09-30,0.014995392477171743,-0.12988826815642462,-0.12097238204833138,-0.37596371882086166,0.20461384152457374,-0.08879668049792533,-7.763888888888889,-7.763888888888889,-7.714285714285714,-7.392857142857143,0.10030864197530853,0.9188034188034189,-49.5,-0.9488636363636364,0.00915564598168861,-0.1429525718102871,1.1146601146601145,1.1753731343283582,0.20443520443520447,-0.13029315960912047,0.37726723095526005,0.08653846153846145,0.1867816091954022,1.1134846461949266,0.0277777777777779,0.3944153577661431
2008-12-31,0.02211951138989776,0.15462814339218833,-0.00589101620029453,-0.1468023255813954,0.050624479600333006,-0.4781420765027322,-0.6868583162217659,-0.6868583162217659,-0.6879432624113475,-0.6666666666666667,-0.4137447405329593,-0.5423162583518931,-0.2731958762886598,15.444444444444443,0.14919354838709675,-0.43387892959210195,-0.06390395042602626,-0.029159519725557415,0.04948216340621392,-0.5318352059925093,-0.7440737489025462,0.07964601769911517,0.02784503631961255,0.09317751105495908,-0.108108108108108,0.35330928366340286
2009-03-31,-0.02761627906976749,-0.051436515291936935,-0.026008230452674863,-0.021294718909710353,-0.02916468537010619,-0.23036649214659688,-1.6163934426229507,-1.6163934426229507,-1.6193181818181819,-1.6089385474860336,-0.5574162679425838,-0.029197080291970767,-0.35460992907801414,-1.8310810810810811,-0.10789473684210527,0.13079394217530993,-0.3309888291270169,-0.31007067137809186,-0.031249999999999778,0.08000000000000007,0.12349914236706683,0.07377049180327866,-0.0015704750687081104,-0.17509390349609955,-0.18181818181818177,-0.03084539223153082
2009-06-30,-0.015861152632453135,-0.15144113336590137,-0.021125570390400528,-0.22541340295909484,-0.010775510204081629,0.11337868480725621,-0.6968085106382979,-0.6968085106382979,-0.6972477064220184,-0.6972477064220184,0.6918918918918919,-0.052631578947368474,-0.9560439560439561,-0.5040650406504066,-0.059980334316617534,0.21672077922077926,0.04390847247990104,0.0947503201024329,-0.011318619128466434,0.2592592592592591,0.7496183206106872,0.06870229007633566,0.0053086905230042,0.39124343257443095,-0.18518518518518523,0.09553746842548416
2009-09-30,-0.018226310016032365,-0.13644214162348878,-0.05438535911602205,-0.04943820224719098,0.01633932992242948,0.26476578411405294,-2.8771929824561404,-2.8771929824561404,-2.878787878787879,-2.8484848484848486,0.5591054313099042,-0.37830687830687826,-71.75,-0.5081967213114754,-0.03138075313807531,0.016010673782521634,-0.8394549763033176,-0.8374269005847954,0.01602747567258156,0.0235294117647058,-0.07417102966841194,0.06428571428571428,0.0352043809896343,-0.8021148036253776,-0.18181818181818188,-0.09156120305374793
2009-12-31,0.014782982380747711,0.1186666666666667,0.03158663501917114,0.17021276595744683,-0.00016239038648913073,0.22383252818035437,-0.9345794392523364,-0.9345794392523364,-0.9193548387096774,-0.9180327868852459,0.069672131147541,0.07659574468085117,-0.36042402826855124,-3.933333333333333,0.09503239740820724,0.11917268548916615,-1.7896678966789668,-1.7985611510791366,-0.005633802816901512,0.10344827586206895,5.557021677662582,0.06040268456375841,-0.014736444360476164,0.0,0.11111111111111116,-0.04404963338973489
2010-03-31,0.054628610146523204,-0.048271752085816466,0.07203539823008853,0.015151515151515138,0.03865518921552713,-0.03552631578947374,32.857142857142854,32.857142857142854,26.2,25.8,0.12643678160919536,2.355731225296443,-2.5359116022099446,-0.8068181818181819,0.0167652859960552,0.08213552361396292,-3.2196261682242993,-3.2162162162162162,0.037393767705382386,0.08854166666666674,0.0,0.056962025316455556,-0.015148609779482292,0.4363867684478371,0.09999999999999987,-0.062422561803056276
2010-06-30,0.045053003533569,0.36944270507200994,0.06851576688129435,0.20895522388059695,0.022830336200156287,0.024556616643929052,-0.1392405063291139,-0.1392405063291139,-0.13970588235294124,-0.17910447761194026,-0.564625850340136,-0.5300353356890459,-0.5359712230215827,-1.8235294117647058,-0.013579049466537318,-0.0666847384114937,0.8505263157894738,0.845528455284553,0.021845985800109435,-0.1004784688995215,-0.4073594940347851,0.05389221556886237,-0.021222741433021608,0.7156775907883084,0.045454545454545414,0.1327166320558808
2010-09-30,0.005840313532621266,-0.08413351623228171,-0.018541409147095234,0.16625514403292185,0.029964837180859183,0.005326231691078487,0.13725490196078427,0.13725490196078427,0.13675213675213693,0.19090909090909092,1.375,-1.0401002506265664,-4.813953488372093,-10.428571428571429,0.12979351032448383,-0.006389776357827448,0.1979522184300342,0.18942731277533031,0.028327097808658275,-0.02659574468085102,-0.46471016250303177,0.05113636363636376,0.02387109608116167,0.17036654620547242,0.04347826086956519,-0.21472222222222226
2010-12-31,0.01474520589808237,-0.08237643534697958,0.012909319899244265,0.003528581510232831,0.016476176339617066,0.03708609271523189,-0.7758620689655172,-0.7758620689655172,-0.7744360902255639,-0.7328244274809161,-0.1875,-35.1875,-0.9695121951219512,-1.5151515151515151,-0.05918189730200174,0.19906460099386147,0.037986704653371284,0.03518518518518521,0.012474012474012586,0.16393442622950816,-0.021748980516538285,0.048648648648648596,0.0017485914124730773,0.05822673136303469,-0.04166666666666663,-0.08560311284046696
2011-03-31,0.051573558199066394,0.19205658324265507,0.10211377059372095,-0.0857946554149086,0.004088785046729049,0.14814814814814814,-0.7307692307692308,-0.7307692307692308,-0.7333333333333334,-0.7714285714285714,-0.020242914979757054,0.051188299817184646,-29.6,-5.970588235294118,0.31267345050878825,0.09848854217454894,-0.3193046660567246,-0.3273703041144901,0.0,0.08450704225352124,0.018063918480778263,0.04639175257731942,-0.045190069821566925,-0.34347644852021675,0.04347826086956519,0.3039845261121856
2011-06-30,0.026634209207417436,0.05568233683249657,0.012692144972500374,0.15538461538461545,0.0410122164048865,0.06229143492769751,20.0,20.0,19.875,19.625,0.5392561983471074,0.05913043478260871,-1.0652680652680653,-0.680473372781065,0.07610993657505283,0.005326231691078487,0.1518817204301075,0.1515957446808509,0.04106776180698146,0.008658008658008587,0.4513193812556868,0.044334975369458185,0.014015843997562394,0.10793650793650778,0.04166666666666674,-0.08632965468138121
2011-09-30,0.10419136620405878,-0.10203199308257671,0.14900431694750038,0.30359520639147797,0.05923442302319093,-0.032460732984293195,0.5,0.5,0.4970059880239521,0.4363636363636365,-0.2536912751677852,0.9688013136288998,-14.142857142857142,-3.5462962962962963,-0.18009168303863787,-0.05894039735099321,0.3138856476079348,0.2886836027713626,0.05818540433925046,-0.09871244635193133,-0.21159874608150475,0.05188679245283012,-0.0406650641025641,0.28882521489971347,0.0,-0.3111240989674655
2011-12-31,0.038590286111286565,0.16417910447761197,0.11247121561022899,0.15832482124616964,-0.04180954893168032,0.06601731601731609,-1.671201814058957,-1.671201814058957,-1.672,-1.7088607594936707,-0.30755395683453235,-0.3911592994161801,0.48913043478260865,-1.7381818181818183,0.16214057507987212,-0.03190241613886935,-0.44316163410301956,-0.46415770609318996,-0.04333643988816405,-0.08571428571428574,-0.2624254473161033,0.049327354260089606,-0.07746920025057413,-0.4646509559804357,0.0,0.0049962292609351255
2012-03-31,0.037703721722208705,-0.010752688172043001,0.038348403965573485,0.06172839506172845,0.036889194769442524,0.18274111675126914,-1.8885135135135136,-1.8885135135135136,-1.880952380952381,-1.875,0.9246753246753248,0.41369863013698627,-1.0383211678832116,-2.5369458128078817,-0.21443298969072166,0.2054761327841046,0.5167464114832536,0.47491638795986635,0.03214807598636149,0.26041666666666674,1.2167115902964958,0.047008547008547064,-0.0006790402897238756,0.4468438538205981,0.0,-0.06819247725354105
2012-06-30,-0.00486404125644635,-0.07274247491638797,-0.03724687860665199,-0.028654485049833922,0.03610779238019379,-0.23519313304721035,0.11406844106463887,0.11406844106463887,0.11486486486486491,0.08163265306122458,-0.31713900134952766,-0.13468992248062017,1.5714285714285716,0.41346153846153855,-0.3858267716535433,-0.10653266331658284,-0.023133543638275578,-0.04081632653061229,0.03586597451628126,-0.13223140495867758,-0.43263618677042803,0.04489795918367334,0.04099660249150627,0.014925373134328401,-0.040000000000000036,-0.04539963760821408
2012-09-30,-0.007125610976974284,0.22858431018935987,-0.03530950305143854,-0.03505771697306537,0.026008968609865457,0.1290684624017957,-0.24914675767918093,-0.24914675767918093,-0.24848484848484842,-0.22012578616352207,0.826086956521739,-1.4098544232922732,5.944444444444445,-3.074829931972789,1.3034188034188032,0.011923509561304613,-0.32508073196986,-0.32624113475177297,0.025512528473804252,-0.023809523809523947,0.028289755679382855,0.04296875,0.033507397737162714,-0.329185520361991,0.0,0.27322577243488344
2012-12-31,0.04116251482799527,0.01688073394495415,0.05015815634884779,0.12184315463003981,0.03121878121878119,0.15407554671968193,0.14090909090909087,0.14090909090909087,0.12903225806451601,0.13709677419354827,-0.17532467532467533,-3.6448087431693987,-0.9359999999999999,-1.2513661202185793,-0.14223871366728513,0.07314361938639413,1.073365231259968,1.1052631578947367,0.026210573078631727,0.043902439024390505,0.53605669028762,0.04494382022471921,-0.00968421052631574,1.0505902192242833,0.04166666666666674,-0.09358953122411795
2013-03-31,0.008886863392958855,-0.11548177553229877,-0.01075731497418242,-0.06240126382306477,0.031000242189392013,-0.015503875968992276,0.03984063745019917,0.03984063745019917,0.04285714285714293,0.028368794326241176,-0.07480314960629919,-0.2272727272727273,0.625,-0.6434782608695653,-0.05912040374909877,0.13776672881707053,-0.03230769230769237,-0.011666666666666603,0.027705627705627567,0.11214953271028016,-0.4778833107191317,0.04659498207885293,0.02189625850340149,0.0032894736842103978,-0.040000000000000036,-0.05665204678362579
2013-06-30,0.01626199887069446,-0.2203182374541004,-0.007938234014788992,0.05012636899747269,0.04240075170307733,0.005249343832020914,0.4482758620689655,0.4482758620689655,-0.2808219178082191,-0.289655172413793,-0.23546099290780143,0.45320855614973254,0.3076923076923077,6.304878048780488,-0.4590038314176246,0.0424253459577566,0.048489666136724896,0.06745362563237767,0.04128053917438934,0.0126050420168069,0.04573804573804585,0.0513698630136985,0.025795714582899976,0.020081967213114726,0.04166666666666674,-0.2575552111584657
2013-09-30,0.04833870430047793,0.1716378859236003,0.07464649786254518,-0.0846369835539511,0.021295774647887233,0.21409921671018273,-0.46031746031746035,-0.46031746031746035,-0.4571428571428572,-0.44660194174757284,0.686456400742115,0.013799448022079108,-9.333333333333334,-1.3873121869782972,0.3286118980169972,0.11493449781659382,-0.04397270659590602,-0.041074249605055235,0.020631067961165206,0.0705394190871369,0.029821073558647937,0.0456026058631922,-0.025755424863110887,-0.09321012454801125,0.08000000000000007,0.28010437051532944
2013-12-31,0.0410218359126564,0.1661456007146047,0.06670746634026936,0.02629272567922869,0.013239187996469504,-0.048028673835125435,-0.3382352941176471,-0.3382352941176471,-0.3508771929824561,-0.36842105263157887,-0.13751375137513755,-0.3303085299455535,-0.6870588235294117,-0.22844827586206895,0.19083155650319839,0.1118596271345762,-0.12926249008723234,-0.1317957166392092,0.011494252873563093,0.08914728682170536,0.13030888030888055,0.04361370716510904,-0.026644462947543635,-0.13602126716880814,0.0,0.1362617203424379
2014-03-31,0.028001221871499782,0.05859823822290311,0.0356664754255116,-0.06105892399658408,0.01927264808362361,0.03840361445783125,0.4814814814814814,0.4814814814814814,0.5135135135135136,0.5277777777777779,0.18494897959183665,0.4607046070460705,1.9022556390977443,0.3240223463687151,0.21217547000895265,0.006199802733549253,-0.08469945355191244,-0.09297912713472478,0.0168495297805642,-0.003558718861210064,0.1357813834329633,0.04179104477611939,-0.008554319931565413,-0.10461538461538467,0.0,0.12736568302089868
2014-06-30,0.01896790808240878,-0.1772793053545586,0.017542239867048393,0.016371077762619368,0.02061745540006399,0.0029006526468455807,-0.040000000000000036,-0.040000000000000036,-0.0535714285714286,-0.054545454545454564,-0.10871905274488702,0.054730983302411884,-1.2253886010362693,-2.670886075949367,-0.292466765140325,0.04019044951687456,-0.21691542288557208,-0.2280334728033473,0.01772639691714839,0.021428571428571352,0.11240601503759384,0.05157593123209159,0.0015099223468506562,-0.23654066437571597,0.03703703703703698,-0.1905481740790833
2014-09-30,0.029696233292830998,-0.0017590149516271136,0.02059704201070689,-0.0013422818791946067,0.040192589491312436,-0.08242950108459868,1.1822916666666665,1.1822916666666665,1.1886792452830188,1.173076923076923,0.14251207729468596,-0.15567282321899734,-3.586206896551724,-1.5328282828282829,0.22025052192066807,-0.10931610123855684,0.264294790343075,0.257452574525745,0.03975766755017052,-0.1223776223776224,0.11794525177424808,0.04904632152588562,0.010338143441740222,0.3240810202550637,-0.07142857142857151,-0.0003931590328287715
2014-12-31,0.0645237420938356,0.35462555066079293,0.08712660028449504,0.1299283154121864,0.03894143690883478,-0.15681639085894405,-0.03818615751789978,-0.03818615751789978,-0.04310344827586188,-0.06194690265486713,-0.15116279069767447,0.34375,1.2266666666666666,-0.933649289099526,0.011976047904191711,-0.17019347037484878,0.24522613065326615,0.2392241379310347,0.03823743627093967,-0.20318725099601587,-0.35157194679564685,0.04675324675324677,-0.024088680451929245,0.3484419263456091,-0.07692307692307698,0.19891838741396262
2015-03-31,0.031392719372145717,0.10504065040650401,-0.026496565260058835,-0.15027755749405236,0.09995157384987885,-0.2906542056074767,-1.054590570719603,-1.054590570719603,-1.054054054054054,-1.0566037735849056,-0.3262764632627646,-0.1968992248062016,1.0379241516966067,36.57142857142857,0.44463229078613686,-0.1489981785063752,-0.22195318805488295,-0.21217391304347832,0.029463346194317674,-0.18000000000000005,-0.3319347319347319,0.04466501240694787,0.06640454346876368,-0.06974789915966373,-0.16666666666666663,0.30041827277946354
2015-06-30,-0.024762477967413266,-0.2548557975279576,-0.03595430107526887,-0.04059729351376573,-0.013031610460508936,-0.03689064558629773,3.954545454545454,3.954545454545454,3.833333333333333,3.833333333333333,-0.21441774491682075,-0.250965250965251,-1.078354554358472,-1.8193916349809887,-0.2521942656524283,0.025470890410958846,-0.33091286307053935,-0.3200883002207505,-0.01328790459965934,-0.0060975609756097615,0.2616887648290298,0.04275534441805218,0.012085210979106753,-0.1847335140018067,-0.15000000000000002,-0.22332240161453065
2015-09-30,0.14458893541988105,-0.0007898894154818592,0.17767514813523877,0.017509727626459082,0.1107146043358016,0.09028727770177847,1.5871559633027523,1.5871559633027523,1.3103448275862073,1.3103448275862073,0.22352941176470598,-0.25128865979381443,1.3624999999999998,-0.419953596287703,-0.19561815336463229,-0.2469213107910666,-1.013953488372093,-1.0129870129870129,0.003107734806629736,-0.2331288343558282,0.08462389380530988,0.0410022779043282,-0.02954867435741748,0.0,-0.17647058823529405,-0.017945594803085663
2015-12-31,-0.06813017523589449,-0.10039525691699602,0.023011468738438845,-0.13718929254302104,-0.1670682730923695,0.06148055207026348,6.191489361702128,6.191489361702128,6.014925373134329,6.014925373134329,0.10769230769230775,-0.17728055077452665,-0.4814814814814815,-1.0,0.0,-0.038248337028824686,238.00000000000003,252.99999999999997,-0.1676419965576592,-0.04800000000000004,43.23763386027537,0.0393873085339167,-0.10615224191866524,0.0,-0.07142857142857151,0.042583099057383667
2016-03-31,-0.03236072078029428,-0.08084358523725832,-0.03363228699551568,-0.11024930747922435,-0.03066538090646098,-0.1442080378250591,-0.8584812623274162,-0.8584812623274162,-0.8574468085106383,-0.8574468085106383,-0.5642361111111112,-0.4476987447698745,-0.36734693877551017,-inf,-0.07295719844357973,-0.15244956772334306,0.1413296141329614,0.10629921259842523,-0.032258064516129115,0.025210084033613578,0.0,0.0189473684210526,0.001633224451703219,0.0,0.0,0.03307161551272908
2016-06-30,-0.03831204886174344,0.04636711281070749,-0.04176334106728541,-0.14383561643835618,-0.033724631914046954,0.16988950276243098,0.09756097560975618,0.09756097560975618,0.08955223880596996,0.08955223880596996,-0.24701195219123506,-1.8068181818181817,-0.11290322580645162,-5.626666666666667,0.3641133263378804,0.15776946616797005,0.11405295315682284,0.07829181494661919,-0.03376068376068375,0.19672131147540983,0.0,0.02066115702479343,0.004891684136967056,0.0,0.0,0.22217104253032383
2016-09-30,-0.002087404512346791,0.26861580630424853,-0.01398109818011406,0.11127272727272719,-0.017296406877380877,0.07438016528925617,-0.5428571428571429,-0.5428571428571429,-0.547945205479452,-0.547945205479452,2.248677248677249,-2.572769953051643,-5.363636363636363,0.49567723342939485,0.3992307692307693,0.03113069016152714,0.022303473491773307,-0.011551155115511524,-0.01769128704113221,0.06164383561643838,0.0,0.020242914979756943,-0.015299026425591111,0.0,0.0769230769230771,0.14158291457286443
2016-12-31,-0.06488940317771152,-0.29600288080662585,-0.09608681875792147,-0.0327225130890052,-0.026925091671031964,0.10989010989010994,0.75,0.75,0.7878787878787876,0.7878787878787876,-0.5162866449511401,-0.8656716417910448,-4.7125,-2.2312138728323703,-0.3512919186366136,0.0791797208772429,-0.6301859799713877,-0.6277128547579298,-0.028815848716794212,0.10322580645161294,0.0,0.01984126984126977,0.04072504708097924,0.0,0.1428571428571428,-0.2722020468801585
2017-03-31,-0.00014278235210130052,-0.26086956521739135,-0.0010516168609236987,0.010148849797023018,0.00043066322136087187,0.025742574257425765,-1.1428571428571428,-1.1428571428571428,-1.1355932203389831,-1.1355932203389831,0.8047138047138047,18.177777777777777,-0.9259259259259259,-0.38497652582159625,-0.33305084745762714,-0.03378200052784375,-0.30947775628626695,-0.30493273542600896,-0.0013908205841447474,-0.005847953216374324,0.0,0.01945525291828809,0.00045238633793265315,0.0,0.0625,-0.2683148106146519
2017-06-30,0.026942117288651923,0.0913494809688582,0.006754978506886555,0.06831882116543864,0.036913473956091236,0.022200772200772212,-43.0,-43.0,-41.0,-41.0,-0.36380597014925375,-0.7358053302433372,4.454545454545454,-0.37150127226463103,-0.3138500635324015,-0.13411636164982244,1.7773109243697478,1.8064516129032255,-0.08077994428969348,-0.1352941176470588,0.0,0.01908396946564883,0.009721908207099172,0.0,0.11764705882352944,0.02159537094441011
2017-09-30,0.0034764067859460734,-0.0221940393151554,0.020041826420355457,0.01692789968652031,-0.017540217955371085,-0.09348441926345608,-0.91005291005291,-0.91005291005291,-0.9125,-0.9125,0.5865102639296187,2.1535087719298245,-1.5611111111111111,-1.097165991902834,0.04444444444444451,-0.16340694006309153,-0.0020171457387796465,0.005747126436781658,-0.017676767676767735,-0.08843537414965974,0.0,0.01872659176029967,-0.021047917599641752,0.0,0.0,-0.03843430767674727
2017-12-31,-0.007991131230079884,0.42866407263294426,-0.07252690927729366,0.07213316892725041,0.04965138390027457,0.2510416666666666,-4.632352941176471,-4.632352941176471,-4.7142857142857135,-4.7142857142857135,-0.014787430683918634,-1.2837273991655076,-4.099009900990099,3.625,0.19680851063829796,-0.009049773755656076,-0.41030823648307224,-0.40342857142857136,0.049357326478149055,0.00746268656716409,0.0,0.018382352941176405,0.058325709057639674,0.0,0.05263157894736836,0.33249184811191745
2018-03-31,0.045259824920841796,0.17748524738992288,0.018789720917380404,0.2731454859114433,0.04287439613526578,-0.9891756869275604,0.12145748987854255,0.12145748987854255,0.09615384615384603,0.09615384615384603,0.09380863039399623,-3.803921568627451,-1.476038338658147,1.7837837837837838,0.5140740740740741,0.09893455098934534,-0.47814910025706936,-0.4731800766283525,0.04801567858892697,0.04444444444444429,0.0,0.018050541516245522,-0.0023773503349902025,0.0,-0.2500000000000001,-0.0751499842121881
2018-06-30,-0.026461154668567355,-0.4020817270624518,-0.044118976584395675,-0.07271906052393862,-0.010615711252653925,93.61538461538461,-1.0108303249097472,-1.0108303249097472,-1.043859649122807,-1.043859649122807,-0.14922813036020588,-0.16433566433566438,-2.4060402684563758,-2.2977346278317152,-0.39236790606653615,0.14716066481994483,-2.487684729064039,-2.5090909090909093,-0.00794763908368401,0.09929078014184411,0.0,0.019503546099290947,0.016247833622183627,0.4747922437673131,0.06666666666666665,-0.355155343120519
2018-09-30,0.013407156584607005,0.11347517730496448,0.017024496358649444,0.03458353628835842,0.009168942645337408,0.03495934959349589,-42.333333333333336,-42.333333333333336,-10.399999999999999,-10.399999999999999,0.405241935483871,-0.05439330543933052,-0.6539379474940334,-1.2493765586034913,0.16103059581320456,-0.0006036824630245574,0.39293598233995586,0.4144578313253011,0.01602262016965117,0.006451612903225712,-0.9793659942363112,0.019130434782608674,-0.0040503091025367866,0.30390683696468823,0.0625,0.07624090006618145
2018-12-31,-0.05133878177631279,0.013317892298783995,-0.02111038779875385,-0.18738229755178903,-0.08892325536439205,0.9402985074626866,-4.475806451612903,-4.475806451612903,-4.659574468085106,-4.659574468085106,-0.1965566714490674,-0.05088495575221241,-0.08275862068965523,-1.02,-0.00277392510402219,-0.2473572938689217,-1.0515055467511887,-1.051107325383305,-0.08487940630797763,-0.2564102564102565,-0.46480446927374297,0.018771331058020424,-0.03981164383561642,0.0,0.3529411764705881,0.2469560939613824
2019-03-31,0.0147548786292242,-0.2897142857142857,0.05263157894736836,0.12572421784472776,-0.037661786547846354,-0.5740890688259109,-0.6368909512761021,-0.6368909512761021,-0.622093023255814,-0.622093023255814,-0.05714285714285716,1.1235431235431235,-2.4586466165413534,93.5,-0.26286509040333794,-0.1264044943820225,13.692307692307693,13.4,-0.038520020273694944,-0.051724137931034364,0.0,0.018425460636515956,-0.051493535443602356,0.0,0.21739130434782616,-0.36906992800078897
2019-06-30,0.01543151969981249,0.09251810136765881,0.03294223826714804,0.18939783839423563,-0.004630140006614436,0.03897338403041828,-0.9680511182108626,-0.9680511182108626,-0.9692307692307692,-0.9692307692307692,0.06818181818181812,-0.13721185510428102,0.5154639175257731,-1.380952380952381,0.13584905660377355,0.09967845659163999,0.03664921465968596,0.00694444444444442,-0.004744333157617242,0.14545454545454528,0.0,0.019736842105263275,-0.019741480611045747,0.0,-0.0357142857142857,-0.0814444270751915
