Quarter end,Assets,Current Assets,Liabilities,Current Liabilities,Shareholders equity,Revenue,Earnings,Earnings available for common stockholders,EPS basic,EPS diluted,Cash from operating activities,Cash from investing activities,Cash from financing activities,Cash change during period,Cash at end of period,Price,ROE,ROA,Book value of equity per share,P/B ratio,P/E ratio,Equity to assets ratio,Net margin,Asset turnover,Current ratio
1996-06-30,0.22461487761379195,0.47552627075132636,0.6107318589112758,0.6059275225650007,0.049601600172788585,0.084390997485839,0.09108063907409747,0.09108063907409747,0.06976744186046524,-0.4444444444444444,-0.6031181619256017,-0.08505743119585862,-0.8470570107858244,-2.2681707586817073,1.1680963207937163,0.1615472127417521,-0.1637583892617449,-0.20330969267139476,0.04590163934426239,0.14029850746268657,0.06191183754333829,-0.1428571428571429,-0.14047151277013759,-0.09523809523809523,-0.08114975385104017
1996-09-30,0.22461487761379195,0.47552627075132636,0.6107318589112758,0.6059275225650007,0.049601600172788585,0.084390997485839,0.09108063907409747,0.09108063907409747,0.06976744186046524,-0.4444444444444444,-0.6031181619256017,-0.08505743119585862,-0.8470570107858244,-2.2681707586817073,1.1680963207937163,0.1615472127417521,-0.1637583892617449,-0.20330969267139476,0.04590163934426239,0.14029850746268657,0.06191183754333829,-0.1428571428571429,-0.14047151277013759,-0.09523809523809523,-0.08114975385104017
1996-12-31,0.044600338229125125,-0.11148002087803743,0.0034985722738147818,-0.1636970673109187,0.0731901530368031,0.0,0.0,0.0,0.0,-0.4444444444444444,-0.6031181619256017,-0.08505743119585862,-0.8470570107858244,-2.2681707586817073,-0.6832471339704935,0.19490695396669921,-0.1637583892617449,-0.20330969267139476,0.0658307210031348,0.14029850746268657,0.06191183754333829,0.02729738894540512,-0.14047151277013759,-0.09523809523809523,0.062391980642931166
1997-03-31,0.035278250635200514,-0.2991041561281269,0.005652541721141269,-0.12468152546793188,0.054547273470000324,0.31084667169474,0.3705753487835812,0.3705753487835812,-0.30434782608695654,-0.4444444444444444,1.2514976408842706,-0.1754900653420456,-0.9314930485593391,-0.9835699584888548,-0.035440180586907455,-0.0467213114754097,-0.1637583892617449,-0.20330969267139476,0.05294117647058827,-0.10471204188481675,0.06191183754333829,0.018649942234692185,-0.14047151277013759,-0.09523809523809523,-0.19928420367659017
1997-06-30,0.09435577912984927,0.07340581565897608,0.1582673753170445,-0.16196828016134945,0.054714057583759024,-0.09764101689858717,-0.3460923698157651,-0.3460923698157651,-0.34375,-0.4444444444444444,-0.2934306569343066,0.4475635960352118,96.29117647058824,-1.9235668789808917,0.03393400421249715,-0.12381771281169396,-0.1637583892617449,-0.20330969267139476,0.04469273743016755,-0.16666666666666663,0.06191183754333829,-0.036292935839274065,-0.14047151277013759,-0.09523809523809523,0.2808817553839902
1997-09-30,0.13006065767093267,0.19750140979482067,0.25822407333028896,0.2679611650485436,0.04276130869842221,0.17754162238753102,0.12118873021999232,0.12118873021999232,0.09523809523809534,-0.4444444444444444,0.49266862170087977,0.21759879971908314,0.013271259711599592,3.655172413793103,0.1527840651878678,0.17958783120706578,-0.1637583892617449,-0.20330969267139476,0.03475935828876997,0.12631578947368416,0.06191183754333829,-0.07716879623402817,-0.14047151277013759,-0.09523809523809523,-0.05551590134031237
1997-12-31,0.09211403636822735,0.17304209229877565,0.14380854096883944,0.38890925953885636,0.049626221966647455,0.20859154082185194,0.4030981067125645,0.4030981067125645,0.7826086956521738,-0.4444444444444444,-0.038489015895695644,-0.20372288130038674,-0.6833343278238558,-4.4874074074074075,-0.4622030237580994,0.10232945091514156,-0.1637583892617449,-0.20330969267139476,0.043927648578811374,0.06542056074766345,0.06191183754333829,-0.03898706503916938,-0.14047151277013759,-0.09523809523809523,-0.15542866739440764
1998-03-31,0.07350335337712988,-0.07125652348454437,0.12480263635772815,-0.17201913221728737,0.027557113899085106,-0.17061595645825034,-0.4510958456002617,-0.4510958456002617,-0.5365853658536586,-0.4444444444444444,0.08830221974551877,0.11992954036612669,2.785095157339363,-3.6928632115548004,2.3143483023001097,-0.10867924528301887,-0.1637583892617449,-0.20330969267139476,0.027227722772277252,-0.14619883040935677,0.06191183754333829,-0.04284360189573455,-0.14047151277013759,-0.09523809523809523,0.12169417379200653
1998-06-30,0.05049014494021686,-0.17434456617512595,0.08691854339299421,0.021812930209876846,0.014775271912987886,-0.0016005762074347007,-0.4380214541120382,-0.4380214541120382,-0.4736842105263158,-0.4444444444444444,-0.2522455249514626,0.09375413426626888,-0.44485376477909144,-1.896881737392859,-0.6262759785562164,-0.06519898391193912,-0.1412520064205458,-0.18100890207715137,0.014457831325301207,-0.08904109589041087,0.06191183754333829,-0.033868092691622165,-0.14514285714285702,-0.02631578947368418,-0.19198723630561965
1998-09-30,0.15943561084762492,-0.13251047036082475,0.045492212101028384,0.12802863436123357,0.2790890881029784,-0.09230090978317507,-0.7746553552492047,-0.7746553552492047,-0.8,-0.8,0.21570417712850953,0.7322026153453305,2.5643635385374166,-0.6022514071294559,-0.6665356651601493,-0.08695652173913038,-0.3149532710280374,-0.3152173913043478,0.14726840855106893,-0.10150375939849621,0.021921641791044832,0.10311603116031165,-0.23328877005347604,-0.108108108108108,-0.23102237823606842
1998-12-31,-0.13061779902191029,0.05073927071002493,-0.08666652708777622,-0.12008786917256531,-0.16834265675021376,0.11499911691981635,-82.21529411764706,-82.21529411764706,-86.5,-86.5,-0.4825384904243335,-0.6301672770157036,-0.7192688940324041,-0.5132665094339622,-0.9728933411903359,0.06845238095238093,-3.38881309686221,-3.373015873015873,-0.17184265010351973,-0.06694560669456073,0.38475581926061153,-0.04330050176547107,0.0,-0.09090909090909094,0.19429386590584885
1999-03-31,-0.045006364102963436,-0.3185844617729572,-0.10422022314425783,-0.49849283402681466,0.010810376974082159,0.04769824769824771,-0.9975374096446626,-0.9975374096446626,-1.0,-1.0,0.38688316400580547,-0.3919902658023371,-1.0694089707397947,-1.0142337976983646,0.5108695652173914,-0.07985143918291548,0.09651627641347793,0.11705685618729089,0.0,0.11210762331838575,0.0,0.05846930846930842,0.0,0.03333333333333344,0.35869565217391286
1999-06-30,-0.004708912657157893,0.2835283820144585,-0.057476474932184884,0.3001216859028726,0.039370896320048754,0.13527610840231308,-26.735294117647058,-26.735294117647058,inf,inf,0.43704624239649426,-0.19536263887930438,10.026468689477081,74.36170212765957,25.48201438848921,0.2774974772956609,-0.03489583333333335,0.0009980039920161055,0.02499999999999991,0.278225806451613,0.0,0.04422829877041634,0.0,0.06451612903225823,-0.012747252747252746
1999-09-30,0.2020736995910779,1.1601293157881445,0.4087643901076736,0.5789040785070054,0.04550128987900415,0.3092289252896525,1.8354285714285714,1.8354285714285714,1.727272727272727,1.8999999999999995,0.3383778617268218,4.019939965694682,-5.981615925058548,6.575381140598532,7.265417006248303,0.23301737756714047,-0.16028062601187265,-0.1794616151545364,0.043902439024390505,0.20189274447949535,0.0,-0.13022847100175738,0.0,0.15151515151515138,0.3680320569902049
1999-12-31,0.08696577333351874,0.4724060519608073,0.11933029003144258,0.6297580340943794,0.053930550715514336,0.14857339029600247,0.3376864167674325,0.3376864167674325,0.30000000000000004,0.3103448275862071,-0.12308921800343475,-0.6459232050570196,-0.9847095879463131,-0.5745378652355397,0.3752177485620378,-0.13645099295323504,-1.6105398457583548,-1.5978128797083841,0.04672897196261694,-0.17322834645669294,0.0,-0.030511214386744756,0.027027027027026973,0.10526315789473673,-0.09653062552886793
2000-03-31,0.1628215839838476,-0.11410397922638948,0.2540223297412574,0.02849206961543982,0.06395426352868405,0.05209613319606343,0.03187899240689407,0.03187899240689407,0.0512820512820511,0.05263157894736836,0.17534708756689676,3.385018094089264,81.48501152959263,-2.359407848633497,-0.3709041370904137,0.16543026706231467,0.4463157894736842,0.36585365853658525,0.05133928571428559,0.11428571428571432,0.3450889914304549,-0.08503543142976244,0.32258064516129026,0.023809523809523725,-0.13861671469740644
2000-06-30,0.024804800971813812,0.14413768375761915,-0.02125284907829128,0.06858710562414272,0.08365371602147365,0.25083386820147524,0.7263914033755767,0.7263914033755767,0.7073170731707317,0.6499999999999999,-0.1357914707580632,-0.7630763813621334,-1.161909554294447,-0.560732005928217,-0.25898487956842187,0.2457033736473584,0.41048034934497823,0.3482142857142858,0.08067940552016983,0.18233618233618243,-0.18034795393285952,0.057403189066059124,0.26893453145057755,0.06976744186046524,0.07067581130812983
2000-09-30,0.03905797871712191,0.26574741460357254,-0.014661939680828295,0.2793946566110399,0.101052315093205,0.27242214707515267,0.4998816007577551,0.4998816007577551,0.48571428571428577,0.4696969696969695,1.5684941967012827,0.4874950653693426,1.651107913669065,-4.586328296904797,1.253422199436042,0.04854368932038833,0.3204334365325079,0.32339955849889623,0.10019646365422386,-0.028915662650602414,-0.29088191330343804,0.059672554933218436,0.19524532119372795,0.10869565217391308,-0.010702288883680966
2000-12-31,0.05736481850422015,0.1088697697449863,0.024675438257505622,0.10573719732541087,0.09112468045866917,0.06742560969966216,-0.06791014479678836,-0.06791014479678836,-0.0673076923076924,-0.11340206185567014,-0.48793739037369566,0.04079243162233048,-0.39339600112888873,-2.0431119109947646,-0.5802106795895616,0.04483430799220289,0.13247362250879235,0.15262718932443686,0.03750000000000009,-0.04962779156327546,-0.25,0.03212034966456612,0.0634786288616167,0.07843137254901977,0.002842703727100382
2001-03-31,0.5100601026142193,0.1855941143963964,0.552109488978652,0.6373883453849425,0.19254603382391156,0.2964412679144319,0.4119340866745711,0.4119340866745711,0.3608247422680413,0.4186046511627908,1.9251055924060556,4.595509157179499,-8.724357597881326,-2.770645439573367,2.447292829656929,-0.06436567164179119,0.17011732229123533,0.12445730824891488,0.19277108433734935,-0.09921671018276756,-0.21978639685216406,-0.2103604490841049,0.07759649820931136,0.036363636363636154,-0.27590551181102363
2001-06-30,0.06626653783502001,0.12944566333016327,0.19239716348336522,-0.14547776767545573,0.15448428828328553,-0.04098391981884719,-0.02766019434114242,-0.02766019434114242,-0.037878787878787956,-0.032786885245901676,-0.2506810366643345,-0.6008116939688565,-1.0631874496140552,-1.2616985937326985,-0.18578435996604092,-0.14257228315054837,0.016219404305514606,-0.003217503217503248,0.16738816738816742,-0.2811594202898551,-0.33213256484149867,0.08281366924420053,0.02548005908419504,-0.01754385964912264,0.3216615919965202
2001-09-30,0.05786610761840838,-0.016307338302235963,0.05507250729041213,-0.10461115980726454,0.06150819452076628,-0.08711462686864557,-0.2425401413539665,-0.2425401413539665,-0.2362204724409449,-0.22881355932203384,-0.26794074603836804,0.09726288645948045,-3.5022730605660652,0.5734958111195736,-0.35903377165035044,-0.09360465116279071,-0.114335461404527,-0.13621691413815373,0.0667490729295428,-0.22177419354838712,-0.2049622437971952,0.003455425017277136,-0.04861361181130719,-0.0892857142857143,0.09865064999177209
2001-12-31,-0.04563027138676923,-0.02278159166031024,-0.03084662786229664,-0.06615475153065264,-0.06478722591489039,-0.14834742086336827,-1.9100428145941921,-1.9100428145941921,-1.9072164948453607,-1.9670329670329672,-0.6446734027444844,-0.5075948592411261,0.0785031940455958,-0.6458535011293967,-0.19837324898328057,0.030788967286722313,-0.44397116644823076,-0.46113602391629305,-0.07068366164542306,-0.03626943005181338,0.046132971506105847,-0.02020202020202011,-0.39931869795609387,-0.11764705882352944,0.046431513517561696
2002-03-31,-0.03327519837727122,-0.25455326013425617,-0.0352918471186594,-0.0927340923826433,-0.030567144334049834,-0.05147591191301504,-1.4174379953975964,-1.4174379953975964,-1.4204545454545454,-1.4204545454545454,1.5113668185636824,0.06035372052846788,-1.4027170221437304,-0.7749430523917995,-0.055693348365276174,0.06658369632856265,-0.36888626988803763,-0.35922330097087374,-0.032418952618453845,0.15053763440860224,0.8300907911802853,0.002811621368322248,-0.295526149968494,-0.08888888888888902,-0.17834394904458606
2002-06-30,-0.0006859358889368394,-0.010104535697457284,-0.028401319494730015,0.0463777408216286,0.036350243216384026,0.09167854416741528,-0.0034301114786230436,-0.0034301114786230436,0.0,-0.027027027027027084,-0.008819146671532385,-0.047939987106604964,1.2726352718931317,10.788798920377868,-0.6952801655523719,0.0682613768961493,-0.5256769374416433,-0.5238095238095238,0.03479381443298957,0.10280373831775691,0.642806520198441,0.03714953271028043,-0.4973166368515206,-0.04878048780487798,-0.05400226461109647
2002-09-30,-0.008801314814250172,-0.14364209066441003,-0.02968586340563817,-0.05525591845331934,0.017363082595559964,-0.055695466273954164,-0.42403196066379845,-0.42403196066379845,-0.43243243243243246,-0.41666666666666663,0.011843033780259526,-0.14687596183441054,-0.583523823660383,-1.9179211264380975,2.0944234034217057,-0.11742217367558705,-0.9212598425196851,-0.9181818181818182,0.014943960149439661,-0.14830508474576276,0.8347713546160485,0.02635728767740475,-0.9181494661921709,-0.02564102564102566,-0.09354571402264988
2002-12-31,0.45391002877994135,0.6389108102358585,0.5062542094531632,0.9985068979961356,0.3907383419689119,0.3071882576502196,2.401984846867997,2.401984846867997,2.1904761904761907,1.9523809523809526,0.09255384739783912,3.073569521610506,-15.22524770119039,0.5716156388351936,1.0637292141470414,0.09034653465346532,22.55,22.055555555555557,0.18895705521472372,0.074626865671642,12.8097813308253,-0.043459174714661986,23.260869565217394,-0.02631578947368418,-0.17988826815642456
2003-03-31,0.1289619402414679,0.3799109815891839,0.18285891918255337,-0.008150584671762329,0.05972170890509698,0.39998997443480877,1.0119510664993725,1.0119510664993725,0.8507462686567162,0.8870967741935483,-0.39261198586415524,-0.5540460113788535,-0.7301945221129852,-1.25043643866053,-0.1290850341527261,-0.03178206583427934,0.4681528662420382,0.44337349397590353,0.057791537667698734,-0.18518518518518523,-0.9627636933240257,-0.06126663607159244,0.3745519713261649,0.05405405405405417,0.39125588308149606
2003-06-30,-0.01985390895108896,-0.14578832382570706,-0.15905243923041923,-0.09561480047444415,0.181217648554844,-0.08497443462568566,-0.2857142857142857,-0.2857142857142857,-0.30645161290322587,-0.2991452991452992,2.226791561952631,-0.14132170348657092,-2.898818809895253,-1.2910329531051965,0.043136241957450805,0.049237983587338885,0.07519884309472147,0.11185308848080133,0.10439024390243912,-0.005681818181818232,-0.3063557384545039,0.20508433145930094,0.11147327249022165,0.0,-0.05555060981038018
2003-09-30,0.03868306269173227,-0.1263240904537607,0.012252400371312921,-0.022815751687438546,0.06586391222472265,-0.026953418482344116,0.07779111644657855,0.07779111644657855,0.023255813953488413,0.07317073170731714,-0.09681621864010759,0.9663900530099081,-1.0190629890453835,-11.589548176374525,-0.43790378857798884,0.03296089385474854,0.0968392737054471,0.13063063063063063,0.06183745583038869,-0.06857142857142862,-0.13579433091628212,0.026166328600405686,0.14076246334310838,0.0,-0.10585352059572062
2003-12-31,0.02685323502714132,-0.028607207910486654,0.037578359536823314,0.15785089224764648,0.016378467817877773,-0.061038188077083944,-0.18682030822819418,-0.18682030822819418,-0.19318181818181823,-0.20454545454545459,0.04864537168659577,-0.19425272755500977,-20.96151872755259,-0.5053205161157662,-0.38538245895074086,0.1319632233639807,-0.03065603923973026,0.0026560424966799445,0.010815307820299491,0.06748466257668717,-0.08543096872616318,-0.010278711207748481,0.008740359897172256,-0.02564102564102566,-0.16107948555766394
2004-03-31,0.025065411334940002,0.06709471111185517,0.00626964531616081,0.19221032716226216,0.04380532202037446,0.3078086052268658,0.9402301140608658,0.9402301140608658,0.9577464788732395,0.9714285714285713,0.09008631860135963,-0.13723841554559046,0.7899755815447886,-1.164813467733555,0.1033426728350817,0.1270903010033444,-0.001897533206831059,0.050331125827814516,0.04279835390946496,0.11494252873563227,0.10258548790658883,0.018374276013580992,0.04230377166156973,0.026315789473684292,-0.10492586076903732
2004-06-30,0.06229594213296363,0.16381116001035512,0.06552998909010932,0.20410535226850457,0.05918745786749868,-0.0740711630724894,-0.13469733531858086,-0.13469733531858086,-0.13669064748201432,-0.14492753623188404,-0.10604495080648113,0.3623984840281538,-1.2392768419994544,5.885245901639344,0.6448945845390657,0.09834675710046636,0.05259822560202787,0.060529634300126034,0.05367008681925811,0.05154639175257736,0.03706505295007556,-0.0029417532849579375,0.07286063569682155,-0.02564102564102566,-0.03341288782816232
2004-09-30,0.4118294169965422,0.16127249257690202,0.5956045037637308,0.0826610236741172,0.23413170486689405,0.15911606899698305,0.1352538048476577,0.1352538048476577,0.07500000000000018,0.07627118644067798,0.1777909611165378,3.951760486418821,45.108503870851585,-0.9081501831501831,0.03601048361038317,0.11346970281744495,0.021673690547862723,-0.02021403091557661,0.12359550561797761,0.05882352941176472,0.016776075857038553,-0.12588512981904,0.03919781221513219,-0.052631578947368474,0.07247639796659389
2004-12-31,0.029921142906645715,0.13652194102623638,-0.010211451321474385,0.015855054200367702,0.08009253804877536,0.3330780379891678,0.17919301729995296,0.17919301729995296,0.13178294573643412,0.11811023622047245,0.5325514444391373,-0.7462924934968787,-1.0931009259331568,28.402791625124625,1.0203770446354312,0.05372616984402079,0.07778432527990575,0.059466019417475646,0.06533333333333347,-0.06018518518518534,-0.03730272596843609,0.04882988298829871,0.011842105263157876,0.05555555555555558,0.1189057421451789
2005-03-31,0.020450606585788567,-0.012512768130745644,0.043019129230502884,0.13628691983122354,-0.00540433338291435,-0.054437915872212916,-0.3351505883917293,-0.3351505883917293,-0.34246575342465757,-0.33098591549295775,-0.26135172351264513,-0.02848127542971024,-0.40863973158115474,-1.9290970126479263,-0.4699828473413379,0.08322368421052628,-0.1306724986331329,-0.15349369988545258,-0.006883604505632079,0.014778325123152802,-0.06557377049180335,-0.025316455696202556,-0.12700476809709582,-0.02631578947368418,-0.13096102638586304
2005-06-30,0.02971014492753632,0.04577191621411947,-0.0029045643153526868,-0.0705532862978091,0.06889332003988047,0.0791575889615106,0.7366666666666666,0.7366666666666666,-0.13541666666666663,-0.13684210526315788,0.3663214422708094,0.09076109076109073,0.37115839243498816,-2.010948905109489,0.8964401294498381,0.11327057394473106,0.03647798742138364,0.02435723951285529,0.066162570888469,0.12135922330097082,0.2129186602870814,0.03786044464010563,0.012413108242303794,0.0,0.1250696378830083
2005-09-30,0.06936136523574943,0.3877349159248269,0.1468997086974615,0.5151817818617659,-0.017535677642011027,0.03252579632122021,-1.0019193857965452,-1.0019193857965452,-1.0,-1.0,-0.24087591240875916,-0.12574626865671645,-1.1379310344827587,0.5776173285198556,0.7457337883959045,0.22613202400436472,-0.254247572815534,-0.26023778071334214,-0.021276595744680993,0.1515151515151516,0.11965811965811968,-0.0812301166489926,-0.28984796468857277,0.05405405405405417,-0.08405545927209701
2005-12-31,0.04491424340887584,-0.037776193870277974,-0.019230769230769273,-0.11667765326301915,0.12883319092376344,-0.03801868346730397,-921.0,-921.0,inf,inf,-0.180103550295858,0.2291933418693981,-0.4625,-2.4416475972540046,-0.6187683284457478,0.04004449388209119,0.31163547599674546,0.3142857142857143,0.11775362318840599,0.0601503759398494,0.36934820904286547,0.08033240997229907,0.36395027624309395,-0.05128205128205132,0.08933639681037975
2006-03-31,0.05550088565243061,0.051851851851851816,0.048464668886422535,0.07313432835820888,0.06349873843566023,-0.026648599819331542,-0.19021739130434778,-0.19021739130434778,-0.19727891156462585,-0.16428571428571426,0.5336039693279206,0.17708333333333326,-1.0,-1.0317460317460316,0.05128205128205132,-0.04213903743315506,0.18424317617865982,0.19565217391304346,0.06212857914640724,-0.14184397163120566,-0.2873070325900514,0.007692307692307887,0.24303797468354427,-0.027027027027027084,-0.019851116625310028
2006-06-30,0.10777549878799175,0.4295774647887325,0.1619618913196894,0.13908205841446453,0.047054171609331785,-0.09512761020881666,-0.3691275167785235,-0.3691275167785235,-0.3728813559322034,-0.37606837606837606,0.03529411764705892,0.8613569321533923,inf,15.0,0.7804878048780488,0.00937918713711472,-0.07438449449973805,-0.08750000000000002,0.03001017293997954,-0.04958677685950419,-0.19795427196149218,-0.05491942324003396,0.008146639511201537,-0.11111111111111105,0.25506329113924053
2006-09-30,0.07843797340515057,0.23645320197044328,0.05101730944427563,0.144078144078144,0.11253776435045326,0.08974358974358965,1.8297872340425534,1.8297872340425534,1.8378378378378382,1.8219178082191783,0.2869318181818181,-0.5832012678288432,-0.993485342019544,5.0,2.6301369863013697,-0.06283185840707972,0.4940577249575553,0.514321295143213,0.12790123456790115,-0.09130434782608698,-0.03675918979744941,0.03163562934709452,0.6581818181818182,-0.0625,0.08068582955118497
2006-12-31,0.035586077727485455,-0.15239043824701193,0.032360589425021624,0.1985058697972253,0.039375424304141315,0.004705882352941115,-0.6917293233082706,-0.6917293233082706,-0.680952380952381,-0.6990291262135923,-0.4724061810154525,0.6311787072243347,3.0,-1.9635416666666665,-0.6981132075471699,0.004013220018885821,-0.19924242424242422,-0.2014802631578947,0.031085814360770625,-0.11004784688995206,-0.38239875389408107,0.0036972596781210676,-0.13913255360623777,-0.09999999999999987,-0.2927671488567428
2007-03-31,0.003617181612660225,-0.28554641598119856,0.030226700251889227,-0.06678539626001778,-0.02743305029392551,0.030444964871194413,-2.1707317073170733,-2.1707317073170733,-2.1194029850746268,-2.209677419354839,0.40167364016736395,0.21212121212121215,15.375,-0.7081081081081081,-0.675,-0.004702562896778839,-0.4370860927152318,-0.4438722966014419,-0.02717622080679405,-0.032258064516129115,0.16519546027742749,-0.030985915492957816,-0.41777526181715263,-0.03703703703703709,-0.23436262866191604
2007-06-30,0.1537768433698754,0.21875,0.230372181472426,-0.01526717557251911,0.05910006715916727,0.19999999999999996,-2.5625,-2.5625,-2.5599999999999996,-2.533333333333333,-0.10447761194029848,1.1288461538461538,5.244274809160306,-1.2037037037037037,0.42307692307692313,0.12733286085518536,0.11344537815126055,0.08703703703703702,0.05543430816237449,0.15555555555555567,0.9415584415584417,-0.08206618962432921,0.07389402041808468,0.03846153846153855,0.23750430885901408
2007-09-30,-0.1401796173369777,-0.005398110661268607,-0.2601015676749835,-0.09980620155038755,0.032022828154724126,-0.20643939393939392,-0.44666666666666666,-0.44666666666666666,-0.4444444444444444,-0.4434782608695652,-0.013333333333333308,-1.6603432700993677,-2.12958435207824,8.363636363636363,2.810810810810811,0.04673093042749388,-0.46867924528301885,-0.45826235093696766,0.028535980148883366,-0.004807692307692402,-0.09587513935340031,0.20024360535931796,-0.4535989135355365,-0.03703703703703709,0.10487465181058497
2007-12-31,0.05752346351801396,0.2578018995929443,0.01611459265890769,0.0,0.10015360983102917,-0.054892601431980936,2.7710843373493974,2.7710843373493974,2.7230769230769227,2.5937499999999996,-0.2466216216216216,-1.0136798905608755,-0.8874458874458875,0.058252427184465994,0.7730496453900708,0.020820820820820707,0.9715909090909092,1.0251572327044025,0.09489344591877757,-0.009661835748792313,0.8939580764488286,0.04038968946620636,1.091135045567523,0.0,0.2577839405017017
2008-03-31,0.04337245920412247,-0.07551240560949302,0.10190895741556538,0.3089343379978471,-0.012287070650656262,0.3005050505050506,-1.2044728434504792,-1.2044728434504792,-1.2066115702479339,-1.2173913043478262,0.21973094170403584,44.5,-1.125,-2.5596330275229358,-0.6799999999999999,-0.000784467542655376,0.026657060518731956,0.04813664596273304,-0.013955196474476628,-0.08780487804878034,-0.5035807291666666,-0.0532579008973858,0.027733755942947802,0.0,-0.2936460212467429
2008-06-30,0.09946494718068322,-0.035005834305717576,0.25533049040511724,0.1546052631578947,-0.06587503534068417,0.3417475728155339,2.8125,2.8125,2.78,2.78,-1.3676470588235294,0.7956043956043957,65.53846153846153,-0.6941176470588235,-0.65,0.1939156035328753,-0.8196491228070175,-0.8192592592592592,-0.06927374301675993,0.213903743315508,0.11081967213114763,-0.15042241912219245,-0.8323053199691597,0.0769230769230771,-0.16430192962542567
2008-09-30,0.05215872223608686,-0.03264812575574361,-0.0662420382165605,-0.28561253561253563,0.2209443099273607,-0.01591895803183796,-3.9672131147540983,-3.9672131147540983,-3.9576719576719577,-3.8994708994709,-5.5,-0.4369645042839657,-0.9803468208092485,-1.1346153846153846,0.25,-0.2082853855005754,6.848249027237354,6.778688524590163,0.22048819527811125,-0.14977973568281944,4.1688311688311686,0.16032015522677656,6.344827586206897,0.0714285714285714,0.3541595925297114
2008-12-31,-0.133657495256167,0.5075000000000001,-0.07958162801273305,0.08175473579262205,-0.19261279127416953,-0.5014705882352941,-2.089779005524862,-2.089779005524862,-2.0876565295169947,-2.1094890510948905,-0.48444444444444446,0.13260869565217392,15.352941176470587,-2.571428571428571,-0.3142857142857143,-0.5147425249169435,-1.5235498264749627,-1.5068493150684932,-0.19573770491803277,-0.6010362694300517,-0.9504339881224303,-0.06793478260869557,0.0,-0.033333333333333326,0.393555667001003
2009-03-31,-0.1453798767967146,0.09369817578772799,-0.09313241106719372,-0.03778801843317969,-0.21031624194043597,-0.2271386430678466,-0.12040557667934093,-0.12040557667934093,-0.12006578947368429,-0.12006578947368429,0.5043103448275863,-0.218809980806142,-0.7410071942446044,-2.2727272727272725,0.5833333333333333,-0.06718014548566542,1.885416666666667,1.7817047817047817,-0.2095393395841827,0.1558441558441559,0.0,-0.07602601480152493,0.0,-0.10344827586206884,0.13666216824111577
2009-06-30,-0.02963318917187252,-0.1811978771796816,-0.04358485426314351,-0.21647509578544066,-0.009720062208398161,0.09541984732824438,-0.9438040345821326,-0.9438040345821326,-0.9439252336448598,-0.9439252336448598,0.04011461318051568,-0.09336609336609336,-0.9166666666666666,-1.0,0.0,0.3853211009174311,-0.15589104036757484,-0.14947683109118093,-0.00979886539453334,0.752808988764045,0.0,0.02038834951456292,0.0,-0.15384615384615385,0.04503720120310262
2009-09-30,-0.0034664905909541632,-0.12777777777777777,-0.03189974366277415,-0.0158924205378973,0.035728307813113425,0.3066202090592334,-3.0,-3.0,-2.966666666666667,-2.9333333333333336,0.3911845730027548,-0.2764227642276422,-31.0,inf,1.526315789473684,0.23410596026490071,1.0388802488335926,0.9789103690685415,0.03385416666666674,0.2435897435897436,0.0,0.03948620361560429,0.0,-0.09090909090909083,-0.11368628342043485
2009-12-31,0.03594500579758164,-0.052016985138004235,0.02559576345984116,0.08447204968944089,0.04927975739196366,0.10400000000000009,0.4487179487179487,0.4487179487179487,0.4915254237288136,0.5344827586206897,-0.2851485148514852,0.17228464419475653,-0.6333333333333333,-1.3103448275862069,-0.1875,0.21464985242822654,-0.6071700991609459,-0.6083481349911191,0.04785894206549113,0.1752577319587627,0.0,0.0128146453089244,0.0,0.09999999999999987,-0.12587591864638525
2010-03-31,0.09162136232810991,0.09518477043673013,0.09208261617900182,0.056128293241695326,0.09104046242774566,0.106280193236715,1.15929203539823,1.15929203539823,1.125,1.0674157303370788,0.1468144044321329,0.7763578274760383,-3.6666666666666665,-2.888888888888889,0.4358974358974359,0.1309918268168766,-1.7009708737864078,-1.7131519274376417,0.08846153846153837,0.07894736842105265,0.0,-0.0004518752824219652,-0.19217527386541478,0.09090909090909083,0.03695375892071562
2010-06-30,0.026512377325325964,-0.07566462167689159,0.019175203572366684,-0.0010845986984815426,0.03576158940397356,-0.02183406113537123,-0.6065573770491803,-0.6065573770491803,-0.6096256684491979,-0.6086956521739131,0.14492753623188404,-0.24820143884892087,-1.2613636363636362,-0.7058823529411764,0.08928571428571419,0.028515624999999822,0.2728531855955678,0.2925278219395866,0.0340106007067138,-0.05284552845528456,3.032258064516129,0.008815551537070476,0.21387059279349097,0.08333333333333348,-0.07466767229188265
2010-09-30,0.031107305936073137,-0.04867256637168138,0.011855670103092741,-0.04885993485342022,0.054987212276214725,0.0022321428571427937,0.6770833333333333,0.6770833333333333,0.6712328767123288,0.6666666666666667,-0.11603375527426163,0.0,-1.108695652173913,-0.4,0.049180327868852514,-0.011583744777819982,0.09357997823721442,0.105781057810578,0.05296881674498066,-0.047210300429184504,-0.2617142857142857,0.023302711180820168,0.10788381742738595,0.0,0.00020376974019353788
2010-12-31,0.03708829227788546,-0.15000000000000002,0.05731023942944469,0.05936073059360725,0.013030303030302948,0.17594654788418707,-0.8633540372670807,-0.8633540372670807,-0.8524590163934427,-0.8666666666666667,-0.22911694510739855,0.33732057416267947,28.4,-15.833333333333334,-0.6953125,0.25148895292987516,-0.18606965174129364,-0.18464961067853158,0.009736308316430131,0.18918918918918903,0.08436532507739947,-0.023209984672651673,-0.1999423797176606,0.0,-0.19761637974941437
2011-03-31,0.02962369895916739,-0.03283173734610123,0.05709467598169127,0.003232758620689724,-0.004486987735566883,0.032196969696969724,-1.7727272727272727,-1.7727272727272727,-1.7222222222222223,-1.8125,-0.04334365325077394,-0.27191413237924866,-0.217687074829932,-1.1910112359550562,0.4358974358974359,0.10270187288916177,-0.511002444987775,-0.514324693042292,-0.005624748895138643,0.09469696969696972,0.3076374018558172,-0.03317641784353276,-0.5210658984515664,0.03846153846153855,-0.03592738352164526
2011-06-30,0.09914463452566102,0.057991513437057884,0.12101185050136731,0.03222341568206222,0.0703125,0.13944954128440368,-13.882352941176471,-13.882352941176471,-13.615384615384615,-13.461538461538462,0.35922330097087385,1.113022113022113,2.982608695652174,0.05882352941176472,0.3214285714285714,-0.02951413058610619,0.4224999999999999,0.398876404494382,0.06909090909090909,-0.02422145328719738,0.9514192139737991,-0.02619986088569448,0.35112781954887207,0.03703703703703698,0.025019752436133746
2011-09-30,0.049758283221318145,-0.053475935828877,0.029680829436877332,0.01248699271592102,0.07748455923638398,0.011272141706924366,0.22831050228310512,0.22831050228310512,0.2195121951219512,0.22839506172839497,0.05714285714285716,-0.33139534883720934,-0.8078602620087336,-3.388888888888889,-0.5810810810810811,-0.19337254339406107,0.23110720562390163,0.21485943775100402,0.07747543461829176,-0.24468085106382975,-0.44811188811188807,0.026428571428571468,0.18141346688925974,0.0,-0.06526207605344292
2011-12-31,0.009884308660002228,0.09463276836158196,0.001184600197433383,-0.04213771839671121,0.021365294424179337,0.07802547770700641,-0.7472118959107807,-0.7472118959107807,-0.74,-0.7487437185929648,-0.06306306306306309,-0.3147826086956522,-0.7386363636363636,-2.046511627906977,1.4516129032258065,-0.2724524275297884,0.050678087080656686,0.044628099173553926,0.01999298491757262,-0.32863849765258213,-0.43030917384693357,0.011366272326606364,0.027319830428638614,0.03571428571428559,0.14279824079164372
2012-03-31,0.005116227338449519,0.07612903225806456,-0.014987182015381628,-0.037553648068669565,0.03112244897959182,0.001477104874446189,0.7058823529411764,0.7058823529411764,0.6538461538461537,0.72,-0.4903846153846154,-0.5736040609137056,-5.043478260869565,-2.0888888888888886,-0.6447368421052632,-0.068442923490589,0.18885869565217384,0.20094936708860733,0.030949105914718,-0.08391608391608385,-0.14768683274021355,0.025917431192660434,0.18340210912425503,0.0,0.11822008418520746
2012-06-30,0.089299546309616,0.6930455635491606,0.1317317317317317,-0.018952062430323324,0.03686293913904004,-0.07374631268436582,0.1637931034482758,0.1637931034482758,0.16279069767441867,0.16279069767441867,0.7122641509433962,1.380952380952381,-8.161290322580644,-13.83673469387755,23.296296296296298,-0.19076357911309372,-0.15942857142857136,-0.1567852437417654,0.035690460306871286,-0.2137404580152672,-0.3517745302713987,-0.04828973843058337,-0.12746997287872908,-0.0344827586206895,0.7256399225639925
2012-09-30,-0.04195449004469731,-0.39164305949008493,-0.06898991685830536,0.021590909090908994,-0.005487950369840178,-0.02070063694267521,-1.2444444444444445,-1.2444444444444445,-1.24,-1.24,-0.36914600550964183,-0.11750000000000005,-1.6111111111111112,-1.8441971383147853,-0.8094512195121951,0.030479896238651216,-0.5234534330387492,-0.5203125,-0.007407407407407418,-0.009708737864077666,0.17713365539452486,0.038054968287526414,-0.511101243339254,0.0,-0.40448737924587097
2012-12-31,-0.1610645742763228,0.008149010477299212,-0.024890746722401658,0.06674082313681873,-0.33301343570057584,0.05040650406504055,41.484848484848484,41.484848484848484,41.708333333333336,41.708333333333336,0.49781659388646293,-0.32577903682719545,-0.6511056511056511,-0.9303201506591336,-0.29600000000000004,-0.08212712397734423,-5.450784593437946,-5.257328990228014,-0.33387410772225823,-0.06862745098039225,0.8823529411764706,-0.20479746548992994,0.0,0.0,-0.05494505494505497
2013-03-31,0.002022244691607611,-0.22401847575057732,0.002727981293842552,-0.040667361835245,0.0007194244604316058,0.007739938080495445,-0.9942938659058488,-0.9942938659058488,-0.9941463414634146,-0.9941463414634146,0.04664723032069973,0.6764705882352942,-0.971830985915493,0.18918918918918926,-0.5,-0.09770311964346934,0.20448717948717965,0.14001530221882152,0.00048709206039920794,0.34736842105263177,0.0,-0.001422879908935637,0.0,0.03571428571428559,-0.19114064230343297
2013-06-30,0.057139253279515634,0.1294642857142858,0.06373882627283334,0.0608695652173914,0.04493170381020839,-0.3317972350230415,-14.875,-14.875,-14.666666666666666,-14.666666666666666,-0.3008356545961003,0.18796992481203012,-58.5,-1.1590909090909092,0.15909090909090917,-0.13943768996960493,0.12187333688131963,0.062416107382550434,0.04284323271665058,-0.140625,0.0,-0.011399259048161858,0.0,-0.0344827586206895,0.06475903614457823
2013-09-30,0.04319293640377042,0.01844532279314892,0.0639386189258313,0.10245901639344268,0.0041279669762641635,0.11724137931034484,-0.7567567567567568,-0.9369369369369369,-0.9390243902439024,-0.9390243902439024,0.9322709163346614,0.3312236286919832,-0.19999999999999996,4.428571428571429,0.7450980392156863,0.12847682119205306,0.0763757115749526,-0.024636765634870383,0.0009337068160597539,0.08181818181818179,0.0,-0.03747477659267806,0.0,-0.0357142857142857,-0.07625048219107611
2013-12-31,0.0661100308818483,0.16558861578266493,0.09289148351648358,0.1988847583643123,0.012675573826652853,-0.5534979423868313,-0.37037037037037035,1.4285714285714284,1.6,1.6,-0.27835051546391754,-0.12202852614896986,0.14130434782608692,-0.8421052631578947,0.0674157303370786,0.08255086071987483,-1.0967386513882769,-1.1107512953367875,0.011194029850746245,0.0840336134453783,0.0,-0.05031446540880502,-0.35513169845594916,-0.22222222222222232,-0.027839643652561308
2014-03-31,-0.07188069949576226,-0.34850166481687017,-0.1514532600157109,-0.2906976744186046,0.09945872801082545,1.5483870967741935,15.705882352941178,15.705882352941178,15.0,14.923076923076922,0.04285714285714293,-1.536101083032491,-4.095238095238095,1.0,0.12631578947368416,-0.0003614022406939199,2.1731207289293852,1.9239766081871346,0.09963099630996308,-0.007751937984496138,1.1388081395348837,0.18479974771365493,2.4901408450704228,-0.09523809523809523,-0.0814719358533792
2014-06-30,0.03525603976418901,-0.10051107325383302,0.0579522310683207,0.23387978142076493,-0.002461538461538515,0.09945750452079571,-1.0774647887323943,-1.0774647887323943,-1.0769230769230769,-1.077294685990338,0.008219178082191858,-2.5925925925925926,-1.0523076923076924,-6.916666666666667,-0.6635514018691588,0.35936370209689095,-0.33596554199569284,-0.31400000000000006,-0.005033557046979942,0.234375,-0.5837580699966021,-0.03646526483896706,-0.38095238095238093,0.10526315789473673,-0.2709275136399064
2014-09-30,0.01250558284948644,0.7159090909090908,-0.029926496324816254,-0.18069087688219665,0.08729179518815555,0.00328947368421062,-13.636363636363637,-13.636363636363637,-13.75,-13.625,-0.0842391304347826,-1.1310782241014798,-2.1470588235294117,-6.070422535211268,10.0,0.0957446808510638,0.8562162162162161,0.80466472303207,0.08305227655986513,0.10126582278481,0.6089795918367347,0.07375690607734797,0.8265971316818774,0.04761904761904767,1.094291212315587
2014-12-31,0.05844728716365233,0.03752759381898452,0.02922605087497754,0.19027027027027033,0.10439716312056735,-0.15245901639344261,0.29496402877697836,0.29496402877697836,0.27941176470588225,0.2623762376237624,-0.05934718100890213,-9.806451612903226,2.923076923076923,-2.061111111111111,-0.9646464646464646,-0.266990291262136,0.5072801397786837,0.6025848142164782,0.10315297781237831,-0.32183908045977017,-0.6225266362252664,0.04347826086956519,0.4039971448965025,0.13636363636363646,-0.12833078101071982
2015-03-31,0.008335069806209683,0.7127659574468086,-0.04645048203330415,-0.2170753860127157,0.0886206010788595,-0.3249516441005803,-2.333333333333333,-2.333333333333333,-2.264367816091954,-2.2941176470588234,-0.35331230283911674,-0.10989010989010994,-7.862745098039215,-3.013089005235602,54.92857142857143,-0.030463576158940353,-0.8589644513137558,-0.8528225806451613,-0.0815102328863796,-0.1271186440677965,-0.39247311827957,0.07963510848126232,-0.8340111845449925,-0.12,1.1875146404310142
2015-06-30,-0.2293862368257904,-0.4503105590062112,-0.2277573529411765,-0.019721577726218076,-0.23147711184521003,0.3438395415472779,1.0666666666666669,1.0666666666666669,0.8454545454545455,0.8454545454545455,0.8146341463414635,-0.15226337448559668,-1.6676190476190476,-1.9635890767230169,-0.946360153256705,0.2677595628415299,-7.1287671232876715,-7.383561643835617,-0.23242412600845186,0.3883495145631066,6.398230088495575,-0.0027403516784655357,0.0,0.0,-0.43925683996359166
2015-09-30,-0.26079377849289354,-0.2508474576271187,-0.1711497262556534,-0.1502958579881657,-0.37642001842186057,-0.1961620469083155,0.2368951612903225,0.2368951612903225,0.23481116584564865,0.23481116584564865,-0.16129032258064513,-0.06067961165048541,-1.0570613409415122,-0.9527665317139001,-0.8333333333333334,-0.1438577586206896,2.1166741171211445,2.1126609442060085,-0.37787787787787785,0.1118881118881121,0.0,-0.15640027478818408,0.0,-0.045454545454545525,-0.11830421082784293
2015-12-31,-0.1351351351351351,-0.05731523378582204,-0.026708788052843158,-0.09888579387186625,-0.3210241260462826,-0.03978779840848812,-0.45965770171149145,-0.45965770171149145,-0.4601063829787234,-0.4601063829787234,0.02564102564102555,-0.19121447028423777,-1.225,-0.9428571428571428,-0.2857142857142857,0.12051604782882319,0.0,0.6907962771458116,-0.3218020917135962,0.7987421383647797,0.0,-0.21498371335504884,0.0,0.09523809523809534,0.046133853151397064
2016-03-31,0.0018875838926173394,0.7407999999999999,-0.04426084390675711,-0.18856259659969088,0.11530094271211033,-0.2154696132596685,-0.05882352941176472,-0.05882352941176472,-0.13300492610837433,-0.13300492610837433,-0.775,-0.12140575079872207,-82.66666666666667,-267.0,106.4,-0.21623139567537208,0.0,0.2697247706422019,-0.08066429418742582,0.1573426573426575,0.0,0.1134163208852006,0.0,0.17391304347826098,1.1453416149068323
2016-06-30,-0.10299351057148842,-0.41360294117647056,0.05372028403828333,0.25142857142857133,-0.4330299089726918,0.341549295774648,0.06891025641025639,0.06891025641025639,-0.045454545454545525,-0.045454545454545525,3.25,1.4363636363636365,-1.0108843537414967,-1.699248120300752,-0.6927374301675977,0.3557864564672162,0.0,0.056197816313423354,-0.43354838709677423,0.47432024169184284,0.0,-0.36801242236024856,0.0,0.07407407407407396,-0.5314128546612623
2016-09-30,-0.016802800466744428,0.40909090909090917,-0.033987694110752975,-0.1095890410958904,0.050458715596330306,0.028871391076115582,-1.0719640179910046,-1.0719640179910046,-1.0714285714285714,-1.0714285714285714,-0.31699346405228757,-1.173134328358209,0.5,-1.8413978494623655,1.896969696969697,0.14719873150105678,0.0,-0.35770750988142297,0.05011389521640108,1.0266393442622954,0.0,0.06830466830466841,0.0,0.06896551724137945,0.5825352692822572
2016-12-31,0.023498694516971286,0.05561735261401557,0.023354564755838636,0.1692307692307693,0.024017467248908186,0.058673469387755084,-0.7291666666666667,-0.7291666666666667,-0.7083333333333333,-0.7083333333333333,0.1435406698564594,-2.396551724137931,-1.0,-0.7539936102236422,0.16108786610878667,0.004146510020732741,0.0,-0.33775147928994087,0.021691973969631073,-0.04347826086956519,0.0,0.0004599816007360147,0.0,0.06451612903225823,-0.09721499219156693
2017-03-31,0.017625231910946226,-0.0885142255005269,-0.025489033787788995,-0.14766081871345027,0.1727078891257996,0.004819277108433662,10.307692307692308,10.307692307692308,9.571428571428571,9.428571428571427,-0.301255230125523,0.5493827160493827,-inf,-2.116883116883117,-0.15495495495495493,-0.11975223675154867,-0.311675272518646,-0.6182987848463188,0.1719745222929936,-0.13847780126849896,0.0,0.1526436781609195,0.0,0.1212121212121211,0.06941040795733033
2017-06-30,0.04717411121239734,0.020809248554913395,0.03041362530413627,0.16295025728988,0.09727272727272718,-0.03597122302158273,-0.33333333333333337,-0.33333333333333337,-0.33783783783783783,-0.3287671232876712,0.7964071856287425,-0.03585657370517925,1.5,-1.6162790697674418,0.11300639658848621,-0.15532968464946573,-1.6130443842467181,-1.654494382022472,0.09782608695652173,-0.2797546012269939,0.0,0.047865975269246075,1.8820826952526803,0.0,-0.12219451371571077
2017-09-30,0.032426550598476656,-0.053227633069082625,0.016233766233766156,0.05014749262536866,0.07787903893951942,0.09203980099502496,-0.11224489795918369,-0.11224489795918369,-0.10204081632653061,-0.10204081632653061,-0.42333333333333334,0.07851239669421495,0.19999999999999996,-2.7735849056603774,-0.1800766283524904,-0.1598272138228941,0.03195105370496254,0.09442060085836901,0.07590759075907583,-0.2350936967632027,-0.4677033492822966,0.04377617053673388,0.09564293304994687,0.0,-0.09843366093366102
2017-12-31,0.04574198988195621,-0.10765550239234445,0.03194888178913735,0.148876404494382,0.08224442736356652,0.1594533029612757,0.09195402298850586,0.09195402298850586,0.06818181818181812,0.06818181818181812,0.8034682080924855,0.5862068965517242,-1.0,0.0851063829787233,-0.23831775700934577,0.12192434814542774,0.12154150197628466,0.19477124183006533,0.0812883435582823,0.04454342984409809,-0.00786516853932584,0.035010940919037115,0.17216294859359849,0.027027027027026973,-0.2233009708737863
2018-03-31,0.032453134448699794,-0.13404825737265413,0.018012946805516572,0.0317848410757946,0.06889204545454541,0.13948919449901775,-0.09473684210526312,-0.09473684210526312,-0.08510638297872342,-0.08510638297872342,-0.16666666666666663,-0.09178743961352653,-inf,0.22549019607843146,-0.26073619631901845,-0.05204582651391165,-0.2067547723935389,-0.17505470459518602,0.06950354609929077,-0.12366737739872069,-0.22989807474518686,0.03523608174770976,-0.2155564749689698,0.05263157894736836,-0.1607456140350878
2018-06-30,0.0661850839515814,0.1702786377708978,0.056400331766657485,0.24407582938388628,0.0897009966777409,0.17068965517241375,0.38372093023255816,0.38372093023255816,0.39534883720930236,0.37209302325581395,0.8769230769230769,0.037234042553191404,-1.0,-1.784,0.4066390041493777,-0.06111878453038677,-0.0211032950758977,0.011936339522546469,0.08885941644562334,-0.12165450121654509,0.0926470588235293,0.022123893805309658,-0.07489451476793241,0.09999999999999987,-0.059315390645414134
2018-09-30,0.03937007874015741,0.001322751322751392,-0.004187385501177698,0.0009523809523810378,0.14085365853658538,0.04712812960235646,0.8823529411764706,0.8823529411764706,0.8666666666666669,0.8813559322033901,-0.2848360655737705,-0.0641025641025641,-inf,-1.2857142857142856,-0.08259587020648973,0.04303052592865009,0.23411497730711028,0.29488859764089104,0.1376370280146162,-0.04432132963988911,-0.01144010767160164,0.09756909756909748,0.20524515393386555,0.06818181818181812,0.0004166666666667318
