Quarter end,Assets,Current Assets,Liabilities,Current Liabilities,Shareholders equity,Revenue,Earnings,Earnings available for common stockholders,EPS basic,EPS diluted,Cash from operating activities,Cash from investing activities,Cash from financing activities,Cash change during period,Cash at end of period,Price,ROE,ROA,Book value of equity per share,P/B ratio,P/E ratio,Cumulative dividends per share,Equity to assets ratio,Net margin,Asset turnover,Current ratio
1993-12-31,0.0006368942375329922,-0.04553885513271505,-0.006984116221118497,-0.04424409383087069,0.010490123078270797,0.07856612184249623,0.2318840579710144,0.2318840579710144,0.23809523809523814,-0.21311475409836067,0.4380313199105146,-1.5968586387434556,0.402001668056714,6.3125,0.337888198757764,0.003502626970227851,0.0347463516330786,0.01692307692307704,0.013611615245009201,-0.08653846153846156,-0.027418126428027545,inf,0.009675190048376026,0.024691358024691246,0.023255813953488413,-0.0013790989886607319
1994-03-31,0.0006368942375329922,-0.04553885513271505,-0.006984116221118497,-0.04424409383087069,0.010490123078270797,0.07856612184249623,0.2318840579710144,0.2318840579710144,0.23809523809523814,-0.21311475409836067,0.4380313199105146,-1.5968586387434556,0.402001668056714,6.3125,0.337888198757764,0.003502626970227851,0.0347463516330786,0.01692307692307704,0.013611615245009201,-0.08653846153846156,-0.027418126428027545,inf,0.009675190048376026,0.024691358024691246,0.023255813953488413,-0.0013790989886607319
1994-06-30,0.00613689260437944,0.02841251759029695,0.006606463066969326,0.02288409468075825,0.005808283305519968,0.07856612184249623,0.2318840579710144,0.2318840579710144,0.23809523809523814,-0.21311475409836067,0.4380313199105146,-1.5968586387434556,0.402001668056714,6.3125,1.8467966573816157,-0.07547993019197208,0.0347463516330786,0.01692307692307704,0.01611459265890769,-0.08653846153846156,-0.027418126428027545,1.0,-0.00022815423226107967,0.024691358024691246,0.023255813953488413,0.005447291698634338
1994-09-30,0.005872855510759001,-0.024369583631980163,0.004782416986059745,-0.029459482537784965,0.007347712728134725,0.008438091957981841,-0.05714285714285716,-0.05714285714285716,-0.04615384615384621,-0.21311475409836067,-0.028935905413814522,-8.355263157894736,-0.12671029149315882,-1.8552036199095023,-0.5547945205479452,-0.025011798017933073,0.0347463516330786,0.01692307692307704,0.01938325991189438,-0.042105263157894646,-0.027418126428027545,0.5,0.001369237790963096,0.024691358024691246,0.023255813953488413,0.005188859214040331
1994-12-31,-0.006148329625561999,-0.1067254391237561,-0.0036794490953281356,-0.004223121590709145,-0.009347593582887725,0.0005976775956284541,0.04634581105169344,0.04634581105169344,0.056451612903225756,-0.21311475409836067,-0.07946171099006727,-0.6371496720333929,0.6696185286103542,-0.5326278659611994,-0.5824175824175823,-0.002420135527589573,0.0347463516330786,0.01692307692307704,0.007778738115816752,-0.02197802197802201,-0.027418126428027545,0.3333333333333335,-0.0031905195989061497,0.024691358024691246,0.023255813953488413,-0.10293782737417445
1995-03-31,0.020032490224598076,0.01084112149532701,0.027697780789429194,0.045060964834776396,0.010623367089154234,-0.02833006229200441,-0.030664395229982988,-0.030664395229982988,-0.01526717557251911,-0.21311475409836067,0.1796032022276366,0.023829087921117598,-0.37413300693594453,-1.7660377358490567,1.068421052631579,0.040271712760795886,0.0347463516330786,0.01692307692307704,0.013722126929674117,0.03370786516853941,-0.027418126428027545,0.265625,-0.009144947416552363,0.024691358024691246,0.023255813953488413,-0.03266480494203261
1995-06-30,0.002731506773210768,0.00014792899408289095,-0.0011044259457677619,-0.005749070003381762,0.007969234056190544,0.04522701326073597,0.06151142355008776,0.06151142355008776,0.06976744186046502,-0.21311475409836067,-0.15963411035703745,0.09550561797752799,0.057366362451108266,-1.2282430213464697,-0.11789652247667515,0.020522388059701413,0.0,0.01692307692307704,0.015228426395939021,0.005434782608695565,-0.027418126428027545,0.2222222222222221,0.0050761421319796,-0.0026773761713521083,0.0,0.005861254483422229
1995-09-30,0.004016843038395557,-0.008800473302765899,0.0008251097395952645,0.004166666666666652,0.00807579804146008,-0.005293228028902752,0.01490066225165565,0.01490066225165565,0.01449275362318847,-0.21311475409836067,0.020014044943820197,0.07692307692307687,0.07459926017262641,1.2158273381294964,-0.2961538461538461,0.10100548446069468,0.01813297515110812,0.01692307692307704,0.018333333333333313,0.08648648648648627,0.08379013312451056,0.1717171717171717,0.004132231404958775,0.020134228187919545,-0.022727272727272707,-0.012871803791963732
1995-12-31,0.002933899879516977,0.0018652540476011836,0.0018137448885371388,0.021085612668303888,0.004394541516852701,-0.024241912323676007,-0.03806416530723222,-0.03806416530723222,-0.02142857142857124,-0.21311475409836067,0.11256454388984505,0.0870748299319728,-0.030981067125645412,-0.8214285714285714,-0.07513661202185795,0.06434205064342047,-0.006596306068601621,-0.006051437216339051,0.016366612111292866,0.044776119402985204,0.033236994219653315,0.14655172413793127,0.00137174211248281,0.004605263157894779,0.0,-0.018854625550660864
1996-03-31,0.013792091556012132,0.019288054810842947,0.023239737976891828,0.04917896831978763,0.002093451683135239,0.005453601108033279,-0.049745618993781826,-0.049745618993781826,-0.04379562043795626,-0.21311475409836067,-0.00835396039603964,-0.11827284105131419,0.039076376554174175,-1.7454545454545456,0.06056129985228953,0.06825273010920441,-0.009296148738379917,-0.00913242009132409,0.008051529790660261,0.05238095238095242,0.055944055944055826,0.1428571428571428,-0.011415525114155112,-0.008513425016371978,0.0,-0.028466235632183756
1996-06-30,-0.00016281930675154932,-0.06436764813326512,6.4339713688355e-05,-0.02727057149632439,-0.00012534469791924963,0.04804132587171761,0.1867935752528258,0.1867935752528258,0.1984732824427482,-0.21311475409836067,-0.09547581903276126,-0.3349893541518808,0.22678062678062672,-5.658536585365853,-0.266016713091922,0.033953997809419434,0.022117962466488006,0.019969278033794113,0.011182108626198062,0.02262443438914019,0.030463576158940464,0.125,0.0,0.01981505944517825,0.0,-0.03817358351049094
1996-09-30,0.01882678632818857,0.13743557707324694,0.030478978351079267,-0.018039980497318364,0.003948852952237791,-0.004928941099153872,0.01403508771929829,0.01403508771929829,0.02547770700636942,-0.21311475409836067,-0.05726112452569854,0.3116328708644611,-0.9280074314909429,-8.06282722513089,2.55977229601518,0.0010593220338983578,0.022295081967213193,0.016566265060240948,0.011058451816745807,-0.008849557522123686,-0.032776349614395905,0.10526315789473673,-0.014549653579676636,0.01943005181347157,0.0,0.1583701710551606
1996-12-31,0.013754828397637864,0.00013730605519701733,0.004979007008069525,-0.014978483945713328,0.02559780233501896,-0.025922562536118243,-0.008897676717745884,-0.008897676717745884,0.0,-0.21311475409836067,0.17453347969264543,0.449959316517494,6.819354838709677,-0.8398813936249073,0.11513859275053306,0.06560846560846567,0.023733162283514853,0.019259259259259087,0.02499999999999991,0.05357142857142838,0.027906976744185963,0.10052910052910069,0.011717834544176187,0.026048284625158846,0.0,0.015347602455616283
1997-03-31,0.08898602011141876,-0.04791323448654583,0.1473100577747406,-0.04074603041250102,0.013636086930054248,0.05915755572506143,-0.36259351620947633,-0.36259351620947633,-0.36645962732919257,-0.21311475409836067,-0.15451713395638633,5.664421997755331,-7.984323432343234,-4.226851851851851,-0.33317399617590826,0.011585567692816934,-0.06203007518796988,-0.07994186046511631,0.01143292682926833,-0.012711864406779627,-0.028442146089205034,0.09615384615384603,-0.06926106092193651,-0.06934984520123844,-0.023255813953488413,-0.007516953999509801
1997-06-30,0.3993629497357689,-0.02768565248738286,0.6537977339488041,0.1471361008933263,0.027205573238844538,0.043450428102744576,0.4874804381846636,0.4874804381846636,0.4901960784313726,-0.21311475409836067,0.23728813559322037,3.1361569552037727,4.356408741878322,-0.39598278335724535,-0.3017921146953405,0.03599476439790572,-0.030060120240480992,-0.1327014218009478,0.02562170308967593,0.025751072961373467,0.08782435129740529,0.08771929824561409,-0.266052762568442,-0.030605455755156274,-0.09523809523809523,-0.15238330451963433
1997-09-30,0.006414788501664104,-0.057170398932225974,-0.0002128164621718609,-0.0014506031455183699,0.022178048019956265,0.017944785276073683,-0.05576012624934246,-0.05576012624934246,-0.6907894736842106,-0.21311475409836067,-0.05241215008933886,-0.9429368294619409,-1.022760354638084,0.5510688836104514,-0.6704312114989732,0.10044219835754897,-0.05303030303030287,-0.13479052823315119,0.02204261572373256,0.07112970711297062,0.11009174311926584,0.08064516129032273,0.015937605968124657,-0.053534660260809885,-0.10526315789473684,-0.055749805749805814
1997-12-31,-0.009075384518730467,-0.1325206449075894,-0.025338736747308577,-0.1643091979509137,0.028789323164919,-0.7424288081964743,0.24568245125348187,0.24568245125348187,0.25531914893617014,-0.21311475409836067,-0.2941546197360151,-0.5362112022832679,-0.12306201550387597,-1.0627871362940275,0.05919003115264787,-0.0769230769230771,0.01018181818181807,-0.06105263157894736,0.025880661394680038,-0.09765625,-0.044077134986225786,0.07462686567164178,0.03805073431241657,0.23785351704133428,-0.23529411764705888,0.037955153260646135
1998-03-31,0.01711815561959651,0.03354487760652769,0.009155816883662293,0.06038426349496806,0.03484062268346921,2.11787072243346,0.02415026833631484,0.02415026833631484,0.033898305084745894,-0.21311475409836067,0.20213713268032052,-0.7538461538461538,0.06077348066298338,33.63414634146341,4.176470588235294,0.1078980099502489,0.10871130309575228,0.053811659192825045,0.03293622985283817,0.08225108225108224,0.0772334293948127,0.06944444444444442,0.017363344051446905,0.1927357937902754,-0.11538461538461542,-0.02527004261222876
1998-06-30,0.00561001870006228,-0.14298245614035088,-0.002330614283336141,-0.12424503882657467,0.022922636103151817,0.012195121951219523,-0.1834061135371179,-0.1834061135371179,-0.19672131147540983,-0.21311475409836067,-0.32592592592592595,6.59375,-0.6979166666666667,-1.6338028169014085,-0.5113636363636364,-0.050238563008700554,-0.029870129870129825,-0.008510638297872242,0.02238805970149249,-0.08000000000000007,-0.16800428036383097,0.06493506493506485,0.017383059418457636,0.05451866404715133,-0.0434782608695653,-0.02135014233428223
1998-09-30,0.015214696269581829,0.026612077789150534,0.01568496579342571,0.11921182266009844,0.014180672268907513,-0.02873030583873959,-0.15508021390374327,-0.15508021390374327,-0.1428571428571429,-0.125,0.6868131868131868,-0.2510288065843621,2.586206896551724,-1.2333333333333334,0.2441860465116279,-0.1291371158392436,-0.050200803212851475,-0.03218884120171672,0.013934970139349634,-0.14782608695652166,-0.1183279742765273,0.060975609756097615,-0.0012426219322770882,0.0507685142058687,-0.09090909090909083,-0.08279659256181171
1998-12-31,0.009103019538188262,-0.08973080757726815,0.006982092985050148,-0.016725352112676006,0.013637148282409806,-0.01908396946564883,0.012658227848101333,0.012658227848101333,0.0,0.0,-0.5732899022801303,0.15384615384615374,-0.7788461538461539,-5.857142857142857,-0.9532710280373832,0.058364438411944386,-0.09866102889358697,-0.09090909090909094,0.01178010471204205,0.04081632653061229,0.0831509846827132,0.05747126436781613,0.00466562986003094,-0.22916666666666663,0.19999999999999996,-0.07418733718427906
1999-03-31,0.01650165016501659,0.0941949616648412,0.020719471408760848,0.06714413607878256,0.00783378746593999,0.0019455252918287869,-0.30000000000000004,-0.30000000000000004,-0.2857142857142857,-0.2857142857142857,0.7404580152671756,0.21904761904761916,-5.739130434782608,-1.7941176470588234,16.2,-0.06316126963770452,-0.17200938232994545,-0.1682926829268293,0.0077619663648123005,-0.07352941176470595,0.019528619528619506,0.05434782608695654,-0.008668730650154721,-0.1523864289821737,-0.04166666666666663,0.025324198678737364
1999-06-30,0.021320346320346406,0.18818818818818817,0.03036841684647973,0.526006711409396,0.002027712064886833,0.1592233009708739,-0.3125,-0.3125,-0.33333333333333326,-0.33333333333333326,-0.13157894736842102,-0.375,-1.1743119266055047,-0.7654320987654322,0.22093023255813948,0.05989048596851476,-0.18508026440037761,-0.19061583577712604,0.0006418485237484894,0.05291005291005302,0.2628797886393659,0.05154639175257736,-0.01873828856964399,-0.2001356852103121,0.0,-0.22133396969335406
1999-09-30,0.012874854296916372,0.10867733782645317,0.023190878771426338,0.1291918636613525,-0.009443507588532851,0.256281407035176,-0.7532467532467533,-0.7532467532467533,-0.75,-0.75,-0.29292929292929293,-0.07499999999999996,1.9473684210526314,-4.368421052631579,-0.6095238095238096,-0.1049402647723604,-0.27694090382387027,-0.28623188405797106,-0.010262989095574104,-0.10552763819095479,0.08211297071129708,0.0490196078431373,-0.021960534691279343,-0.3435114503816794,0.08695652173913038,-0.018234753294514072
1999-12-31,0.00695715854998169,0.041793313069908855,0.00955124317768341,-0.06329113924050633,0.0013619339462036528,-0.019333333333333313,0.631578947368421,0.631578947368421,0.5999999999999999,0.5999999999999999,-1.2357142857142858,-0.8175675675675675,-2.0,-0.9375,-0.09756097560975607,-0.18831168831168832,-0.35096153846153844,-0.36040609137055835,-0.0038885288399223006,-0.1797752808988764,0.12131464475592058,0.04672897196261694,-0.0055320533680444095,-0.40568475452196384,0.08000000000000007,0.11222100827220216
2000-03-31,-0.002025974025974042,-0.016776075857038664,0.005781648896230562,0.08731808731808721,-0.01955117307038423,0.016315431679129855,-2.5483870967741935,-2.5483870967741935,-2.5,-2.5,-9.848484848484848,3.666666666666667,-3.5535714285714284,-6.75,0.6216216216216217,-0.21244444444444455,-0.6666666666666667,-0.6746031746031746,-0.020819778789850307,-0.21232876712328774,0.2124999999999999,0.044642857142856984,-0.017670157068062742,-0.6956521739130435,0.11111111111111094,-0.09570586584339047
2000-06-30,-0.01728176565509343,-0.32640949554896137,-0.028070175438596467,-0.2533460803059273,0.007629616785156834,0.05551839464882935,-3.4166666666666665,-3.4166666666666665,-3.5,-3.5,1.0342465753424657,0.17460317460317465,2.2237762237762237,-1.6521739130434783,-0.25,-0.04401805869074482,0.49629629629629624,0.5121951219512193,0.0073089700996678,-0.017391304347826098,1.8677568432278706,0.042735042735042805,0.025316455696202445,0.3928571428571428,0.06666666666666665,-0.09792054624456847
2000-09-30,0.011123470522803158,0.10462555066079293,0.013979568323220004,0.27336747759282964,0.004818447771467893,-0.03865652724968316,-0.14655172413793105,-0.14655172413793105,-0.1333333333333333,-0.1333333333333333,-0.43265993265993263,-0.060810810810810856,-0.8004338394793926,-8.066666666666666,2.3555555555555556,0.0,0.6831683168316833,0.6774193548387097,0.003957783641161061,-0.008849557522123686,-0.32254865501425567,0.040983606557376984,-0.006172839506172867,0.676923076923077,0.0,-0.1324617237226906
2000-12-31,-0.005919639583005898,-0.15353938185443672,-0.0037118400121203265,-0.05128205128205132,-0.011132043158075033,0.03427818061964394,-0.9494949494949495,-0.9494949494949495,-0.9615384615384616,-0.9615384615384616,-0.6468842729970327,0.2086330935251799,0.10869565217391308,-2.4245283018867925,-1.0,-0.18595041322314065,-0.1264705882352941,-0.1346153846153847,-0.013140604467805628,-0.1875,-0.5147301006404392,0.03937007874015741,-0.0052304674730303535,-0.14678899082568808,0.0,-0.10787229823517741
2001-03-31,0.013912310286677831,0.005889281507656108,0.01566301703163009,0.041865394806571254,0.010737790093522603,-0.018483110261312885,13.8,13.8,18.0,18.0,-0.008403361344537785,0.8869047619047619,-3.480392156862745,-1.3576158940397351,inf,0.17984046410442356,0.7037037037037037,0.7111111111111112,0.00998668442077233,0.18681318681318682,0.36349924585218685,0.011363636363636243,-0.0032862306933947316,0.6989247311827955,0.03125,-0.034452100466770386
2001-06-30,-5.1975051975072795e-05,-0.050351288056206034,-0.007186704596496507,0.16531027466937953,0.01644962302947217,0.033766233766233666,0.44594594594594605,0.44594594594594605,0.47368421052631593,0.47368421052631593,0.6271186440677967,-0.6529968454258674,-1.3517786561264822,-1.1296296296296295,-0.12962962962962965,0.22618315918869092,-0.035573122529644174,-0.032467532467532534,0.014502307185234153,0.2222222222222221,-0.27405973451327426,0.011235955056179803,0.01648532805802838,-0.033755274261603296,-0.030303030303030276,-0.18508287292817682
2001-09-30,0.0075887520141380005,0.10110974106041914,0.006786306741064729,0.04015713662156273,0.009440323668240103,-0.05276381909547734,-0.26168224299065423,-0.26168224299065423,-0.2857142857142857,-0.2857142857142857,0.390625,0.5909090909090908,-0.9438202247191011,-13.428571428571429,1.851063829787234,-0.09724310776942346,-0.07786885245901654,-0.0738255033557047,0.009096816114359862,-0.11363636363636376,-0.0727619047619048,0.011111111111111072,0.0019461563412259686,-0.06768558951965065,0.0,0.05847457627118646
2001-12-31,0.0017023471756512087,0.17245240761478153,-0.0017974835230677444,0.0012589173310952884,0.009519038076152286,0.01458885941644561,0.45569620253164556,0.45569620253164556,0.4999999999999998,0.4999999999999998,-0.7116104868913857,-1.0057142857142858,0.6000000000000001,-0.1954022988505747,0.5223880597014925,-0.026096612992781876,0.40000000000000013,0.4057971014492754,0.007083065035415448,-0.03418803418803418,0.05957271980279377,0.01098901098901095,0.0077695046940757795,0.4238875878220141,0.0,0.17107018948492136
2002-03-31,0.011484189926872057,0.09073543457497601,0.007653061224489832,-0.21081307627829005,0.02001654259718766,-0.0209150326797386,-0.25217391304347825,-0.25217391304347825,-0.2666666666666666,-0.2666666666666666,-0.18181818181818177,-207.0,-13.875,-1.5714285714285714,-0.196078431372549,0.289623717217788,0.01746031746031762,0.02577319587628879,0.015984654731457715,0.2831858407079646,-0.09577355564172152,0.010869565217391353,0.008352071956312157,0.03947368421052633,0.0,0.38217866909753884
2002-06-30,-0.005956926836719112,-0.16112084063047283,-0.016232315711094514,-0.1938396176314392,0.016380149205319494,0.06341789052069435,0.38372093023255816,0.38372093023255816,0.40909090909090917,0.40909090909090917,4.111111111111111,-0.1601941747572816,-3.1262135922330097,0.75,-0.426829268292683,-0.02077807250221053,0.01716068642745694,0.03015075376884413,0.01510383889238498,-0.04137931034482767,-0.05017152658662105,0.010752688172043001,0.02261866836572146,0.030063291139240444,-0.03125,0.04056059356966202
2002-09-30,0.013829133374308578,0.1941544885177453,0.011883136542537143,0.20882740447957837,0.018030955800223403,0.003138731952291307,0.05882352941176472,0.05882352941176472,0.032258064516129004,0.032258064516129004,-0.2639751552795031,-0.040462427745664775,-0.8493150684931507,-1.5428571428571427,0.4042553191489362,-0.0722347629796839,0.10122699386503076,0.11219512195121961,0.017978921264724335,-0.08633093525179847,-0.09932279909706543,0.012411347517730542,0.004049844236760025,0.10138248847926268,0.032258064516129004,-0.012200919030264656
2002-12-31,0.008184298272203794,0.1354895104895104,0.006507592190889477,0.009809264305177035,0.011755485893417017,-0.010638297872340385,0.023809523809523725,0.023809523809523725,0.03125,0.03125,-0.23628691983122363,-0.22891566265060237,-0.9696969696969697,0.368421052631579,0.39393939393939403,0.003406326034063323,0.013927576601671321,0.021929824561403466,0.010353227771010776,-0.007874015748031482,-0.10125313283208015,0.012259194395796813,0.0037232392181199003,0.023709902370990354,0.0,0.12447866538338137
2003-03-31,0.023952695931048318,0.024634334103156297,0.021626040428061932,0.17161359956826772,0.02804027885360183,-0.012650221378874171,0.6201550387596899,0.6201550387596899,0.6363636363636365,0.6363636363636365,-0.26519337016574585,0.640625,-22.0,-2.0769230769230766,-0.30434782608695654,-0.07274490785645005,0.24450549450549453,0.2575107296137338,0.02591922845087402,-0.08730158730158732,-0.09648633575013943,0.012110726643598468,0.004018547140649087,0.25476839237057214,0.0,-0.1253922967189729
2003-06-30,0.0050895566213173815,-0.018782870022539422,-0.001309376591256295,-0.04698295716259793,0.018535262206148317,0.046124279308135785,-0.3444976076555024,-0.3444976076555024,-0.35185185185185197,-0.35185185185185197,0.7518796992481203,0.05714285714285716,-2.380952380952381,-0.6785714285714286,-0.140625,0.06433054393305437,0.012141280353200834,0.017064846416382284,0.01762632197414815,0.04347826086956519,-0.16234567901234565,0.011965811965811923,0.013238916256157696,0.023887079261672106,0.0,0.02952210079921702
2003-09-30,0.0010224948875254825,-0.016845329249617125,-0.006191273945662434,-0.10391493475108748,0.015682793312620236,-0.02143294549908148,0.0,0.0,0.0,0.0,0.8626609442060085,-0.3423423423423423,7.275862068965518,-3.6666666666666665,0.4363636363636363,-0.061425061425061434,-0.0010905125408942062,0.006711409395973034,0.01501154734411081,-0.08333333333333326,-0.08621960206337509,0.013513513513513598,0.01458523245214205,0.01802757158006374,-0.03125,0.09727503168567808
2003-12-31,0.0017996984289119222,0.10981308411214963,-0.0017590149516271136,-0.028586839266450892,0.014857975236707954,0.04881101376720909,-0.6204379562043796,-0.6204379562043796,-0.6285714285714286,-0.6285714285714286,-0.4147465437788018,-0.5753424657534247,-0.725,1.625,0.7974683544303798,0.12408376963350776,-0.1419213973799126,-0.1299999999999999,0.011376564277588264,0.1090909090909089,0.10322580645161294,0.01333333333333342,0.013177598083258468,-0.13854166666666667,0.032258064516129004,0.14236211377418417
2004-03-31,-0.0001942124684404245,-0.07228070175438595,-0.011013215859030812,-0.06385341476957251,0.022247739342615258,0.010143198090692085,2.0384615384615383,2.0384615384615383,2.076923076923077,2.076923076923077,0.015748031496062964,2.1129032258064515,2.6666666666666665,-2.4047619047619047,-0.6232394366197183,0.03493246390312055,-0.11068702290076338,-0.09961685823754796,0.021934758155230716,0.024590163934426146,0.185672514619883,0.013157894736842035,0.022465267514040876,-0.11366384522369999,0.0,-0.008973710819009106
2004-06-30,0.011509324009324029,0.08245083207261716,0.00029695619896075165,0.1518386714116251,0.03271552934568933,0.07088009450679267,0.3481012658227849,0.3481012658227849,0.375,0.3500000000000001,0.4263565891472869,0.2953367875647668,-0.9090909090909091,-1.542372881355932,0.8971962616822431,0.08325832583258341,0.1316165951359085,0.15319148936170213,0.02806824435883315,0.05600000000000005,0.2065351418002468,0.012987012987013102,0.020815264527320076,0.12687585266030021,0.03125,-0.06019640351995925
2004-09-30,0.17283594987757445,0.2620545073375262,0.2424669734303102,0.09268795056642642,0.04527532290958525,0.02426916712631,0.352112676056338,0.352112676056338,0.32727272727272716,0.33333333333333326,0.5896739130434783,0.28800000000000003,-1.4090909090909092,1.8333333333333335,1.3399014778325125,0.13336103032820934,0.23388116308470286,0.2140221402214022,0.039079229122055636,0.10606060606060597,-0.018395503321410267,0.01602564102564097,-0.10875106202209017,0.2227602905569006,0.0,0.15497353779345913
2004-12-31,0.013140120348765771,0.08914728682170536,0.0011349381757361776,0.03722902921771909,0.03928199791883458,0.04954227248249876,-0.08333333333333337,-0.08333333333333337,-0.09589041095890405,-0.09722222222222221,-0.23076923076923073,0.1428571428571428,1.4444444444444446,-0.6176470588235294,0.21894736842105256,0.21994134897360706,0.25409836065573765,0.24012158054711263,0.028335909325090114,0.17123287671232879,-0.03227485684539311,0.015772870662460692,0.025738798856053346,0.2495049504950495,-0.030303030303030276,0.05005287275290815
2005-03-31,0.02977777777777768,0.3192679206914082,0.028221957040572843,-0.010904134484325256,0.03304130162703389,0.0061570035915854415,-0.26515151515151514,-0.26515151515151514,-0.2727272727272728,-0.27692307692307694,-0.09333333333333338,-0.38315217391304346,8.818181818181818,2.8173076923076925,0.49222797927461137,0.08473557692307687,0.0016339869281045694,-0.014705882352941235,0.023046092184368705,0.0584795321637428,-0.15922538999462077,0.017080745341614856,0.0034076827757125727,0.002377179080824021,0.0,0.3337809108201857
2005-06-30,-0.02275669949385961,-0.24084778420038533,-0.054952707015609614,-0.2558566835094166,0.044463290525805776,0.09841917389087196,1.1855670103092781,1.1855670103092781,1.1875,1.2127659574468086,0.10784313725490202,-0.30396475770925113,-4.3657407407407405,-2.0906801007556677,-0.5011574074074074,-0.06675900277008318,0.17292006525285486,0.1691542288557215,0.04358472086190002,-0.08839779005524873,-0.09404990403071023,0.016793893129771087,0.06853967273849948,0.16758893280632403,0.0,0.020134228187919545
2005-09-30,0.021118561047095197,0.23654822335025383,0.014183961684882673,0.22345679012345676,0.03421876812434754,0.00046425255338911064,-0.29009433962264153,-0.29009433962264153,-0.2952380952380953,-0.29807692307692313,0.6415929203539823,4.170886075949367,-0.9353507565337001,-0.7182448036951501,-0.28306264501160094,0.06292668447610583,-0.025730180806675995,0.0,0.029563585171281215,0.0181818181818183,-0.12217514124293793,0.019519519519519468,0.01300202253683902,-0.025727826675693954,0.03125,0.010773026315789469
2005-12-31,0.01682852986277661,0.08784893267651883,0.0033299025246715797,-0.030776992936427883,0.04183490354419028,0.04733178654292347,0.2026578073089702,0.2026578073089702,0.21621621621621623,0.19178082191780832,-0.3221024258760108,-0.23500611995104037,-3.1702127659574466,-0.8360655737704918,-0.06472491909385114,0.17034347947500672,0.04282655246252687,0.07234042553191489,0.02689152233363723,0.13690476190476186,0.16653258246178604,0.019145802650957222,0.02452937820878498,0.04378040305767894,0.030303030303030276,0.12236595883166523
2006-03-31,0.014693940682881657,0.11094339622641503,-0.002413709872073344,0.02082248828735045,0.045214770158251705,0.020381036774479444,-0.1574585635359116,-0.1574585635359116,-0.1777777777777778,-0.1724137931034483,0.013916500994035852,-0.5344,-0.8235294117647058,-12.85,0.820069204152249,0.14722023383440708,0.04312114989733051,0.0793650793650793,0.039059032401242755,0.11518324607329844,0.06620689655172418,0.023121387283236983,0.030066815144766057,0.045272969374167804,0.02941176470588225,0.08829285973178691
2006-06-30,0.012118440608208436,-0.01154891304347827,0.004597144931042907,0.19479857215706264,0.024925327016170673,0.038645245332175504,0.2295081967213115,0.2295081967213115,0.22972972972972983,0.23611111111111116,0.15294117647058814,1.3470790378006874,-10.666666666666666,-2.1350210970464136,-0.5114068441064639,0.08028286189683853,-0.06889763779527569,-0.051470588235294046,0.02733874412644166,0.04225352112676073,0.0,0.02259887005649719,0.012702702702702684,-0.060509554140127486,0.0,-0.17271697861853064
2006-09-30,-0.021875823637938163,-0.2384879725085911,-0.012584296724470145,-0.06572769953051638,-0.03738317757009346,0.0004180602006689238,0.10933333333333328,0.10933333333333328,0.1428571428571428,0.146067415730337,0.05272108843537415,-1.6339677891654465,4.971264367816092,-1.0483271375464684,0.05058365758754868,-0.10377358490566035,0.06694855532064836,0.07945736434108519,0.003742203742203687,-0.12612612612612628,-0.0620957309184994,0.024861878453038555,-0.01601281024819845,0.057627118644067776,0.028571428571428692,-0.1849436392914654
2006-12-31,0.0019247055200555252,0.08303249097472931,0.0008537105921093691,-0.04385564184559154,0.003758221108675297,-0.030923526953614666,-0.07451923076923073,-0.07451923076923073,-0.09615384615384626,-0.07843137254901966,-0.21001615508885296,-1.3302540415704387,-0.9143407122232916,18.76923076923077,0.951851851851852,0.05134264232008601,0.007265521796565366,0.014362657091562037,0.003314001657000798,0.04639175257731942,-0.035862068965517246,0.02425876010781658,0.0018985625169514186,0.008974358974359165,0.0,0.13276696631433382
2007-03-31,7.684032580290712e-05,-0.047083333333333366,-0.0006702004508620796,0.026755852842809347,0.001352054082163212,-0.031047865459249646,-0.2597402597402597,-0.2597402597402597,-0.23404255319148937,-0.24468085106382975,0.19836400817995914,0.7902097902097902,3.3483146067415728,-1.2217898832684826,-0.10815939278937381,0.013690232938291746,-0.011803278688524599,-0.010619469026548756,0.01073492981007429,0.009852216748768461,-0.005722460658083017,0.02894736842105261,0.0013535462912832585,-0.007623888182973326,0.0,-0.07194558297723908
2007-06-30,-0.0038033038801382757,-0.14779186707477043,-0.023350810876722305,-0.08003722661703117,0.029497299542999622,0.05829995549621714,0.38245614035087727,0.38245614035087727,0.38888888888888884,0.380281690140845,-0.059726962457337884,-0.49609375,0.2739018087855296,0.2456140350877194,-0.1510638297872341,0.09756097560975618,0.013934970139349634,0.017889087656529634,0.028594771241829964,0.08292682926829298,0.09999999999999987,0.028132992327365658,0.033252230332522226,0.01472471190781044,0.0,-0.07367036271377558
2007-09-30,0.0011183525510007897,-0.0502821959979477,0.003870403895374297,0.022761760242792084,-0.0033292978208232515,-0.010513036164844447,-0.02030456852791873,-0.02030456852791873,-0.010000000000000009,-0.010204081632653073,0.22323049001814876,0.6666666666666667,-0.08113590263691683,-1.084507042253521,0.015037593984962516,-0.02497704315886129,-0.027486910994764302,-0.019332161687170446,0.013105639396346458,-0.04954954954954971,-0.04839764551994763,0.03233830845771157,-0.004447933019361527,-0.01577287066246058,0.0,-0.07141407993507809
2007-12-31,0.007087827426810467,-0.09508373851971907,0.020894222996082235,-0.03659742828882295,-0.015386172689543454,0.04292392690182756,0.033678756476683835,0.033678756476683835,0.04040404040404044,0.05154639175257736,-0.2255192878338279,0.9767441860465116,-0.3465783664459161,-34.166666666666664,-0.49135802469135803,-0.03371633075908842,0.006729475100942128,0.008960573476702427,0.013328106624852953,-0.04739336492891,-0.020618556701030966,0.031325301204819356,-0.02207621550591332,-0.00512820512820511,0.0,-0.06062923312213242
2008-03-31,0.012278151774785862,0.21552238805970148,0.01827374063470799,0.14322381930184802,0.00215893903567399,0.018744906275468542,-0.2706766917293233,-0.2706766917293233,-0.2524271844660194,-0.2549019607843137,0.15708812260536398,-0.4188235294117647,-0.32770270270270274,-1.7939698492462313,0.766990291262136,-0.015204678362572999,0.0006684491978607987,0.0,0.0034816247582205584,-0.02985074626865658,-0.03649122807017546,0.0338785046728971,-0.010212308519215174,-0.021907216494845505,0.0277777777777779,0.06314687754390058
2008-06-30,-0.001927073493293019,-0.004911591355599265,-0.017646706945026014,-0.04445442299057023,0.025030775543701367,0.1060000000000001,0.5567010309278351,0.5567010309278351,0.5584415584415583,0.5526315789473684,-0.2483443708609272,-0.4089068825910931,0.09547738693467345,-0.430379746835443,0.24725274725274726,0.21060965954077582,0.03807615230460937,0.035523978685612745,0.026599845797995236,0.21025641025641018,0.19446467589220662,0.03276836158192098,0.02715177844148786,0.0,0.027027027027026973,0.041457011594836946
2008-09-30,0.011471189520708691,0.02764067127344516,0.015162586773840081,0.08223684210526305,0.0054043234587670685,0.04665461121157333,0.14790286975717448,0.14790286975717448,0.15833333333333321,0.1610169491525426,1.2400881057268722,1.856164383561644,1.2798165137614679,0.14444444444444438,0.22687224669603534,0.0747220405493787,0.08301158301158296,0.07890222984562612,0.01877581674802853,0.04661016949152552,0.020121951219512324,0.03501094091903734,-0.006079830822098953,0.032279314888010724,0.05263157894736836,-0.05051990337149448
2008-12-31,-0.01572032788112443,-0.039865513928914464,0.0011397036770439684,-0.08597481545809815,-0.043698984670515584,-0.13545266067726325,-0.13076923076923075,-0.13076923076923075,-0.1079136690647482,-0.11678832116788329,-0.3706981317600787,0.0023980815347721673,-0.676056338028169,-0.4077669902912622,0.10951526032315972,-0.17587098737258489,0.03505644682115272,0.030206677265500748,-0.03354220420199039,-0.19028340080971662,-0.2522414823670054,0.03382663847780121,-0.02845744680851059,0.02744097000638157,0.0,0.05044247787610612
2009-03-31,0.009468760695136247,0.09754877438719367,0.008747753145596171,-0.0413301662707839,0.010721349016342252,-0.2234212629896083,-0.6084070796460177,-0.6084070796460177,-0.6129032258064516,-0.6115702479338843,-0.446875,-0.416267942583732,-1.968944099378882,3.360655737704918,0.43042071197411014,-0.29075133837917666,-0.06544202066590121,-0.06635802469135799,0.009153318077803174,-0.265,-0.32054356514788174,0.03476482617586907,0.0013687380235423152,-0.014906832298136719,-0.050000000000000044,0.1449031171019377
2009-06-30,0.0032773299178783244,-0.11759343664539657,-0.003682584937039657,-0.1387512388503469,0.015345005149330682,-0.044261451363870274,0.3954802259887005,0.3954802259887005,0.3958333333333335,0.4042553191489364,-0.18361581920903958,0.6598360655737705,-1.294871794871795,-1.6090225563909775,-0.18325791855203621,-0.01535658511192095,-0.1253071253071253,-0.13057851239669416,0.013605442176870763,-0.027210884353741527,0.051764705882352935,0.03359683794466428,0.012028430836522608,-0.04287515762925598,-0.07894736842105265,0.024558498896247283
2009-09-30,0.0165959523898922,0.15340909090909083,0.014009777035888904,0.07364787111622562,0.020996044223552168,0.11093161012385577,0.22672064777327927,0.22672064777327927,0.22388059701492513,0.2272727272727273,1.5328719723183393,-0.2148148148148148,1.9782608695652173,-2.7098765432098766,0.38365650969529086,0.12476870208828972,-0.1558988764044944,-0.15779467680608372,0.020134228187919323,0.1118881118881121,0.28299776286353473,0.03250478011472269,0.004321988114532882,-0.07180500658761524,-0.11428571428571421,0.07433342310799906
2009-12-31,0.010858725761772936,0.00582176444245408,0.00041154682814981136,-0.0412647374062165,0.028511821974965157,0.020843431895298137,0.013201320132013139,0.013201320132013139,0.0,0.012345679012345512,-0.337431693989071,0.5220125786163523,-0.9708029197080292,-1.0108303249097472,-0.0030030030030030463,0.14571092831962407,-0.13976705490848584,-0.13318284424379234,0.023757309941520477,0.11949685534591192,0.34960767218831723,0.031481481481481444,0.0174825174825175,-0.07877927608232793,-0.032258064516129115,0.049051558452410715
2010-03-31,0.013190105593920087,0.17809439002671423,0.008815232722143795,0.2258244829513696,0.020380566019511326,0.06267806267806275,-0.1628664495114006,-0.1628664495114006,-0.1585365853658537,-0.1707317073170731,0.5628865979381443,-0.25619834710743805,57.25,-56.0,0.1656626506024097,0.0514871794871794,0.05512572533849136,0.06770833333333348,0.019278828989646613,0.028089887640449396,0.1996124031007751,0.030520646319569078,0.007137192704202988,0.03852080123266566,0.0,-0.038872072646168654
2010-06-30,-0.0034980165885323267,-0.1201814058956916,-0.017126878713736415,-0.11673506611947104,0.01864823930329429,0.08579088471849872,0.5252918287937742,0.5175097276264591,0.5362318840579712,0.5294117647058822,-0.17678100263852248,0.030555555555555447,1.3991416309012874,-2.8545454545454545,-0.26356589147286824,0.10554038236441676,0.10357470210815767,0.11951219512195133,0.02241681260945705,0.08196721311475397,0.02746365105008075,0.029616724738676048,0.022047244094488327,0.054896142433234374,0.06666666666666665,-0.0038952428310955467
2010-09-30,0.01552491586147009,0.13101374570446733,0.02376718824087254,0.00929272070211673,0.0026019886627637323,0.010699588477366184,0.13520408163265296,0.13589743589743586,0.141509433962264,0.14423076923076916,0.19551282051282048,-0.25876010781671155,-0.6475849731663685,-1.8954248366013071,0.3204678362573099,-0.026116110817010818,0.09302325581395343,0.10239651416121998,0.01712915381980129,-0.045454545454545525,-0.1367924528301887,0.030456852791878042,-0.012583461736004109,0.06469760900140664,0.03125,0.12055911473500291
2010-12-31,0.004882046896158565,-0.06152677554120778,0.014878712441382502,0.06496163682864453,-0.011122439521735084,-0.026058631921824116,-0.09662921348314601,-0.09255079006772005,-0.0826446280991735,-0.05882352941176461,-0.21447721179624668,0.6363636363636365,1.2233502538071064,-2.102189781021898,-0.26749335695305576,0.09947454248958154,0.060030395136778214,0.059288537549407216,0.0090939710340181,0.07936507936507953,-0.012143290831815423,0.029556650246305383,-0.016124837451235274,0.03566710700132103,0.030303030303030276,-0.11880011880011876
2011-03-31,-0.01670271995460837,-0.2585997571833266,-0.0229891614375356,-0.24735830931796354,-0.006373605773737023,0.09531772575250841,-0.1915422885572139,-0.19651741293532343,-0.18018018018018023,-0.1964285714285715,0.11262798634812277,-0.15111111111111108,0.9657534246575343,0.9569536423841059,-0.7146311970979444,0.07069874752801586,0.04301075268817178,0.04477611940298498,0.0016688918558078747,0.06372549019607843,-0.009219422249538978,0.03189792663476876,0.010573618821041464,0.003826530612244916,0.02941176470588225,-0.014914054600606685
2011-06-30,0.027048470859780682,0.2636462882096069,0.0422724353360191,0.11869814932992973,0.0024525988114327824,0.0938931297709924,0.7138461538461538,0.7182662538699691,0.7362637362637363,0.7333333333333334,0.6073619631901841,0.09685863874345557,-0.7828106852497096,-1.747884940778342,1.8728813559322033,0.08665537940587953,0.10996563573883167,0.09821428571428559,0.018327224258580355,0.08294930875576045,0.030397022332506074,0.03091190108191655,-0.023803295840962635,0.05908513341804311,0.05714285714285716,0.12958686168847833
2011-09-30,-0.00586417585504595,-0.21166306695464365,0.011483950478964777,0.10439247005134056,-0.03500517549637716,0.008025122121423589,-0.0053859964093356805,-0.00540540540540535,0.018987341772152,0.019230769230769162,0.01526717557251911,-0.03579952267303099,4.86096256684492,-1.9864253393665159,-0.6430678466076696,-0.026628895184135914,0.07616099071207438,0.060162601626016166,-0.001636125654450149,-0.042553191489361764,-0.13245033112582782,0.03223388305847075,-0.029474812433011643,0.020395920815836854,0.027027027027026973,-0.28615780705739813
2011-12-31,0.008018084843347095,-0.04054794520547944,0.0316238369517059,-0.12138429752066116,-0.03354461238420281,-0.03184492904119074,-0.13357400722021662,-0.13586956521739135,-0.11180124223602494,-0.1132075471698114,-0.5648496240601504,0.4034653465346534,-1.1259124087591241,-1.0779816513761469,0.14049586776859502,-0.012223515715948818,0.06041426927502869,0.039877300613496924,-0.016060308095706355,-0.013333333333333197,-0.08882720333102012,0.031227305737109745,-0.04113749309773618,0.003527336860670083,0.05263157894736836,0.09196987376683996
2012-03-31,0.029329315298899816,0.3318103940605368,0.05008858109196335,0.1358024691358024,-0.009686207244475886,-0.0028602073650340065,-0.14583333333333337,-0.14675052410901468,-0.1328671328671328,-0.12765957446808507,1.2354211663066956,-0.23104056437389775,-1.3333333333333333,15.264705882352942,2.003623188405797,0.05097230406599884,0.06402604449267502,0.029498525073746285,0.003664223850766035,0.072072072072072,-0.004569687738004591,0.03309859154929584,-0.03800748632306361,0.028705330990041134,0.0,0.17252768603069746
2012-06-30,-0.006263829787234054,-0.1921097770154374,-0.0075153374233128956,-0.08178053830227738,-0.003769740193581228,0.030476873431337426,0.2780487804878049,0.2825552825552826,0.306451612903226,0.3008130081300815,-0.39323671497584545,0.13761467889908263,12.152173913043478,-1.8553345388788427,-0.5705669481302774,-0.03223997757218944,0.004589495155532974,-0.022922636103151928,0.015599070693660844,-0.037815126050420145,-0.08798775822494265,0.03203817314246771,0.002693804250224474,-0.01765375854214135,-0.025000000000000022,-0.12013256006628004
2012-09-30,0.022232879997259536,0.16719745222929938,0.033997836501313605,0.028184892897406888,-0.0011249744323992283,-0.06297842727905356,-0.23282442748091603,-0.23563218390804597,-0.22222222222222232,-0.2250000000000001,0.2945859872611465,0.048387096774193505,-1.0727272727272728,-1.712473572938689,0.946629213483146,0.004634994206257126,-0.06649746192893402,-0.08944281524926678,0.009803921568627416,-0.008733624454148492,-0.001677852348993203,0.03302509907529716,-0.02298507462686583,-0.06202898550724634,-0.02564102564102566,0.1352165725047081
2012-12-31,0.016823056300268036,0.019554342883128628,0.025357445324565298,0.14089912280701755,-0.0007166990887682578,-0.0033419977720015037,0.027363184079602032,0.032581453634085156,0.031746031746031855,0.048387096774193505,-0.2755227552275523,0.04230769230769238,-2.9772727272727275,-1.1186943620178043,-0.05772005772005773,-0.10582468281430213,-0.03262642740619903,-0.05152979066022545,0.00420711974110044,-0.11453744493392082,-0.04873949579831938,0.03196930946291565,-0.017109685304002475,-0.02595797280593326,-0.02631578947368418,-0.10633709356337107
2013-03-31,0.008470107441829855,0.036128456735057934,-0.00451851132057135,-0.08505526189332047,0.03586065573770503,0.020119225037257715,0.08958837772397099,0.08737864077669899,0.09999999999999987,0.08461538461538454,0.2275042444821731,-0.32472324723247237,2.8850574712643677,-1.475,0.029096477794793296,0.10625604643663333,0.01573917931422142,0.011884550084889645,0.034160489848533704,0.09950248756218905,0.12897526501766765,0.030978934324659146,0.027043829654958218,0.02855329949238583,0.0,0.1324484870985707
2013-06-30,0.00019608483937383347,-0.10546706844597509,-0.0035140807262433738,-0.04674369747899154,0.007715133531157381,0.023374726077428853,0.03333333333333344,0.03571428571428581,0.027972027972027913,0.03546099290780136,0.08298755186721984,0.20491803278688514,0.2633136094674555,-5.473684210526316,-0.12648809523809523,0.08497303600058292,-0.04205866076369669,-0.043624161073825496,0.017762542848239082,0.04977375565610864,0.04929577464788748,0.030048076923076872,0.0075665859564162385,-0.02652683528685995,-0.027027027027027084,-0.06163429227112527
2013-09-30,0.02483254370200938,0.20019249278152063,0.03203213008767203,0.2848484848484849,0.010404397330192383,0.007851534618129818,0.03655913978494629,0.034482758620689724,0.054421768707483054,0.047945205479452024,0.1468710089399745,0.2743764172335601,-1.1428571428571428,-5.670588235294118,0.676320272572402,-0.0021493820526597984,0.032928942807625594,0.033333333333333215,0.02020820575627691,-0.02155172413793094,0.02386278896346017,0.03033838973162184,-0.014118353860017918,0.034854245880861834,0.0,-0.06585728011180025
2013-12-31,0.03564482703650573,0.23295910184442659,0.00583740686251244,-0.011578044596912473,0.09665824752282881,0.020184135977337148,0.06431535269709543,0.06458333333333344,0.06451612903225801,0.07189542483660127,-0.24944320712694878,-0.0658362989323843,4.081967213114754,0.1561712846347607,0.4664634146341464,0.13543349488422196,0.016778523489932917,0.03735144312393879,0.09393757503001199,0.1145374449339207,0.07793153678077203,0.029445073612684114,0.058805606337599015,0.03612982241273732,0.0,0.2474053295932681
2014-03-31,0.006680417449127285,0.01788617886178856,-0.008823251863735004,0.00694143167028205,0.0357870493400656,-0.0666435265532801,-0.2826510721247564,-0.28375733855185914,-0.2848484848484848,-0.28658536585365857,-0.12759643916913943,-0.5161904761904762,-1.8225806451612905,-0.8278867102396514,0.05474705474705477,0.09544700023713526,-0.07810781078107809,-0.05891980360065463,0.03593964334705069,0.0,0.03378378378378377,0.02970297029702973,0.029064748201438784,-0.03900709219858156,-0.02777777777777779,0.01086875046848057
2014-06-30,0.01039755351681948,0.04345047923322687,-0.0020945399152663136,0.020249892287806937,0.032840160779953775,0.1312755671253254,0.5271739130434783,0.5300546448087431,0.5338983050847459,0.52991452991453,0.44387755102040827,0.5472440944881889,0.219607843137255,0.8354430379746836,0.09526938239159,0.06548327741097526,0.008949880668257748,0.03304347826086951,0.033368644067796716,0.031620553359683834,0.10915032679738546,0.028846153846153966,0.0220917225950783,0.03075030750307506,0.0,0.02269019724158383
2014-09-30,0.005024213075060624,-0.07777097366809549,-0.009349806802461447,-0.12077702702702697,0.029974331373685548,-0.0062458908612754716,-0.005338078291814985,-0.0035714285714285587,-0.0055248618784530246,0.0,0.07067137809187285,0.5445292620865141,0.7266881028938907,-2.6206896551724137,-0.14097180563887224,0.07903291344981711,-0.006505026611472453,0.025252525252525304,0.030240902101486444,0.042145593869731934,0.02121390689451963,0.029595015576323824,0.02489740082079339,0.023269689737470234,0.0,0.048941415313225045
2014-12-31,0.0010540263807745642,-0.07768924302788849,0.00317811913131405,-0.14505283381364076,-0.002492161749336752,-0.05061197485941116,-0.08586762075134169,-0.08602150537634412,-0.08333333333333337,-0.08379888268156432,-0.44334433443344334,0.23228995057660629,-0.595903165735568,0.9531914893617022,-0.3205307262569832,0.03191489361702127,-0.023214285714285854,-0.006568144499179085,0.003980099502487455,0.003676470588235281,-0.010386612810155738,0.02874432677760974,-0.00347036839295245,0.0,0.0,0.07880002764913252
2015-03-31,-0.014018832165097361,-0.23866090712742982,-0.010368165890654257,0.18146067415730327,-0.020148291424887166,-0.10557491289198606,-0.39334637964774954,-0.39607843137254906,-0.3878787878787878,-0.3902439024390244,0.19565217391304346,-0.4946524064171123,2.1152073732718892,-0.02178649237472763,-0.46145940390544704,-0.03402974181187857,-0.038391224862888484,-0.02975206611570247,-0.011892963330029649,-0.04029304029304026,-0.03381924198250719,0.028921568627450878,-0.006161264398607091,-0.01865889212827998,0.0,-0.3556096623310053
2015-06-30,0.016323417238748972,0.14089834515366428,0.029878255808313492,0.04755111745126017,-0.006662279980259922,0.05687573042462013,0.39677419354838706,0.4025974025974026,0.41584158415841577,0.4099999999999999,0.43471074380165287,0.25396825396825395,-0.9571005917159763,-1.8129175946547884,0.6965648854961832,-0.0852852285606347,-0.06653992395437269,-0.0681431005110733,0.0047642928786357785,-0.0725190839694656,-0.06035003017501506,0.02810862315388274,-0.02264150943396226,-0.0386215092097445,-0.02857142857142847,0.08909217460475283
2015-09-30,0.006514560192134589,-0.17032739328636548,0.0077709226204492055,0.07444394008170674,0.0043057050592034685,0.0,0.04387990762124705,0.04166666666666674,0.04895104895104896,0.05673758865248235,-0.18663594470046085,0.8037974683544304,9.586206896551724,-2.249315068493151,-0.5129358830146231,-0.16572018585441406,-0.05363204344874395,-0.06032906764168189,0.013725979535812227,-0.16872427983539096,-0.11111111111111116,0.027340129749768405,-0.0022062879205735353,-0.032756489493201424,-0.02941176470588236,-0.22779147265589328
2015-12-31,0.02186297610880783,0.3151848151848151,0.031498270866436195,-0.05745669623996619,0.004864374639294233,-0.07187615186140806,-0.20132743362831862,-0.19999999999999996,-0.20000000000000007,-0.19463087248322153,-0.011331444759206777,-0.5555555555555556,-2.1400651465798046,-2.4649122807017543,1.5427251732101617,0.07834158415841586,-0.08393113342898129,-0.09533073929961089,0.00615460364352538,0.06435643564356441,0.1365606936416186,0.02661253946774922,-0.016583747927031545,-0.057507987220447365,-0.06060606060606066,0.39536533459446677
2016-03-31,-0.013864565090484504,-0.25332320546904674,-0.023106197897789005,-0.1792917974002689,0.002871677059402611,-0.038919777601270855,0.07202216066481992,0.07222222222222219,0.08333333333333348,0.07500000000000018,0.2593123209169055,0.0736842105263158,-3.8085714285714287,-1.7664670658682635,-0.46503178928247046,-0.13244577068747843,0.04855129209083775,0.04086021505376336,0.01125519941277231,-0.13953488372093015,-0.05785123966942152,0.025922671353251214,0.01686340640809436,0.06508474576271195,0.0,-0.09023894255210962
2016-06-30,0.016249815006659674,0.13886063072227883,0.023142565624710176,0.15073730202075364,0.004090648776895911,0.014049586776859524,0.04651162790697683,0.04663212435233155,0.05384615384615388,0.054263565891472965,-0.37087599544937433,0.23529411764705888,-1.231943031536114,-1.541015625,0.470288624787776,0.13943643339065992,-0.020911127707244237,-0.024793388429752095,0.01161383982579256,0.12432432432432439,0.07827260458839413,0.02526766595289076,-0.011885019347706027,0.007638446849140612,-0.032258064516129115,-0.010338083263481512
2016-09-30,0.008679443117609376,0.03483698079499775,0.00793255065500209,0.05932605600379692,0.010021999511121926,0.028524857375713086,0.1358024691358024,0.13118811881188108,0.13868613138686126,0.13970588235294112,0.5913200723327305,-0.17063492063492058,-2.5087719298245617,-0.5740072202166064,0.1362586605080831,0.04783466852432383,-0.0007627765064834868,-0.0021186440677964935,0.015546519971298745,0.03846153846153855,0.05757196495619521,0.024644945697577247,0.0011188811188811432,0.024005053695514755,-0.033333333333333326,-0.02305665349143604
2016-12-31,0.007507507507507505,-0.011221406991799743,0.011108112969958617,0.04793906810035842,0.0010487253952888853,-0.01347068145800312,-0.09565217391304348,-0.0897155361050328,-0.08333333333333337,-0.08387096774193559,-0.17954545454545456,0.200956937799043,-0.2790697674418605,-1.2372881355932204,-0.028455284552845517,0.11512465373961223,0.029770992366412008,0.02972399150743099,0.005887894488930678,0.0972222222222221,0.10295857988165702,0.024052181002853557,-0.006426376082704577,0.037631091918568726,0.0,-0.05644928234274149
2017-03-31,0.007250945775535866,0.015713662156263686,0.006004536761108348,0.04446344591705853,0.009509227173825519,0.034136546184738936,0.04086538461538458,0.03846153846153855,0.04195804195804209,0.04225352112676051,0.17174515235457055,-0.19521912350597614,0.7862903225806452,-0.9642857142857143,-0.0010460251046024993,0.1470588235294117,0.021497405485545018,0.016494845360824684,0.012175134628892526,0.139240506329114,0.10193133047210301,0.02428343949044587,0.0022497187851517886,0.01189060642092743,0.0,-0.027565084226646275
2017-06-30,-0.006345141556409195,-0.16802750322303395,-0.015828101512070036,-0.040933278755628355,0.010776722279875361,0.024077669902912602,0.14780600461893756,0.14814814814814814,0.15436241610738244,0.15540540540540548,-0.1371158392434988,0.03960396039603964,0.4063205417607223,312.0,-0.32774869109947646,0.02382189882189878,0.045718432510885254,0.05070993914807298,0.01642377978255838,0.011111111111111072,-0.009737098344693274,0.023707734162456306,0.017396184062850706,0.034665099882491335,0.0,-0.13249343832021
2017-09-30,0.006614741423744297,0.0325413223140496,0.007457322551662093,0.029876227059325577,0.005133470225872738,0.012514220705347023,0.01810865191146882,0.01814516129032251,0.023255813953488413,0.023391812865497075,0.21780821917808213,-0.16666666666666663,-0.2664526484751204,-1.2619808306709266,0.12772585669781922,0.03756663000253835,0.02012491325468413,0.021235521235521304,0.01228948566226662,0.0219780219780219,-0.021140609636184804,0.023158694001518487,-0.001654715940430096,0.012492901760363218,0.034482758620689724,0.002541449836620968
2017-12-31,0.01587346741387652,0.0750375187593797,-0.13707304022117184,0.05470368835474515,0.2853775438045101,-0.0003745318352059712,6.841897233201581,6.855445544554455,6.903409090909091,6.874285714285714,-0.11361079865016877,-0.12285714285714289,0.12691466083150993,-1.4146341463414633,-0.046961325966850875,0.1087009703987607,1.7074829931972793,1.899810964083176,0.2949640287769786,0.09677419354838701,0.07383224510296338,0.02263450834879399,0.26546961325966834,1.8704430734716775,0.0,0.0193143408981169
2018-03-31,0.012629161882893314,0.1535597952536063,0.02025630425795777,-0.06168958742632613,0.0036065774191575972,0.017984263769202036,-0.8608870967741935,-0.8611041088984119,-0.8605319913731129,-0.8599419448476052,0.035532994923857864,0.20846905537459293,-0.8776699029126214,-12.235294117647058,0.5536231884057972,0.06266548984995568,-0.04648241206030157,0.014341590612776844,0.008854166666666607,-0.1797385620915034,-0.6389148737137511,0.026124818577648812,-0.008950010914647533,0.008401719421649023,0.0,0.22939365229748931
2018-06-30,-0.01034234832144243,-0.23194836627672444,-0.026083873581847605,-0.015075376884422065,0.00858813497380928,0.06661759293338232,0.28623188405797095,0.28675136116152444,0.2989690721649485,0.2953367875647668,0.23774509803921573,0.11859838274932621,18.634920634920636,-2.680628272251309,-0.5988805970149254,-0.008928571428571397,-0.02661396574440056,0.032776349614396016,0.01755291688177607,-0.019920318725099584,-0.032383419689119175,0.02545968882602545,0.019162995594713683,0.01395078473164113,0.03333333333333344,-0.2202099990367017
2018-09-30,0.014921202637755648,0.10766806722689082,0.08388371730199173,0.037840136054421825,-0.06516093967026992,0.01690821256038655,-0.011267605633802802,-0.012693935119887145,0.007936507936507908,0.008000000000000007,0.04752475247524757,-0.14457831325301207,-0.7445432497978981,-1.602803738317757,0.8999999999999999,0.17605978071094364,-0.009745533297238707,0.025513378967019218,-0.03872822594283776,0.1585365853658538,0.1298527443105757,0.02758620689655178,-0.07888480657013175,0.008408178864895755,0.0,0.06732550957381123
2018-12-31,-0.002285116458344838,-0.11711711711711714,0.001679301410613121,0.06145022531749289,-0.007622739018087854,-0.017305734645402082,0.0,0.0,0.019685039370078705,0.01984126984126977,-0.20415879017013228,0.45633802816901414,1.2025316455696204,-1.958656330749354,-0.45410036719706237,-0.03752969121140137,-0.5442864953526518,-0.5521844660194175,0.010555946516537462,0.0,-0.07345971563981035,0.02684563758389258,-0.005396527451900557,-0.5599772598067083,0.032258064516129004,-0.16828703703703707
2019-03-31,0.02271033968928493,0.03222341568206222,0.04090626047803814,0.11346970281744495,-0.002017966410623573,-0.01933701657458564,-0.035612535612535634,-0.03428571428571425,-0.02316602316602323,-0.023346303501945553,0.04631828978622332,-0.3230174081237911,-0.3132183908045977,-1.1428571428571428,0.1188340807174888,0.024494076999012737,0.06538692261547707,0.04065040650406493,0.0034818941504177747,0.01403508771929829,1.2301790281329925,0.028104575163398593,-0.02406227883934886,0.035745047372954364,0.0,-0.07291956582243253
2019-06-30,0.0029679995682909688,-0.004162330905306932,0.005982237356771503,-0.15043327556325825,-0.0013045463440088945,0.029929577464788748,0.06646971935007384,0.06508875739644981,0.07509881422924924,0.07569721115537864,0.21566401816118042,0.4342857142857144,0.4811715481171548,-3.6226415094339623,-0.27855711422845686,0.20283047274917188,0.02421171171171177,-0.005208333333333259,0.008501040943789118,0.20069204152249132,0.13417431192660545,0.027336300063572683,-0.004350978970268371,0.0016632016632016633,0.0,0.17217051936355454
