Quarter end,Assets,Liabilities,Shareholders equity,Revenue,Earnings,Earnings available for common stockholders,EPS basic,EPS diluted,Cash from operating activities,Cash from investing activities,Cash from financing activities,Cash change during period,Cash at end of period,Price,ROE,ROA,Book value of equity per share,P/B ratio,P/E ratio,Cumulative dividends per share,Equity to assets ratio,Net margin,Asset turnover
1993-12-31,0.07481097582620433,0.07823045032347364,0.028045497959538146,0.1254868022501081,0.07268722466960353,0.07077625570776247,0.0625,0.0625,10.123188405797102,-0.7636961808038907,-0.8748909778079271,-0.8643971631205674,-0.23195367506744757,0.011627906976744207,-0.01831501831501836,0.03960396039603964,0.03260869565217406,-0.017857142857142905,0.08394160583941601,inf,-0.03958691910499135,-0.0005534034311012181,0.0
1994-03-31,0.07481097582620433,0.07823045032347364,0.028045497959538146,0.1254868022501081,0.07268722466960353,0.07077625570776247,0.0625,0.0625,10.123188405797102,-0.7636961808038907,-0.8748909778079271,-0.8643971631205674,-0.23195367506744757,0.011627906976744207,-0.01831501831501836,0.03960396039603964,0.03260869565217406,-0.017857142857142905,0.08394160583941601,inf,-0.03958691910499135,-0.0005534034311012181,0.0
1994-06-30,0.014988633298655296,0.013631198073378759,0.034459459459459385,0.1254868022501081,0.07268722466960353,0.07077625570776247,0.0625,0.0625,10.123188405797102,-0.7636961808038907,-0.8748909778079271,-0.8643971631205674,-0.040952707333790306,0.011627906976744207,-0.01831501831501836,0.03960396039603964,0.027368421052631486,-0.017857142857142905,0.08394160583941601,0.8333333333333335,0.02508960573476693,-0.0005534034311012181,0.0
1994-09-30,0.012489560397843658,0.011281121838439434,0.02947419986936639,-0.08650519031141868,-0.014373716632443578,-0.014925373134328401,-0.02352941176470591,-0.02352941176470591,-0.37003257328990224,-0.562046004842615,0.847405112316034,-4.985355648535565,0.1701804538145435,-0.07183908045977017,-0.01831501831501836,0.03960396039603964,0.032786885245901676,-0.09545454545454557,0.08394160583941601,0.5454545454545456,0.020979020979021046,-0.0005534034311012181,0.0
1994-12-31,-0.005790130532359883,-0.007346859059785826,0.01570306923625986,0.006734006734006703,-0.1645833333333333,-0.17748917748917747,-0.1686746987951807,-0.18072289156626498,0.27921406411582206,-0.7380787836903939,-1.8519916142557653,-1.616272965879265,-0.08962516222612416,-0.09081527347781204,-0.01831501831501836,0.03960396039603964,0.015873015873015817,-0.12060301507537685,0.08394160583941601,0.3529411764705881,0.023972602739726012,-0.0005534034311012181,0.0
1995-03-31,0.00940112921299896,0.00619759387531893,0.0526274693526978,0.04556856187290981,0.2294264339152119,0.24210526315789482,0.24637681159420288,0.24999999999999978,-0.8714632174616006,-9.527704485488126,0.7263779527559056,-0.9003407155025553,-0.009811320754717023,-0.017026106696935384,-0.01831501831501836,0.03960396039603964,0.02734375,-0.034285714285714364,0.08394160583941601,0.3043478260869563,0.05183946488294322,-0.0005534034311012181,0.0
1995-06-30,0.030155688750593823,0.03006671267540839,0.031303315777761354,0.02558976409436231,0.07707910750507097,0.07838983050847448,0.04651162790697683,0.04705882352941182,-1.4528301886792452,-3.4730816831683167,-3.048175598631699,6.521367521367521,-0.07452574525745259,0.10046189376443415,-0.014303482587064709,0.03960396039603964,0.03802281368821303,0.07100591715976345,0.08394160583941601,0.19999999999999996,0.004769475357710773,0.02657807308970095,0.0
1995-09-30,0.04552072161690268,0.04792080755745132,0.01460116521614041,0.024561403508772006,0.09416195856873832,0.10019646365422408,0.09999999999999987,0.101123595505618,0.8611111111111112,-0.5736269235581133,-0.017258176757132926,-4.9988636363636365,0.3220168374816983,0.13536201469045128,0.020820189274447953,0.03960396039603964,0.023809523809523725,0.09392265193370153,0.1212121212121211,0.19444444444444442,-0.026898734177215333,0.027508090614886793,0.0
1995-12-31,-0.012200379589389354,-0.015355025014518575,0.029774564015312643,0.013318112633181167,0.024096385542168752,0.02499999999999991,0.010101010101010166,-0.0714285714285714,-11.932835820895523,-1.6830985915492958,-1.7295000708114998,-1.3859050866723501,-0.0939987540665882,0.15249537892791132,0.062422744128553864,0.07619047619047614,0.007155635062611854,0.1262626262626263,0.10135135135135132,0.16279069767441867,0.04552845528455274,0.07191601049868757,0.0
1996-03-31,0.018471417463064688,0.019057513432787276,0.011014732204323252,0.05557641757416443,0.03361344537815136,0.04878048780487809,0.050000000000000044,0.1428571428571428,-0.21296928327645048,-3.8316151202749142,-1.7002523781789942,0.3490427098674522,-0.13996485598594244,0.057738572574177915,0.02617801047120416,0.03539823008849563,0.056838365896980436,0.049327354260089606,-0.009543285616905317,0.15999999999999992,0.03265940902021791,0.030852105778648387,0.0
1996-06-30,0.07139796174704571,0.07563279545056312,0.017091107176903098,0.03415154749199578,0.030894308943089532,0.03322259136212624,0.028571428571428692,0.03846153846153855,-2.2211621856027755,0.673998786407767,2.7468810645966175,-1.5851528384279476,0.09522963489384373,0.030326004548900665,0.019274376417233396,0.008547008547008517,0.025210084033613356,-0.02564102564102566,-0.020646937370956575,0.13793103448275867,-0.04819277108433728,0.017577197149643675,0.0
1996-09-30,-0.01798061716135202,-0.020446748117980973,0.015464952801767406,0.008255933952528327,0.04889589905362768,0.04983922829581999,0.05555555555555536,0.05555555555555536,-2.6519886363636367,-1.0876302673312188,-1.3652238253792084,-2.532649253731343,-0.1332630383648309,0.14716703458425306,0.009454949944382784,0.016949152542372836,0.024590163934426368,0.12280701754385981,0.09276177090653559,0.1212121212121211,0.034810126582278444,0.011671335200746924,0.0
1996-12-31,0.011619795787472853,0.011132220951152183,0.01799841772151889,0.02797679972705569,0.013533834586466176,0.013782542113323082,-0.5175438596491228,-0.5263157894736841,-0.39423903697334484,-0.39400206825232675,-1.0494327390599676,-2.3627510651247716,0.20952648324911105,0.11866581141757537,0.009366391184572942,0.016666666666666607,0.022399999999999975,0.08984375,0.07588424437299035,0.12162162162162149,0.007645259938837912,0.00461467466543608,0.0
1997-03-31,0.07513316642216195,0.07846811734332793,0.031798458649051176,0.044805841354132125,0.06379821958456966,0.06495468277945626,0.1272727272727272,0.14814814814814814,-0.9872249822569198,-32.45051194539249,60.364754098360656,-2.5359535506922732,-0.266073500967118,0.13589449541284382,0.01801310043668125,0.0,0.03442879499217533,0.11111111111111116,0.0914524805738195,0.10843373493975905,-0.03793626707132025,0.011483693155718955,0.0
1997-06-30,0.12135090694651307,0.12771158947436523,0.03496108460959069,0.055908513341804245,0.051603905160390484,0.052482269503546064,0.048387096774193505,0.048387096774193505,50.0,0.07102550189907753,0.8200093501636279,-3.4512939808083747,0.8886780518659076,0.10752145381120659,0.0171581769436997,0.0,0.036308623298033194,0.07096774193548372,0.05859802847754647,0.09782608695652173,-0.07413249211356465,0.010445049954586727,0.0
1997-09-30,0.03332693562627154,0.03358727322648458,0.029474194917824104,0.09596871239470528,0.07427055702917773,0.07412398921832875,0.07692307692307687,0.06153846153846132,-0.48910675381263613,-0.8492831450428087,-0.7238266485633555,-0.40450771055753265,0.28019647242688106,0.21649954421148587,0.020558777016341567,-0.00819672131147553,0.03211678832116793,0.17469879518072284,0.16037247801345078,0.08910891089108919,-0.0017035775127768327,-0.004943820224719064,0.0
1997-12-31,-0.059578293559986895,-0.0652335092400591,0.0244477172312223,-0.00850947021685422,0.0037037037037037646,0.0037641154328733606,0.028571428571428692,-0.0724637681159419,0.29211087420042636,-4.74453781512605,-3.297767738506511,-2.104980079681275,-0.24184687826996865,0.18171599850131126,0.01446280991735538,0.00826446280991755,0.026874115983026803,0.14358974358974352,0.12483281319661166,0.09090909090909083,0.0921501706484642,0.0018066847335138636,0.0
1998-03-31,-0.04201395198179769,-0.04772145026382313,0.0353651523864289,0.024916943521594792,0.04428044280442811,0.04499999999999993,0.04166666666666674,0.140625,0.0264026402640265,-0.5979353680430879,-0.3494477534262418,0.10852713178294571,-0.353614353901892,0.09797083069118595,0.009674134419551894,0.032786885245901676,0.037190082644628086,0.06950672645739897,0.05588585017835901,0.09166666666666679,0.08281249999999996,0.0022542831379621653,0.19999999999999996
1998-06-30,0.22782638814438516,0.24428874942653644,0.02254929186337118,0.03970826580226894,0.027090694935217874,0.028708133971291794,0.040000000000000036,0.027397260273972712,1.319935691318328,-12.892833221701272,-5.842577777777778,-1.4316148967311757,0.23612099644128115,0.05977476176725394,0.006555723651033851,0.0,0.026560424966799445,0.02096436058700224,0.016516516516516422,0.07633587786259532,-0.16594516594516595,0.0004498425551056062,0.0
1998-09-30,-0.057030594082681296,-0.06213510214455231,0.020422573461517546,-0.005715770329955849,0.034403669724770714,0.03488372093023262,0.03846153846153855,0.040000000000000036,-1.0457380457380459,-1.3032026732747615,-1.3474182712604856,-2.070836473247928,-0.2045487260688067,-0.05286103542234344,0.0010020040080160886,0.015873015873015817,0.02457956015523921,-0.07597535934291588,-0.08641063515509606,0.07801418439716312,0.0830449826989621,0.015737410071942515,0.0
1998-12-31,-0.007436215222872744,-0.010320571295529435,0.032788630435939714,0.07394826234648555,0.015521064301552201,0.01573033707865168,0.0,0.0,-36.0,-0.08860132499535633,-0.7663655095894754,-5.436312456016889,1.140788997466522,0.06933256616800931,0.0010010010010010895,0.0078125,0.031565656565656575,0.04222222222222238,0.03597413096200497,0.06578947368421062,0.04313099041533541,-0.0026560424966799445,0.0
1999-03-31,-0.011316828130606416,-0.015661577264681092,0.04674534865742408,0.0017031630170316614,0.03820960698689957,0.03982300884955747,0.04938271604938271,0.0512820512820511,-1.5450216450216452,-1.4966032608695652,-0.28991406603346903,-1.9286960659898478,-0.4948858833474218,0.17944578961528124,-0.0030000000000001137,0.0,0.04773561811505522,0.14498933901918964,0.1252438548575887,0.06790123456790109,0.06278713629402777,0.0031069684864624136,0.0
1999-06-30,0.09567186604051603,0.10150605713927496,0.02235352043328409,0.04177799368472179,0.04837013669821233,0.04893617021276597,0.04705882352941182,0.04878048780487809,-2.1675933280381257,2.457045143638851,-8.832165605095541,-1.0676402767102229,0.06627060497029547,0.05999087591240859,0.0020060180541625616,0.023255813953488413,0.025700934579439227,0.011173184357541777,0.02947295423023588,0.06936416184971095,-0.06628242074927959,0.0070796460176991705,0.0
1999-09-30,0.1157339321912636,0.1226239933984008,0.022442689269890126,0.013522965726276537,0.04513540621865597,0.043610547667342736,0.04494382022471921,0.04651162790697683,-0.5884353741496599,-0.06659807684697872,0.1382100597731062,5.32449494949495,0.393078552931021,-0.032063697008822944,0.0045045045045044585,-0.007575757575757569,0.02505694760820054,-0.057090239410681365,-0.06466823846412939,0.06486486486486487,-0.08179012345679015,0.005272407732864748,0.0
1999-12-31,-0.14774275714043983,-0.15931867219654072,0.024352331606217525,0.10121923165401436,0.017274472168905985,0.017492711370262315,-0.4838709677419355,-0.5555555555555556,6.089256198347107,-2.9007970154315754,-2.6825521577593596,-0.5953284088640447,0.11418431726002698,0.06602934637616742,0.006477329347284622,0.03053435114503822,0.008888888888888946,0.041015625,0.027727763773856662,0.07614213197969555,0.20336134453781507,-0.002622377622377714,0.0
2000-03-31,0.1571397719118579,0.16712080954265374,0.03536119924587289,0.048255692500522196,0.06886792452830193,0.06972301814708692,0.0625,0.22499999999999987,-1.0419678246677546,-2.072307966812383,-1.9428425835491954,-2.900345337937839,-0.19475200970726525,0.2930135557872784,0.016831683168316847,0.0,0.05616740088105732,0.2814258911819887,0.28556412053258584,0.061320754716981174,-0.1033519553072626,-0.006134969325153339,0.0
2000-06-30,0.1092343630529149,0.11545540852110903,0.023672055427251815,0.06357114388202478,0.08561341571050307,0.08571428571428563,0.07843137254901977,0.08163265306122458,-9.916666666666666,-0.3349972960605683,-0.23960726028014234,-1.882398753894081,0.2134111885477492,0.05387096774193556,0.025803310613437214,0.0,0.027111574556829998,-0.002928257686676483,0.006268738075769997,0.057777777777777706,-0.07632398753894076,-0.0017636684303351524,0.0
2000-09-30,-0.05575321386991461,-0.06108293383357655,0.024122521584450496,0.001873711823121571,0.0024390243902439046,0.00164473684210531,0.0,0.0,-0.6971962616822429,-1.4989991242337046,-1.6559260794882427,-2.6793174463077376,-0.2953534099141053,0.19191919191919182,0.014238253440911341,0.029629629629629672,0.025380710659898442,0.16152716593245242,0.12811484290357522,0.05882352941176472,0.08600337268128166,-0.007950530035335635,0.0
2000-12-31,0.03531099020799733,0.03474526102882236,0.043084092353314896,0.0013091453151299337,0.017842660178426506,0.01806239737274229,-0.018181818181818188,-0.07547169811320764,2.7037037037037037,-1.0670051397768585,-1.3850912046234423,-2.622284512964261,0.6799823762667059,0.04571135079609667,0.008423022929340274,-0.007194244604316502,0.024752475247524774,0.01896333754740831,0.002641056422568955,0.06349206349206349,0.009316770186335477,0.013802315227070538,0.0
2001-03-31,0.060393145357181544,0.061534381601961785,0.044837949800990984,0.004109077325364252,0.013545816733067761,0.014516129032257963,0.05555555555555536,0.12244897959183687,-0.36111111111111116,26.266604303086996,1.412123343885567,-1.8018358531317493,-0.32454760031471286,-0.17620333988212178,-0.00696055684454755,-0.007246376811594124,0.06473429951690823,-0.19602977667493793,-0.21240421455938696,0.05597014925373123,-0.012307692307692464,0.011418533157663502,0.0
2001-06-30,-0.05272554963898446,-0.05901721253494718,0.03440099510223127,0.04296875,0.03223270440251569,0.03497615262321152,0.03508771929824572,0.036363636363636154,2.071304347826087,-1.8785508439687115,-2.086375346327711,-1.9144781144781144,0.43939688086455697,-0.05216872857355792,-0.020560747663551315,0.021897810218978186,0.0362976406533575,-0.10956790123456805,-0.07935542718151412,0.05653710247349819,0.09345794392523366,0.004776378636560885,0.0
2001-09-30,-0.02927829581193797,-0.03353250185695067,0.02431325391755279,-0.03905831995719633,-0.035795887281035776,-0.03456221198156684,-0.03389830508474578,-0.0350877192982455,-0.7344280860702153,-0.788659793814433,-0.47485458612975395,-1.7933726067746685,-0.2421885537022883,-0.16055983645227234,-0.029103053435114656,0.0,0.027145359019264514,-0.19064124783362213,-0.1763540290620872,0.050167224080267525,0.056980056980056926,0.006050129645635227,0.0
2001-12-31,0.12925772397535606,0.13866031248263821,0.017499449702839565,-0.00111358574610243,-0.1911532385466035,-0.19093078758949877,-0.21052631578947356,-0.20000000000000007,0.7430703624733475,-8.143754619364376,-4.927238647013717,-2.683126044180434,0.5379093497864262,0.022292993630573132,-0.07321867321867326,-0.06428571428571428,0.020460358056265893,-0.004282655246252598,0.012830793905372895,0.05414012738853491,-0.09838274932614555,-0.045532646048109915,0.0
2002-03-31,-0.04293259715866837,-0.04773793066059473,0.020984315846403367,0.0050167224080268635,0.24609375,0.24975417895771868,0.28888888888888875,0.27272727272727293,-0.5259938837920489,-1.1839273705447209,-1.4005076582635483,-2.1663174148009263,-0.40793889596111566,0.04801172805570819,-0.022269353128313796,0.0,0.02172096908939003,0.027956989247311714,0.0728424386381632,0.051359516616314105,0.06726457399103136,0.0013501350135012302,0.0
2002-06-30,-0.004220053949253955,-0.0068830255708099974,0.028816611929229685,0.019966722129783676,-0.006269592476489061,-0.007081038552321006,-0.017241379310344862,0.0,2.112258064516129,0.9336239628744198,-0.5768918260115921,-1.789692671394799,0.5441099817565807,-0.10491344640671452,-0.03145336225596529,-0.022900763358778664,0.030253475061324586,-0.12343096234309625,-0.10885608856088569,0.04885057471264376,0.03501400560224077,-0.0040449438202248,0.0
2002-09-30,0.04944525864121441,0.05266265574794837,0.010915456698589177,-0.056733732100779366,-0.23974763406940058,-0.24088748019017436,-0.22807017543859642,-0.2321428571428572,-0.486318407960199,-2.7928727272727274,-3.462296760978108,-1.5005388576218417,-0.17637875015823457,-0.24321156475874184,-0.08062709966405368,-0.0859375,0.015079365079365026,-0.26730310262529844,-0.23975155279503102,0.046575342465753344,-0.03653585926928271,-0.05415162454873634,0.0
2002-12-31,-0.004847430710477552,-0.006725590463276143,0.018573223320091037,0.009992313604919367,-0.0010373443983402453,0.0,-0.022727272727272707,-0.023255813953488413,1.0669895076674738,-1.422724322570177,-1.3004731451151668,-2.7232057416267943,0.36902505251293616,-0.07847186370676296,-0.032886723507917215,-0.017094017094017144,0.018764659890539548,-0.0912052117263843,-0.02287581699346397,0.04450261780104725,0.02387640449438222,-0.007633587786259666,0.0
2003-03-31,-0.07671322400717362,-0.08374270801350936,0.008767251150076705,-0.022450532724505368,-0.01661474558670817,-0.01565762004175364,0.0,0.0,-0.9262007028504491,0.252758852317436,3.569821768472054,-2.8277106761071775,-0.4926652196691864,-0.08487394957983196,-0.09005037783375325,-0.060869565217391286,0.011511895625479607,-0.10035842293906816,-0.07580824972129341,0.04260651629072676,0.09327846364883374,-0.06153846153846143,0.0
2003-06-30,0.07191554388650667,0.08082013906341623,-0.026436667658041757,0.04729466718567532,-0.2967265047518479,-0.2969247083775186,-0.3023255813953488,-0.2857142857142857,5.01058201058201,-2.081271543469935,-1.8642508235828696,-1.7477402202810484,0.7261193479383345,0.10958065503520054,-0.14740484429065737,-0.14814814814814825,-0.028831562974203306,0.09561752988047822,0.19481302774427034,0.04086538461538458,-0.09284818067754064,-0.13985655737704927,-0.16666666666666663
2003-09-30,0.0428246013667426,0.04481673305670042,0.018397203082040736,-0.023044043858018948,0.7087087087087087,0.7164404223227752,0.7333333333333334,0.7000000000000002,2.8556338028169015,0.8044063474071974,-0.4766912022432527,-1.9291954490044696,-0.390880731592667,0.17737931034482757,0.04626623376623362,0.032608695652173836,0.02109374999999991,0.21090909090909093,0.3720343260979304,0.03926096997690531,-0.022130013831258677,0.04824300178677787,0.0
2003-12-31,0.017327619636659852,0.01724782017756521,0.018331500183315086,-0.02453871029104049,0.13971880492091393,0.13971880492091393,0.13461538461538458,0.11764705882352922,-1.134931506849315,-1.0288563464331986,-0.8693067649028801,-1.1863999125396305,0.11961554651325934,0.0665417057169635,0.07447633824670308,0.08421052631578951,0.06044376434582999,0.04504504504504503,0.01508462104488606,0.04222222222222238,0.042432814710042566,0.09829545454545463,0.0
2004-03-31,-0.030670539587263734,-0.034754615847417236,0.02065263640231718,0.10179407176287047,-0.016962220508866643,-0.016962220508866643,-0.016949152542372947,0.0,-5.3062605752961085,4.873469387755102,-6.5393978219090325,-2.0469208211143695,-0.11184911335296699,0.06041300527240767,0.06281588447653408,0.04854368932038833,0.02092352092352101,0.0,-0.027908662558898123,0.04051172707889106,0.052917232021709726,0.05638903259182615,0.0
2004-06-30,0.07716488007386957,0.0820469232741059,0.01914443304258584,0.011681415929203576,0.025882352941176467,0.025882352941176467,0.034482758620689724,0.03508771929824572,-0.5622789783889981,-7.048413249942089,-4.533132878454955,-4.111484593837535,0.3918442218145901,-0.09073958980733376,0.11480978260869557,0.12037037037037024,0.021908127208480677,-0.1091954022988505,-0.1607009694258016,0.040983606557376984,-0.054123711340206104,0.12977473065621936,0.0
2004-09-30,-0.050123269091690514,-0.055277647551694176,0.014914571599383253,-0.04408677396780969,-0.12308868501529047,-0.12308868501529047,-0.1333333333333333,-0.11864406779661008,1.0619389587073607,-1.8771399027229903,-1.724886255769042,-0.45012603528988115,0.15480535279805352,-0.06789701526543646,-0.025594149908592434,0.0,0.017289073305670755,-0.08709677419354844,-0.18880497556641496,0.03740157480314954,0.06948228882833773,-0.007802340702210642,0.0
2004-12-31,0.10135490148382398,0.10813393340284283,0.021733064641140887,0.07796486090775989,0.1560592850915432,0.1560592850915432,0.15384615384615374,0.13461538461538458,-0.7457553330430997,-2.568790114832118,-2.494129865438454,-1.7390307793058284,-0.09906944078658586,0.07528721583964804,-0.013133208255159401,-0.016528925619834656,0.024473147518694782,0.05653710247349819,0.07064622124863074,0.039848197343453684,-0.07261146496815285,-0.027959807776321455,0.0
2005-03-31,0.0548759074755889,0.05761640357208364,0.019966015293118033,0.030220713073005,0.0490196078431373,0.0490196078431373,0.06666666666666665,0.06779661016949157,2.970890410958904,-1.131088227108266,-1.1443682190456044,-1.9977846699158175,0.10971985383678451,0.030461468515571744,0.0038022813688214363,-0.01680672268907568,0.019907100199070937,0.006688963210702115,0.02148337595907912,0.038321167883211604,-0.03296703296703296,0.004494382022471877,0.0
2005-06-30,-0.03152552380274409,-0.035824405009921234,0.02525733325400137,0.10860250494396828,0.07836089144500358,0.07836089144500358,0.078125,0.07936507936507953,-0.8840017248814144,2.446709129511677,3.1840066987649154,-2.5470692717584367,-0.15296132063046053,-0.006176924773880432,0.016414141414141437,0.017094017094017033,0.026675341574495803,-0.026578073089700838,-0.032048072108162295,0.03690685413005279,0.05823863636363624,-0.00626398210290835,0.0
2005-09-30,0.046952152820415316,0.04880014389396692,0.02399675013782887,-0.00386502155492785,-0.01533333333333331,-0.01533333333333331,-0.014492753623188248,-0.014705882352941235,2.1115241635687734,-1.2439940864851546,-1.4310301696102465,-2.576061997703789,0.2846109988078578,0.07880133185349614,0.03788819875776395,0.01680672268907557,0.024714828897338448,0.05119453924914663,0.03879979306777037,0.035593220338983045,-0.02147651006711393,0.009905447996398031,0.0
2005-12-31,0.10296650243457206,0.1094604707517417,0.02034570699914995,0.008207730189524032,-0.0006770480704130222,-0.0006770480704130222,-0.014705882352941235,-0.014925373134328401,1.8984468339307048,13.567028528149457,6.017063261752757,-0.05700236751047172,0.2089251129761136,0.06378600823045266,0.0035906642728904536,-0.016528925619834656,0.021645021645021467,0.038961038961039085,0.0019920318725101804,0.03764320785597364,-0.07544581618655699,-0.007579135086937194,0.0
2006-03-31,-0.06026158034066098,-0.06667737337642787,0.028493668073761302,0.07711663706335115,0.10433604336043367,0.10433604336043367,0.11940298507462677,0.1212121212121211,-0.44352844187963725,-1.5270363951473138,-1.5583272679150402,-1.3491695635380456,-0.06034310126159803,-0.0017408123791102792,0.01610017889087656,0.03361344537815114,0.02784503631961255,-0.025000000000000022,-0.028330019880715707,0.0362776025236593,0.09495548961424327,-0.004941599281221842,0.19999999999999996
2006-06-30,0.06237473851977282,0.06508487554741071,0.02835232489064099,0.06664834409784248,0.030061349693251582,0.030061349693251582,0.026666666666666616,0.027027027027026973,-0.6496296296296296,-1.6083196317000987,-1.9668760369755867,-9.524889380530974,0.5474532926049585,0.08467351288509972,0.004107981220657253,-0.008130081300812941,0.029446407538280317,0.05769230769230771,0.04143222506393851,0.035007610350076046,-0.03252032520325199,-0.007674943566591486,0.0
2006-09-30,0.035161150585362844,0.03528853435654056,0.033504883940762564,-0.05501159494975527,-0.02501488981536626,-0.02501488981536626,-0.025974025974025983,-0.02631578947368418,2.887949260042283,0.03611006000324335,-0.6329901329901331,-1.345033413352365,-0.12206486560929142,-0.004823151125401881,-0.0023378141437756517,-0.00819672131147553,0.03318077803203656,-0.033333333333333326,-0.03290766208251461,0.03382352941176481,-0.0014005602240896309,0.0031847133757962887,-0.16666666666666663
2006-12-31,0.09984076346581316,0.10735220394460931,0.0020071138211381623,0.03435582822085892,0.04337202199144774,0.04337202199144774,0.053333333333333455,0.027027027027026973,-0.8787384448069603,1.4300099128710806,3.7763212824580448,-3.1363294471605867,0.29702737326466044,0.053670795189373566,0.012888107791447112,0.0,-0.003875968992248069,0.018808777429467183,0.027932960893854553,0.03556187766714092,-0.08835904628330993,0.007256235827664437,0.0
2007-03-31,-0.019432667569285855,-0.022535464334848876,0.025228834402494904,0.06524317912218258,0.09309133489461363,0.09309133489461363,0.07594936708860756,0.10526315789473673,3.9910313901345296,-0.7283150120233597,-1.2164108659930777,-3.103247953525218,-0.48165692400725657,0.02231686541737643,0.01330248698669756,-0.008264462809917328,0.024458032240133543,0.027692307692307683,-0.011857707509881354,0.03434065934065944,0.0446153846153845,0.00855470508779832,0.0
2007-06-30,0.0012984526073196445,-0.0019192993205860986,0.045456793787406635,0.07522890373669888,0.10819496518478844,0.10819496518478844,0.10588235294117654,0.09523809523809534,1.3009883198562444,-1.6765449660186502,-0.8601777059773829,-1.3965264699727977,0.36846198716702316,0.04582569571738038,0.02910958904109595,0.033333333333333215,0.042322300596852935,0.020958083832335328,0.012499999999999956,0.033200531208499307,0.044182621502209196,0.025446428571428426,0.0
2007-09-30,0.058534097638471616,0.06061481514918965,0.03127365632096901,0.005408515535097802,0.006766553890768412,0.006766553890768412,0.010638297872340496,0.010869565217391353,-0.0831706364701289,-3.7633454035743488,-15.085499711149625,-0.6279683377308707,0.10017050298380226,0.014977692797960573,0.034387132556849664,0.024193548387096753,0.031754294638209224,-0.026392961876832932,-0.03506172839506172,0.032133676092544805,-0.025387870239774513,0.016543317370483424,0.0
2007-12-31,0.07151154774488933,0.07427029511657413,0.03433958801669945,0.09660066384342447,-0.39990398463754195,-0.39990398463754195,-0.4,-0.4086021505376344,0.18611584327086872,0.9842752673627255,0.8182675744401608,-0.857872340425532,0.012940720650910453,0.17158555729984282,-0.09061662198391418,-0.08661417322834652,0.031786074672048414,0.13554216867469893,0.1069600818833163,0.03486924034869254,-0.0347322720694645,-0.11263383297644547,0.19999999999999996
2008-03-31,0.14596841943346672,0.15244817525882648,0.05528819498347781,0.1829662874438993,2.0816,2.0816,2.0701754385964914,2.109090909090909,-0.026570915619389623,0.7993907375058582,0.8461642568741119,1.7924151696606785,0.03567421460628317,-0.0643172986734557,0.2222877358490567,0.18965517241379315,0.05721271393643046,-0.0954907161803713,-0.003698566805362846,0.03369434416365813,-0.07946026986506738,0.165057915057915,0.0
2008-06-30,-0.0345042546298866,-0.039590549751862936,0.04322881640887699,-0.04587965413799189,-0.4402907580477674,-0.4402907580477674,-0.44000000000000006,-0.4385964912280702,0.10955367023238649,-1.3537121005836599,-1.1967842044815873,10.365975696926377,0.39150560137880097,0.023199198052413106,-0.03039073806078152,-0.04347826086956519,0.03885291396854762,-0.032258064516129115,-0.19350348027842235,0.03259604190919663,0.08143322475570036,-0.04391052195526102,0.0
2008-09-30,0.05931404723361089,0.06536393157204468,-0.025805281924215828,-0.1435176622896246,-1.687847866419295,-1.687847866419295,-1.683673469387755,-1.6979166666666667,0.15458776595744683,-2.8044984436188374,-3.064634297777226,-2.179737123451355,-0.331923703022153,-0.04254723582925135,-0.39751243781094536,-0.41666666666666663,-0.03472840605520933,-0.0757575757575758,-0.05178365937859597,0.030439684329199634,-0.08132530120481929,-0.3895147313691508,-0.16666666666666663
2008-12-31,0.0354550502246227,0.01688259326954089,0.32121588089330033,0.2281364716044052,-3.308159136884693,-3.308159136884693,-3.1940298507462686,-3.1492537313432836,-1.1839907860639216,-0.35138092853300684,-0.2551649475235317,-0.39895516818593746,-0.29862012342082267,-0.2090337669931296,0.35012386457473177,0.31168831168831157,0.008763837638376515,-0.180327868852459,0.2876213592233008,0.03063457330415753,-0.022950819672131084,0.31866572036905594,0.0
2009-03-31,-0.043739701853422686,-0.04922142836374399,0.021175697248567937,-0.21441758241758246,-0.5273152205667543,-0.5945077417470055,-0.5782312925170068,-0.5763888888888888,-7.992175273865414,-1.4067602733849982,-1.955547480620155,-0.5174279379157428,-0.2054603126652066,0.006837922749953762,-0.3192660550458716,-0.27722772277227714,0.026063100137174278,-0.0039999999999998925,-0.2535344015080113,0.02972399150743099,0.0738255033557047,-0.2691065662002152,0.0
2009-06-30,-0.04357888780418173,-0.04202674732658784,-0.06069244562968412,0.15846016114592665,0.9419035846724351,0.6289625360230549,0.532258064516129,0.5573770491803278,-1.2318710832587287,2.0980736782902136,0.6709764651202095,-1.7851497886417937,0.20303217527684048,0.06332599118942728,-0.037735849056603765,0.1643835616438356,0.13146167557932253,0.03614457831325302,0.5631313131313131,0.02886597938144342,0.2765624999999998,0.030927835051546504,0.0
2009-09-30,0.038061061866714985,0.04007313197855367,0.01543557361267478,-0.11350463678516232,-0.40197326543602796,-0.1689517912428129,-0.18947368421052624,-0.18947368421052624,-4.371621621621621,-1.63727959697733,-1.6984094874453182,-0.1699438202247191,0.14008612175561974,-0.012946659761781443,0.5014005602240896,0.5058823529411764,0.014966522252855441,-0.12790697674418605,-0.00888529886914391,0.028056112224448926,-0.022031823745410017,0.605,0.0
2009-12-31,0.05442770678356634,0.05791440075225096,0.014268956984236691,0.024735752424539514,0.06599254922831288,0.06599254922831288,0.07792207792207795,0.06493506493506485,-0.07758373890638415,0.6733967168749777,0.44120202751629245,-2.1113931190073325,-0.1365605183824803,-0.059461350122420376,-0.20895522388059695,-0.1406250000000001,0.012805587892898762,-0.07111111111111112,-0.41850040749796247,0.02729044834307981,-0.038798498122653347,-0.11481975967957281,0.0
2010-03-31,-0.07088864946464335,-0.07856978955391969,0.02138749386099703,-0.045193534666099544,-0.21517723414877687,-0.21517723414877687,-0.216867469879518,-0.2195121951219512,-0.8919925512104283,-2.1716389326296976,-2.3480128623825554,-1.4057345851306775,0.06417047917168306,-0.02008181480104121,-0.03380503144654101,0.0,0.021455938697317878,-0.03349282296650713,0.17238962859145057,0.026565464895635715,0.10026041666666674,0.02312719959778775,0.0
2010-06-30,0.04887799304494589,0.050919187365377816,0.026756215973073205,0.0738389575676579,0.26972010178117056,0.26972010178117056,0.2615384615384615,0.28125,20.051724137931036,-1.4948238285506719,-1.5398535194468774,4.456535334584115,0.32903420447260245,0.005313092979126965,-0.05288852725793325,-0.1454545454545454,0.02550637659414856,-0.014851485148514865,-0.004184100418410108,0.025878003696857554,-0.02130177514792908,-0.015724815724815655,0.0
2010-09-30,0.008426099546652077,0.007155181923292231,0.022524019578222143,-0.06762082555486415,-0.22044088176352705,-0.22044088176352705,-0.2195121951219512,-0.2195121951219512,-0.7925197925197925,-0.824885300055056,-0.9472521402927369,-1.0397707736389685,-0.00984620623120136,-0.09248773121932807,-0.06357388316151202,-0.05319148936170215,0.022311631309436697,-0.11557788944723613,-0.0540216086434574,0.02522522522522541,0.0145102781136639,-0.03894158761857214,0.0
2010-12-31,0.03865669681901407,0.04136180661945765,0.009100713578678254,-0.01379310344827589,0.009640102827763508,0.009640102827763508,-0.015625,0.0,-1.85,7.535736742821211,21.653141361256544,18.35158501440922,-0.19243444619573002,0.0717554076539102,-0.07889908256880729,-0.0674157303370786,0.009302325581395321,0.045454545454545414,0.11992385786802018,0.024604569420035194,-0.028605482717520836,-0.04675324675324677,0.0
2011-03-31,0.10537797025186091,0.11345268887573101,0.014333191807094803,0.012745319196932003,-0.038828771483131796,-0.038828771483131796,-0.015873015873015928,-0.046875,-1.5642414860681115,0.9658432374030057,1.508984803836598,-2.1538346984363366,0.27494677075940377,0.026392392780904217,-0.02689243027888455,-0.04819277108433728,0.015597305919886395,0.016304347826086918,0.0934844192634563,0.02401372212692965,-0.08220858895705518,-0.009264305177111742,-0.20000000000000007
2011-06-30,0.05091865272898333,0.05389907989411191,0.014029618082618933,0.052232988083305454,0.0066225165562914245,0.0066225165562914245,0.0,0.016393442622950838,5.725651577503429,-0.6094657556491,-0.5365129079059485,0.9441146102219928,0.419255177020708,-0.08148988466628859,-0.08495394063459571,-0.12658227848101278,0.017452006980802848,-0.09090909090909094,-0.0709844559585493,0.023450586264656792,-0.03609625668449212,-0.06655665566556657,0.0
2011-09-30,-0.013348282259546651,-0.015795664408246313,0.01813419876448319,0.028259949195597045,0.1210526315789473,0.1210526315789473,0.12903225806451601,0.12903225806451601,-2.428105241688762,-1.7087478010554933,-1.5121733081586008,-1.5062072628294496,-0.14953619266145002,-0.1556195965417867,0.010067114093959884,-0.01449275362318847,0.0181818181818183,-0.1705882352941177,-0.08867819297267154,0.022913256955810146,0.03190013869625519,0.004124926340601132,0.0
2011-12-31,0.04293004447533866,0.04678150865587205,-0.004963091376803508,-0.016263510036026774,-0.2359154929577465,-0.2359154929577465,-0.24285714285714277,-0.22857142857142843,-2.9870037132247926,-3.9207545466853198,-3.5006790842064417,-0.9720655737704919,-0.004911681962827985,-0.0748415407118479,-0.05315614617940201,-0.08823529411764708,-0.005390835579514808,-0.0921985815602836,-0.09608323133414931,0.022399999999999975,-0.045698924731182755,-0.060446009389671373,0.0
2012-03-31,-0.08600161438861265,-0.0937132141292113,0.014879237913253629,0.010149628544522393,0.23809523809523814,0.23809523809523814,0.24528301886792447,0.2222222222222221,-0.45547329835405737,-2.221102887779855,-2.7044846180703725,0.6431924882629108,-0.008110675966908398,0.15942028985507228,0.007017543859648923,0.032258064516129226,0.014566395663956566,0.1640625,0.20582261340555164,0.021909233176838905,0.11126760563380289,-0.0006246096189880257,0.0
2012-06-30,0.031129543045468333,0.031813996262196165,0.02313379111751024,0.023927905531385907,0.11414392059553347,0.11414392059553347,0.10606060606060597,0.10606060606060597,-1.2881467793030623,-1.41682377801116,-1.3310800814812285,18.6,-0.16026914001355042,0.016136363636363615,0.03135888501742179,0.046875,0.02604340567612695,0.0,-0.003930376193149954,0.02297090352220521,-0.008871989860582907,0.03312500000000007,0.0
2012-09-30,-0.008717295584500295,-0.011087042413995829,0.019200844350026447,-0.016186140617096556,-0.0044543429844098315,-0.0044543429844098315,0.0,0.0,-2.1539166284928997,-1.2197802197802199,-1.4033616333826007,-0.7119533527696793,-0.05497593411790891,0.04428539476627136,0.0,0.01492537313432818,0.022128213472176972,0.020134228187919545,0.0005636978579481866,0.022455089820359264,0.028132992327365658,0.012704174228675091,0.0
2012-12-31,0.040918484500574115,0.044558497473295766,-0.0006903693476009165,-0.002879177377892006,-0.06208053691275173,-0.06208053691275173,-0.04109589041095896,-0.0547945205479452,-0.907899960301707,-6.117817679558011,-4.390370685982105,-2.801619433198381,0.10480760738363704,0.032340972370957566,0.04391891891891886,0.07352941176470584,0.0019102196752627254,0.006578947368421018,0.02084507042253536,0.02196193265007329,-0.03980099502487555,0.053763440860215006,0.0
2013-03-31,-0.04419076621268614,-0.048835404417324146,0.011305965191975575,0.006909353408270702,-0.022063208109719734,-0.022063208109719734,-0.02857142857142847,-0.02898550724637672,12.469827586206897,-2.1979866677462017,-2.1731764942442062,-0.9415730337078652,0.005542675939989916,0.08692946058091278,-0.009708737864077666,0.0,0.011121703209405753,0.08496732026143783,0.028697571743929284,0.021489971346704717,0.05829015544041427,0.0011337868480725266,0.0
2013-06-30,0.04378853717603004,0.046369909532677056,0.014779101693356722,0.045165915608357254,0.16524390243902443,0.16524390243902443,0.1470588235294117,0.16417910447761197,-6.10144,-1.3892405776205816,-1.9064829891164625,40.22115384615385,0.22721611236252826,0.06146211108990274,0.005446623093681824,0.013698630136986356,0.010999371464487817,0.054216867469879526,0.05793991416309008,0.021739130434782705,-0.028151774785801664,0.008493771234428182,0.0
2013-09-30,-0.013025011312682522,-0.015182423691283975,0.011974730083111007,0.026163645271925606,0.08058608058608052,0.08058608058608052,0.08974358974358965,0.07692307692307687,-2.4067243758625017,0.27393216807500864,-1.4701614237432346,-3.2628878003265687,-0.4189682351162841,0.04243841035784923,0.030335861321777013,0.027027027027026973,0.016785825303077484,0.028571428571428692,0.024340770791074995,0.021276595744680993,0.026448362720403074,0.02021336327905665,0.0
2013-12-31,0.07270851676834833,0.07807955313752091,0.012140051937419294,-0.0019098548510313451,-0.17820823244552053,-0.17820823244552053,-0.17647058823529416,-0.16666666666666674,-1.054222777133684,1.8137294988869201,-4.425375760317699,-1.2431192660550459,0.1753075407886424,-0.013282732447817747,-0.009463722397476282,-0.013157894736842146,0.019260165087129355,-0.02777777777777779,-0.04999999999999993,0.02083333333333326,-0.05644171779141116,-0.015960374243258246,0.0
2014-03-31,0.008599545592745006,0.008933522596340504,0.004587967644084978,-0.004496747034060444,0.06894519740718907,0.06894519740718907,0.0714285714285714,0.0714285714285714,-5.428453947368421,-0.8672597807307897,-0.8843427598655729,0.08946364214543134,0.162503162155325,0.09685314685314683,0.01273885350318471,0.0,0.008098380323935173,0.07428571428571429,0.09327774882751427,0.020408163265306145,-0.005201560468140465,0.008389261744966348,0.0
2014-06-30,0.01857412797136937,0.019130347721159735,0.011864172212926016,0.039596347909658824,0.002756339581036382,0.002756339581036382,0.01333333333333342,0.0,0.8597957288765088,1.752098284880185,0.8105570359091485,-0.4767464487254329,0.07314419389059656,-0.009563277016257588,-0.022012578616352196,-0.040000000000000036,0.015769116334424238,-0.015957446808510523,-0.035271687321258405,0.021290322580645116,-0.006535947712418277,-0.0266222961730449,0.0
2014-09-30,0.05098750770603955,0.05006723387359213,0.062168950339442475,-0.00258851807340299,0.12424409015942817,0.12424409015942817,0.11842105263157898,0.11999999999999988,-1.2661008487269096,1.6436685082872926,2.697596187539421,-4.816660468575678,-0.2601389029706985,0.077727711618925,-0.013933547695605508,-0.02777777777777768,0.014059753954305698,0.059459459459459296,0.08843873517786571,0.020846493998736504,-0.03421052631578936,-0.01025641025641022,0.0
2014-12-31,-0.010860637117792726,-0.010851652501532527,-0.01096855758200077,0.04745574195940305,0.1931540342298288,0.1466992665036675,0.15294117647058814,0.16666666666666674,0.2664165103189493,-1.1426947319144667,-1.0791114649077918,-1.1283250511546332,0.045119736887183626,-0.029864118261908268,0.08260869565217388,0.0714285714285714,-0.002888503755054672,-0.04081632653061229,-0.029959146618247834,0.020420792079207883,-0.0013623978201635634,0.06620610247553249,0.0
2015-03-31,-0.02723597386001375,-0.031066744435336413,0.018783510279444693,0.0038934607556853074,-0.054508196721311464,-0.04136460554371002,-0.030612244897959218,-0.04081632653061229,-2.4542222222222225,2.2875219683655534,4.249880210828941,6.776765375854214,0.33573723201993055,0.029859935354779044,0.04618473895582342,0.053333333333333455,0.02027809965237526,0.03191489361702127,-0.05708937763219479,0.020012128562765463,0.04774897680763979,0.03185745140388763,0.0
2015-06-30,0.121464769242277,0.13065512627053488,0.016462196198708146,0.10700749228735118,0.16688339835283927,0.1717081850533808,0.16842105263157903,0.17021276595744705,1.1116544417277914,-4.730211340389893,-6.668416008761922,2.005370044913103,0.7553990379895945,0.10416978030189816,0.08541266794625724,0.07594936708860756,0.01959114139693341,0.08247422680412386,0.04466501240694809,0.021403091557669507,-0.09244791666666663,0.05494505494505497,0.0
2015-09-30,0.00043604081608838996,0.00015378582940028807,0.004023178997176968,-0.07994267059479254,-0.12852897473997027,-0.13135914958238426,-0.12612612612612628,-0.12727272727272743,-2.0067541489772287,-0.7277148262090841,-0.8921601777606029,-1.8664435853286117,-0.3728557647946986,-0.022604223064428774,0.018567639257294433,0.0117647058823529,0.011138958507379781,-0.04285714285714304,-0.11116389548693584,0.020954598370197974,0.004304160688665792,0.00942460317460303,0.0
2015-12-31,-0.027047748576609743,-0.02847747563858516,-0.008947578120553246,0.0010385114668973738,0.020034100596760362,0.020104895104895215,0.030927835051546504,0.03125,-2.2944220816561245,-2.26667602372013,-3.2659947741694664,-1.7344206974128233,0.43663478900555064,-0.02451184046530941,-0.00868055555555558,-0.023255813953488413,0.00027540622418054106,-0.03482587064676612,-0.05398182789951911,0.020524515393386622,0.017142857142857126,-0.006879606879606759,0.0
2016-03-31,0.008986754558473864,0.008536360750325933,0.01457632180475299,0.02878879571193904,0.01044713748432935,0.010711225364181676,0.010000000000000009,0.02020202020202011,-1.2214571301643713,-0.8190531593672955,-1.0011201528679208,-0.7138918670546791,0.08695652173913038,-0.10917092561044861,0.004378283712784592,-0.011904761904761862,0.01899779735682805,-0.10824742268041232,-0.11129943502824857,0.02011173184357551,0.0070224719101124045,0.0,0.0
2016-06-30,0.03150116979120332,0.03296532863461987,0.013438547233040499,0.1064705882352941,0.07816377171215882,0.08054260279779557,0.08910891089108919,0.07920792079207928,-0.28452022734871285,-9.548071034905083,1212.3529411764705,-3.9743040685224837,-0.2416702355460385,0.08509960159362562,-0.014821272885788939,-0.012048192771084265,0.021075385031072758,0.06358381502890187,0.06611570247933884,0.019715224534501585,-0.01673640167364021,-0.021276595744680882,0.0
2016-09-30,-0.01172417652596991,-0.01823858078627838,0.07018935373959678,-0.07822586769955187,-0.011891062523973872,-0.012553942722636324,-0.00909090909090915,-0.00917431192660556,-6.535514018691589,-0.9422773837667455,-1.3168904833470694,-0.7483801295896328,-0.07895182696108882,-0.019532971067704463,0.015044247787610487,0.024390243902438824,0.01640645673458585,-0.03804347826086962,-0.017292784734645128,0.020408163265306145,0.026950354609929228,0.011627906976744207,0.0
2016-12-31,0.031993171503518436,0.03304188400183872,0.019896031232384814,0.02282277333772753,0.05745341614906829,0.059197457290425026,0.05504587155963292,0.05555555555555536,-0.2921661320276887,14.325473161650637,-4.6069762105102114,-2.047448736289938,0.08978682527030069,0.18169562612342705,0.017436791630339954,0.011904761904762085,0.011455350169226941,0.1581920903954801,0.1480582524271845,0.020000000000000018,-0.009668508287292932,0.016491754122938573,0.0
2017-03-31,-0.019674501661866794,-0.023174326472868434,0.021217145664455872,0.0346383115836959,0.013582966226137971,-0.04201050262565642,-0.04347826086956508,-0.04385964912280682,-0.06416219439475257,-1.2078187634125603,-1.5742036730712134,-2.554290917368541,-0.12805701425356342,0.09684370642667006,0.0,0.03529411764705892,0.019819819819819617,0.08780487804878057,0.05866807610993652,0.019607843137255054,0.04463040446304034,0.0,0.0
2017-06-30,0.03388792537906826,0.03611123566284946,0.00904015955580939,0.02865151043288705,-0.02969938428105756,0.025841816758026548,0.0181818181818183,0.02752293577981657,-1.601631196635657,-2.2903068679980514,-2.0679937952430194,-2.531341534856473,0.22489890733889695,0.06125043337570779,0.0008568980291345785,-0.011363636363636465,-0.028268551236749095,0.04035874439461873,0.04193709435846227,0.019230769230769162,-0.06542056074766334,0.006391347099311773,0.0
2017-09-30,0.04613246054916287,0.049310269020182096,0.00966437886748972,0.01816530426884655,0.11384845091452034,0.0729007633587786,0.0803571428571428,0.0714285714285714,-2.1800466002965475,3.2791241978104946,0.6019988242210463,-1.4130642693190514,-0.07584111821310668,0.007296090602199712,0.011130136986301276,0.02298850574712641,0.060259740259740235,0.034482758620689724,0.00047915668423570423,0.020854021847070303,0.008571428571428452,0.0019540791402052893,0.0
2017-12-31,0.05472061686359675,0.058888109869262184,0.005017117223468315,0.05895034195658644,0.19504021447721187,0.24759871931696908,0.25619834710743805,0.2583333333333333,0.5270148985819423,0.42137022072445607,0.3893362115488397,0.7244732576985413,-0.14151893442778696,0.04054054054054057,0.09229466553767995,0.04494382022471899,-0.08500734933855947,-0.01666666666666672,0.012931034482758674,0.020428015564202484,-0.13597733711048154,0.04241833252072147,0.0
2018-03-31,-0.06435000956053982,-0.06954740941138526,0.0009592607818953436,0.03615303615303622,0.07010656197420073,0.03877958368976331,0.046052631578947345,0.04635761589403975,-1.5616551075584812,-2.3848483720006453,-2.4243408275197713,-3.098952738990333,0.34600827781589616,0.06597402597402602,0.08759689922480618,0.06451612903225823,0.11191432396251666,0.1652542372881356,-0.014184397163120477,0.020019065776930356,0.18196721311475406,0.05706267539756782,0.0
2018-06-30,0.04190566675046781,0.044391533594204,0.012869157050655167,0.020392953929539326,0.023060796645702375,0.055448805929179334,0.06289308176100628,0.06329113924050622,-1.6954792800334868,-1.6757408436564423,-1.6775023998603718,-1.7633211795560673,-0.19622126484033287,0.021442495126705596,0.08838203848895221,0.08080808080808066,-0.01998555261256918,-0.08363636363636362,-0.07098321342925662,0.01962616822429908,-0.06657420249653256,0.06194690265486713,0.0
2018-09-30,-0.02018930293354415,-0.021920887288514712,0.0006661774928555797,-0.021114135847553284,-0.04072745901639341,-0.07100130039011698,-0.059171597633136064,-0.05952380952380942,3.3752633162804697,-1.2295753909825302,-1.4733045662394537,-1.1552836671415403,0.03790838976289357,0.03683206106870229,0.06090373280943018,0.04672897196261694,0.00933660933660918,0.059523809523809534,-0.060402684563758524,0.025206232813932195,0.02080237741456159,0.032083333333333464,0.0
2018-12-31,-0.0012539800647386468,-0.002539052895569327,0.013874282406290739,0.020009496032015184,0.09452603471295062,0.13101903695408734,0.1383647798742138,0.139240506329114,-0.6842286264529884,-1.5899924885884325,-1.0264661858756294,-3.6540744738262276,-0.09693696534868135,-0.1570034971470643,0.0277777777777779,0.0535714285714286,-0.025316455696202556,-0.16479400749063666,-0.20714285714285707,0.024586499776486415,-0.03784570596797654,0.022607993540573412,0.25
2019-03-31,-0.07823087832088493,-0.08587213917021763,0.010268073808322953,-0.015228088841601317,-0.1532080995364723,-0.18366336633663372,-0.17679558011049723,-0.1777777777777778,-0.36027009366151164,-12.367740671824503,-148.1259640102828,-2.001423342822285,0.10749519818404041,-0.024781659388646293,-0.033033033033033066,-0.008474576271186418,0.11688311688311681,0.0,-0.06791406791406795,0.02617801047120416,0.2087745839636912,-0.023292538491906933,0.0
2019-06-30,0.038414072769702656,0.04037816440336095,0.017831239049754144,0.01735431156729006,0.12186689714779608,0.18071558520315345,0.18120805369127524,0.18243243243243246,-0.7112700034048349,-1.3684051828112616,-1.3871086105675148,-0.44324873096446704,0.05403913994600029,0.029105563640434484,-0.006211180124223614,0.017094017094017033,-0.01878354203935595,-0.07623318385650224,0.04535315985130128,0.025510204081632626,-0.06758448060075095,0.003233629749393785,0.0
