Quarter end,Assets,Current Assets,Liabilities,Current Liabilities,Shareholders equity,Revenue,Earnings,Earnings available for common stockholders,EPS basic,EPS diluted,Cash from operating activities,Cash from investing activities,Cash from financing activities,Cash change during period,Cash at end of period,Price,ROE,ROA,Book value of equity per share,P/B ratio,P/E ratio,Cumulative dividends per share,Equity to assets ratio,Net margin,Asset turnover,Current ratio
1993-12-31,-0.0018783925706429283,0.030119520257703813,-0.007746377460363885,-0.01212816695319796,0.020400271931686254,-0.1154522891321853,-0.3623289671283164,-0.3623289671283164,-0.36363636363636365,-1.0,-0.46491971839091484,0.1957936822627544,-0.6415418597950859,-2.6812993854258123,0.07116970757310681,-0.012555690562981003,-0.06410256410256421,0.09795918367346945,0.027906976744185963,-0.0793650793650793,0.03556910569105698,inf,0.031270791749833826,-0.027918781725888242,0.0,0.04274414359598411
1994-03-31,-0.0018783925706429283,0.030119520257703813,-0.007746377460363885,-0.01212816695319796,0.020400271931686254,-0.1154522891321853,-0.3623289671283164,-0.3623289671283164,-0.36363636363636365,-1.0,-0.46491971839091484,0.1957936822627544,-0.6415418597950859,-2.6812993854258123,0.07116970757310681,-0.012555690562981003,-0.06410256410256421,0.09795918367346945,0.027906976744185963,-0.0793650793650793,0.03556910569105698,inf,0.031270791749833826,-0.027918781725888242,0.0,0.04274414359598411
1994-06-30,-0.006612337852908379,-0.01742841159928643,-0.009681613956399993,-0.002863065163881351,0.004719184299348811,-0.1154522891321853,-0.3623289671283164,-0.3623289671283164,-0.36363636363636365,-1.0,-0.46491971839091484,0.1957936822627544,-0.6415418597950859,-2.6812993854258123,-0.11170740243831301,-0.05414273995077934,-0.06410256410256421,0.09795918367346945,0.005279034690799378,-0.0793650793650793,0.03556910569105698,1.0,0.013548387096774084,-0.027918781725888242,0.0,-0.014587892049598872
1994-09-30,-0.0059770937317659145,-0.013327845246201009,-0.009386751215359368,-0.011570026027794778,0.006430660871777016,0.08083175467192127,0.06352113827786399,0.06352113827786399,0.061224489795918435,-1.0,0.9647082443032711,0.09194655908481741,1.8732884921810005,1.2947780678851175,-0.2885802469135802,-0.024284475281873275,-0.06410256410256421,0.09795918367346945,0.0075018754688671585,-0.028735632183908066,0.03556910569105698,0.5,0.014640356460853043,-0.027918781725888242,0.0,-0.001776461880088842
1994-12-31,0.006694379528749517,-0.4632679079426676,0.006829358736171409,-0.5862999341907522,0.006210909464871683,-0.02757906178142877,-0.0033369727352412504,-0.0033369727352412504,0.0,-1.0,-0.09944527571986428,0.3894905989827162,-0.39129880008833706,-2.4691091136648082,0.5959292933954863,-0.008444444444444477,-0.06410256410256421,0.09795918367346945,0.014892032762472196,-0.017751479289940808,0.03556910569105698,0.33333333333333326,0.006900878293601087,-0.027918781725888242,0.0,0.2973453952246774
1995-03-31,-0.003859845364331038,0.853233511620981,-0.021606386045858517,0.9786403448385423,0.016410822290724658,0.05173713279293901,0.33129667345553293,0.33129667345553293,0.32692307692307687,-1.0,0.0611279740315529,-0.30697433002176344,0.5770123839009287,-1.7637081784386617,-0.285173081928338,0.014343343792021512,-0.06410256410256421,0.09795918367346945,0.09684519442406447,0.0,0.03556910569105698,0.25,0.10529595015576332,-0.027918781725888242,0.0,-0.06332876085962502
1995-06-30,-0.00242165609638223,-0.017039656855123764,-0.0036806297258337173,0.18627572725735075,0.001827028777407591,-0.11048104963983463,-0.5086226878679709,-0.5086226878679709,-0.5072463768115941,-1.0,-0.384475548511524,0.1714976480172392,-0.6656083844580777,-1.6700131832471352,0.2672950885994012,0.0,-0.09589041095890405,0.09795918367346945,-0.0073578595317725926,-0.09036144578313243,0.03556910569105698,0.19999999999999996,0.005073280721533235,-0.06396866840731075,0.0,-0.17146692701977062
1995-09-30,-0.0010219147425153396,0.18152612683741198,-0.007412625623173019,-0.034265804313749926,0.02087384339003462,0.17226385254416998,1.1115618661257605,1.1115618661257605,1.0882352941176467,-1.0,0.8209924800833892,-0.1497678279010296,2.0242481691562064,2.0090812774330256,0.6346687948922585,0.027397260273972712,0.05716253443526176,0.09795918367346945,-0.04177897574123979,0.039735099337748325,0.1020608439646713,0.16666666666666674,0.029164329781267595,0.07670850767085091,0.02941176470588225,0.2234496980409486
1995-12-31,0.003542626336145993,-0.41834923277685276,0.001752257885004438,-0.641547058383793,0.009666931628247166,-0.006325297535661689,-0.2825994683108818,-0.2825994683108818,-0.2816901408450704,-1.0,-0.43159121341905937,0.3191610052107381,-0.5595555263463882,-2.020974800060359,-0.3963988595086513,0.05118279569892481,-0.03517915309446251,-0.0037174721189591198,0.08016877637130793,0.09554140127388533,-0.037399821905609976,0.1428571428571428,0.008719346049046228,-0.024611398963730546,0.028571428571428692,0.6228027931615701
1996-03-31,-0.004519407649109519,0.8825818455402956,-0.008986320865622899,1.5656174889599117,0.010107065992394526,0.05040654393218236,0.019867343443465302,0.019867343443465302,0.0,-1.0,0.80337361530715,-0.21240212402124026,0.3898855640875545,-5.975662626859789,3.207130839911997,-0.09451718494271699,-0.08575286968264695,-0.07089552238805974,0.00846354166666674,-0.16279069767441867,-0.08973172987974098,0.125,0.017828200972447528,-0.09296148738379817,0.0,-0.26626604347503524
1996-06-30,0.004399984796103373,0.09462055616968645,0.010834496638773672,0.16483637073043855,-0.01631259530556395,-0.15201098616808761,-0.821898567982657,-0.821898567982657,-0.8235294117647058,-1.0,-0.32487385572685024,-0.20963953325969098,-1.0405727923627686,0.4433640936274703,1.1210452650845162,-0.2738364211477632,-0.12776957163958635,-0.12048192771084332,-0.06907682375726276,-0.2777777777777777,-0.21138211382113825,0.11111111111111116,-0.01220806794055218,-0.1244509516837482,0.0277777777777779,-0.06026289180990907
1996-09-30,-0.014133640859384733,-0.04278663091415735,-0.015177479615972156,-0.15989389429904288,-0.01122414105982572,0.09589817227584696,-0.9114520829761701,-0.9114520829761701,-0.8888888888888888,-1.0,-0.18894288288554417,0.37475902840251885,-24.615306330144513,-1.2528914621263052,-0.13366182271725258,-0.22588674548848786,-0.38357324301439455,-0.3789954337899544,-0.013176144244105403,-0.17307692307692313,-0.11855670103092786,0.05681818181818188,0.0005373455131649774,-0.37959866220735783,0.0,0.1394448030987736
1996-12-31,0.03340898567402939,0.04611402265941744,0.05700903519302458,0.2507535554422642,-0.04365616668710559,-0.019878223120862182,-74.93030009680542,-74.93030009680542,-61.0,-1.0,-0.10897027310860607,0.1867229129662522,-0.224517763872369,0.21378000813780007,-0.18726641918783982,-0.07556270096463014,-0.9876373626373627,-0.9852941176470589,-0.036542515811665455,-0.05813953488372081,0.5014619883040936,0.053763440860215006,-0.06766917293233088,-0.9865229110512129,-0.027027027027027084,-0.1636449480642116
1997-03-31,-0.006725348611790194,0.037786479910320914,-0.007309817600061996,0.02019588212538248,-0.0048613718554235685,0.041476780093195664,-1.2292130417703286,-1.2292130417703286,-1.2333333333333334,-1.0,-0.678652695834639,0.043080104376938655,-2.400131150456248,-2.5020783980691013,0.3461021539982596,-0.04869565217391314,-27.88888888888889,-23.0,-0.009482129832239283,-0.012345679012345734,105.5238558909445,0.05102040816326525,0.001728110599078292,0.0,-0.02777777777777779,0.017274472168905763
1997-06-30,-0.020168225220549063,-0.13483636205994953,-0.019121341285484927,-0.06002131935911725,-0.024881898798136848,-0.07386442860540843,-4.681176806626678,-4.681176806626678,-4.571428571428571,-1.0,1.2325729308005426,-0.07030114226375905,-2.037221966437519,-2.8425281199785752,-0.4737403838429435,-0.19378427787934183,1.7024793388429753,1.6363636363636362,-0.0176730486008837,-0.1875,0.0,0.0,0.0034502587694076325,0.0,0.028571428571428692,-0.07957824639289668
1997-09-30,0.015084289070519175,0.05003361393663042,0.025311480820157994,0.021366589102191247,-0.021902256479555238,0.08170277962589245,-0.1969925045391766,-0.1969925045391766,-0.19999999999999996,-1.0,0.2981881374280668,-0.11186702273488824,-1.2010821732242487,-1.6097787467700257,0.5489245396855396,0.10884353741496589,0.46177370030581044,0.4224137931034484,-0.02473763118440775,0.12307692307692308,0.0,0.0,-0.03896848137535813,0.0,0.0,0.027975400940552175
1997-12-31,-0.01862087103705168,-0.034986802403901174,-0.019603567433268743,-0.027530618298936327,-0.015751284884355732,0.0019045630711258532,-0.39543917286694363,-0.39543917286694363,-0.375,-1.0,-0.35599493807924976,-0.5692611986371847,-5.569003577681358,-1.9227438257299874,-0.327011882637833,0.19836400817995914,-0.2447698744769875,-0.2545454545454545,-0.019984627209838624,0.23287671232876717,0.0,0.0,-0.0005963029218842841,0.0,0.0,-0.007624633431085104
1998-03-31,-0.013699093141312235,-0.01137664280349815,-0.02119266838325473,0.09458168608502238,0.014497652123102167,-0.020514041030124996,-0.42623789278521884,-0.42623789278521884,-0.43999999999999995,-1.0,2.389890958655157,1.4151824817518248,-0.315312463555637,-2.7976205852384437,0.8734824236591983,0.10921501706484626,0.2825484764542936,0.2845528455284554,0.031372549019607954,0.1333333333333333,0.0,0.0,0.04534606205250591,0.0,0.0277777777777779,-0.09680851063829787
1998-06-30,-0.030503486068188645,-0.18261100632535454,-0.04026910041013698,-0.21570155937472135,0.004345990720459492,-0.08770003284996952,-1.3494902222965068,-1.3494902222965068,-1.3571428571428572,-1.0,-0.65144448241893,-0.6264286970283102,1.5258656349611894,-2.0983394539358136,-0.5120839118151737,0.17846153846153845,-0.4287257019438445,-0.4177215189873419,0.019011406844106515,0.1470588235294117,0.0,0.0,0.051369863013698724,0.0,0.0,0.042141081010338866
1998-09-30,0.05997065799594714,0.10223982682106247,0.0766636414699855,-0.012714836988358291,0.003504562944644851,0.11382256012455283,-0.20675912641479355,-0.20675912641479355,-0.20000000000000007,-1.0,0.6381158375390532,1.7600317721816898,-0.7744917176835524,-1.2163718036313946,0.2270892932066979,0.026109660574412663,-0.6030245746691871,-0.5978260869565217,0.003731343283581934,0.0,0.0,0.0,-0.052660152008686234,0.0,0.0,0.11653899284189384
1998-12-31,-0.01593954621196092,0.07902038776895792,-0.004899175504315734,0.15971750198207246,-0.05870377590278131,-0.015152168246129305,-29.145699356913184,-29.145699356913184,-27.5,-1.0,-0.3200082157213697,0.08637909165520852,-0.1744841727540689,-1.8296828809459824,-0.15354391898192765,0.0394402035623409,2.871428571428571,2.864864864864865,-0.05427509293680288,0.03418803418803429,0.0,0.0,-0.037822349570200586,0.0,0.0,-0.0696209650208075
1999-03-31,-0.00025829417444112046,0.14465321838082468,-0.002911525946148852,0.07231152691066667,0.010407488233696638,0.0873149524081458,-1.1316930019349818,-1.1316930019349818,-1.1320754716981132,-1.0,1.6750522118853235,0.1073261187366934,-1.0620973375766514,-9.077860555510568,1.4652932319782601,-0.07588739290085678,-0.24477244772447715,-0.2517482517482518,0.012578616352201255,-0.016528925619834767,0.0,0.0,0.01310303752233466,0.0,0.0,0.06745647969052215
1999-06-30,-0.003483201918823231,-0.0003464889896099832,-0.005008995842024744,0.05094022437050327,0.0024082990119302927,-0.004636733316912722,-0.9876382563435263,-0.9876382563435263,-1.0,-1.0,-0.6177746806938759,-0.16926866438659605,-59.36,-1.5781451277398788,-0.3436313911017631,0.054966887417218446,0.06026058631921827,0.04672897196261694,0.06133540372670798,0.04201680672268915,0.0,0.0,0.020576131687242816,0.0,0.05405405405405417,-0.04881087202718015
1999-09-30,-0.008076512539080483,0.10229370904509194,-0.01276522765394017,0.13601790166828875,0.010018026081396014,0.19446950563708332,135.92105263157896,135.92105263157896,inf,inf,0.5335252114316582,-0.4715650931120544,-0.8783127713045464,-1.9978845887085588,0.5224266741709711,0.14187068424356575,-0.22273425499231958,-0.2232142857142858,0.012435991221653175,0.07258064516129048,0.0,0.0,0.02188940092165903,0.0,0.0512820512820511,-0.0296463864745804
1999-12-31,-0.056200393065876875,-0.08957560326409342,-0.07010325245864268,0.08771697739459516,-0.005311692503375598,-0.07400251019919568,-1.5020821321032738,-1.5020821321032738,-1.5,-1.5,-0.9775330372229469,-9.222020385508124,27.849213799577566,-1.697341442224153,-0.23929544627897137,0.0929081913139087,-1.3754940711462451,-1.3908045977011494,-0.03973988439306364,0.08270676691729317,0.0,0.01941747572815533,0.0625704622322436,14.4,0.07317073170731714,-0.1630674846625766
2000-03-31,0.10868603925742759,0.2861614143827944,0.1029040176070033,0.3986835712571022,0.1347316843236559,0.20334088946459405,-5.758644889626132,-5.758644889626132,-5.583333333333334,-5.583333333333334,26.95345418912298,-1.887171052631579,-1.7359601062423482,-2.427588956443736,0.44907781183128614,-0.006539235412474809,1.5210526315789474,1.5882352941176472,0.06772009029345383,0.03472222222222232,-0.9305667276051188,0.01904761904761898,0.04137931034482767,1.4415584415584415,0.06818181818181812,-0.08034012608121988
2000-06-30,0.001977002530861194,0.05071129500616545,0.0023414255076925627,0.15282999283430865,0.0007846873031671642,0.023621141543823665,-0.8363521793342004,-0.8363521793342004,-0.8363636363636364,-0.8545454545454545,0.3417173505337143,-0.6577678902484242,-1.269479048071715,-1.5943412692871606,-0.1841898858110338,0.11240506329113908,0.0730688935281838,0.125,0.05003523608174776,0.04026845637583887,-0.5683254344391785,0.01869158878504673,0.04839531329597557,0.0478723404255319,0.06382978723404253,-0.08863382751474569
2000-09-30,-0.01829200474287751,-0.06019571585765393,-0.029506089938646785,0.016495009835006513,0.02025949192131038,0.11800507854213471,4.36973619531378,4.36973619531378,4.111111111111112,4.625,-0.025304053612718702,-0.13085978557914657,0.08073381324473439,-0.06516695544917916,-0.21106234003898738,0.034592626308602714,0.2645914396887159,0.3232323232323231,0.057046979865771785,-0.012903225806451646,-0.07563281488258622,0.0183486238532109,0.04081632653061229,0.25380710659898487,0.06000000000000005,-0.07538919013468603
2000-12-31,-0.03295962852258982,-0.15450198998210307,-0.01900604787001825,-0.012530831751196847,-0.08086967149103996,-0.05345817527388719,-3.7603557969577226,-3.7603557969577226,-3.760869565217391,-3.8222222222222224,0.08531469468718167,0.39371331292966305,-0.5247222248579101,-0.4038231967831113,-0.15949355386347974,-0.05807303123625163,-1.2030769230769232,-1.2061068702290076,-0.11746031746031749,-0.11111111111111105,-0.2642692180798416,0.018018018018018056,-0.05555555555555558,0.0,0.05660377358490565,-0.1437760121074536
2001-03-31,0.10069208151902265,1.2725289149871126,0.11752601674785024,0.10542624191713257,0.045298733470868546,0.20246377169707874,-1.619952244613701,-1.619952244613701,-1.6141732283464567,-1.6141732283464567,0.4342070328177581,0.13638366039247107,-25.1647634258335,-34.52488473191938,6.36164426023788,-0.0574497898178421,-1.3106060606060606,-1.2962962962962963,0.1834532374100719,0.06617647058823528,0.0,0.017699115044247815,-0.03163618388531897,-0.9433198380566802,0.05357142857142838,1.0556783031374284
2001-06-30,-0.09649949070486363,-0.4686515837450248,-0.10252884012002916,-0.49265526548811145,-0.03459127361602565,-0.12065797892192587,-0.5833563652898015,-0.5833563652898015,-0.5512820512820513,-0.5512820512820513,-1.0730033537543537,0.8379000663718115,-1.7806781652212922,-2.001863353549134,-0.8657710189927834,-0.05599603567888989,3.902439024390244,4.125,-0.03647416413373861,-0.20000000000000007,20.356502242152466,0.017391304347825987,0.06636038795303723,3.7857142857142856,0.033898305084745894,0.047291487532244325
2001-09-30,0.013007361298051245,-0.08877664663632001,0.015271061820691711,0.014471200354116087,0.004997628259356679,0.08880220603374989,-0.2589446203885988,-0.2589446203885988,-0.2571428571428571,-0.2571428571428571,-16.046293566078905,-0.1285745330895982,-0.9479365422041329,-0.9476525092406072,-0.3376390111613693,0.026246719160105014,-0.7064676616915423,-0.7073170731707318,0.019558359621451027,0.06034482758620685,-0.8675905511811024,0.02051282051282044,-0.0076591670655815625,-0.7164179104477613,0.032786885245901676,-0.10170361247947457
2001-12-31,-0.004999867869725727,0.09473566118872467,-0.0043830392346168034,0.691540988140926,-0.007204725581775651,0.024479463354475373,0.4433311195171956,0.4433311195171956,0.46153846153846145,0.4230769230769229,-1.3673355804656266,-0.9525810852440258,-2.471573469927028,-0.4866857476810573,-0.26166232536111766,-0.07416879795396414,18.254237288135595,18.333333333333332,-0.020420792079207883,-0.08943089430894302,1.391849032667301,0.021775544388609624,-0.002411963338157297,17.63157894736842,0.04761904761904767,-0.35290757454586996
2002-03-31,-0.00896868780457849,-0.06872783537593075,-0.01411876688168412,0.015053825858814207,0.009492622569208242,0.0818693682216236,-0.627040653008963,-0.627040653008963,-0.631578947368421,-0.6216216216216216,-3.3578455432022363,9.94493426140758,-1.957387737060928,-1.2963654940884544,0.10503010614744768,0.03535911602209918,-0.37940140845070436,-0.3663793103448275,0.042956411876184486,0.05357142857142838,-0.9293907047669562,0.021311475409836245,0.018858800773694284,-0.3926553672316385,0.030303030303030276,-0.0824505649717513
2002-06-30,0.01626691687134718,0.07323036435395891,0.02029612470029818,0.004794109817494396,0.002161375937065557,-0.12429586697531725,0.5479562278725458,0.5479562278725458,0.5714285714285714,0.5714285714285714,-0.42870912563014185,-0.13002586243446068,-0.77038608033241,-2.259554767533491,-0.11971725493867613,0.030416221985058778,-0.12198581560283683,-0.12244897959183676,0.003634161114475898,-0.008474576271186418,0.6187793427230044,0.019261637239165186,-0.013763644992880852,-0.13023255813953472,0.014705882352941124,0.06811622089667102
2002-09-30,0.0001494959746124458,0.01951738693743099,-0.005461380503902102,-0.0017282904554036804,0.020147624760002536,-0.1865582751063386,0.6833004123782791,0.6833004123782791,0.7272727272727273,0.7272727272727273,-0.05048912828230823,-0.4230934801855146,3.5328934967012255,0.8219285211542973,-0.24777979855992682,-0.1641636457793888,0.09854604200323114,0.10077519379844957,0.02836451418225705,-0.1709401709401709,-0.054524361948955824,0.022047244094488327,0.02117420596727615,0.1657754010695187,-0.05797101449275355,0.021257431093496537
2002-12-31,-0.004709485594551754,0.0773221978980827,0.0057854757669382195,-0.01628136393913371,-0.041176325152865956,-0.8005943962176122,0.15357694287184764,0.15357694287184764,0.1578947368421053,0.1578947368421053,0.21419692836465876,-3.7291874920804764,3.501268349482264,-1.6295660385457356,0.2073777677233266,-0.06567534076827763,0.04411764705882337,0.04225352112676051,-0.03227699530516437,-0.09278350515463918,-0.16625766871165648,0.0215716486902926,-0.03864278982092373,0.33944954128440363,-0.2153846153846154,0.09507849708943383
2003-03-31,0.000544040550012781,0.027051049092644552,-0.0016702047487084926,-0.0053683786051765825,0.008614711192519664,5.221212232866618,0.0743999286160435,0.0743999286160435,0.06818181818181812,0.06818181818181812,-0.004204827306643177,-1.4718900570556008,-0.9717300123796678,2.0190904752164722,0.15886548077711282,-0.023872679045092826,0.27746478873239444,0.2702702702702702,0.01212856276531249,0.011363636363636465,-0.08241353936718165,0.02111613876319751,0.008333333333333304,0.3287671232876712,-0.03921568627450989,0.03269974226804129
2003-06-30,0.014261666979616727,-0.08615465168677416,0.02008829585713623,0.07661550267036255,-0.006759169057268588,-0.13675132681882707,-0.553700750780679,-0.553700750780679,-0.553191489361702,-0.553191489361702,-0.4767240487114913,0.7496447077858188,-5.605119825708061,-1.9469298344662498,-0.42372093493264884,0.044836956521739246,-0.004410143329658167,-0.010638297872340496,-0.010784901138406244,0.03370786516853941,-0.1828388131515638,0.020679468242245314,-0.020904229460379176,0.03350515463917514,-0.061224489795918324,-0.1511464670098268
2003-09-30,0.017145572873579207,0.07405957238166949,0.016922637803096663,0.016016285758499116,0.017971599832738328,0.40941078158350264,0.4603446350813205,0.4603446350813205,0.4761904761904763,0.4761904761904763,2.1895676481059057,-0.08691196960892733,-1.8197043169722058,-2.4573942906203046,1.071578873535807,0.10663198959687903,-0.04318936877076407,-0.053763440860214895,0.01695941853422145,0.11956521739130443,0.11383709519136409,0.02170767004341534,0.001489572989076482,-0.16957605985037394,0.15217391304347827,0.05696435134141864
2003-12-31,0.06704013297141587,0.15607261733341682,0.07004825938785797,0.22710110017657903,0.004359683661211644,-0.5770262389535183,-1.2523064376369846,-1.2523064376369846,-1.2580645161290323,-1.2580645161290323,-0.5415626291856139,0.23954234724949885,-0.8167546821343029,-2.2534282441498936,-0.6851478779055004,0.12514688601645108,-0.37384259259259256,-0.38068181818181823,0.0625372245384157,0.10679611650485432,0.17973568281938346,0.021246458923512845,-0.007436787307882997,-0.42342342342342354,0.07547169811320731,-0.057892906815020906
2004-03-31,0.020326143587643175,0.09660913020644424,0.017990574968158368,0.018825216949482027,0.030579651255233875,1.1156387817296274,-7.812323232323232,-7.812323232323232,-7.625,-7.625,1.3099300245274854,-0.27304394870351045,12.484251968503937,-1.5072522422549186,1.0445746854500486,0.004177545691906204,0.03512014787430684,0.03669724770642202,0.021860986547085126,-0.05263157894736825,0.5780433159073934,0.020804438280166426,0.009990009990010096,0.03645833333333348,0.0,0.07639785938365007
2004-06-30,-0.013565160870978255,-0.1090960718479953,-0.016074142547733095,0.011979177919088091,-0.0044673851739726045,-0.17060502522185061,-0.6442572877435426,-0.6442572877435426,-0.6415094339622642,-0.6415094339622642,-0.14459209406547424,0.2791628380276876,-0.016350364963503616,-1.8633860091625056,-0.3598948060486522,-0.032761310452418035,-0.048214285714285765,-0.044247787610619316,-0.0060340098738342896,-0.05555555555555558,-0.09228584950307617,0.020380434782608647,0.009396636993076246,-0.03517587939698508,-0.01754385964912264,-0.11966398079890295
2004-09-30,0.013658489442969213,0.04010079039858283,0.018195718192799637,-0.010788314319957304,-0.0031262215166005802,0.09400025972901616,-1.329609869956652,-1.329609869956652,-1.3157894736842106,-1.3157894736842106,-0.7709094891910023,0.45761202536154455,-3.9029266844761055,-2.4658081440410182,1.0101068200493017,0.020967741935483675,-0.40150093808630394,-0.40740740740740744,-0.004415011037527727,0.02941176470588247,0.04223149113660063,0.02130492676431417,-0.016658500734933912,-0.34895833333333326,-0.07142857142857151,0.05160662122687465
2004-12-31,0.010239918930038838,-0.07446643151126764,0.015056745582138209,0.002069149086043387,-0.008187263297447345,-0.007328603074967743,-5.180829539706626,-5.180829539706626,-5.166666666666667,-5.166666666666667,-1.167672662802048,-0.4936014923063138,-0.6650783847786699,-2.0343894899536323,-0.5197952009156686,-0.017377567140600236,0.5768025078369907,0.5781249999999998,-0.0060975609756097615,-0.01904761904761909,0.6093046523261634,0.020860495436766602,-0.01843547583457905,0.3919999999999999,0.1153846153846152,-0.0764814814814816
2005-03-31,0.036303880099870955,0.18648277582875927,0.059341184601451324,0.06483796118343177,-0.05457108012283651,0.36783750794951686,-4.560552900610974,-4.560552900610974,-4.640000000000001,-4.640000000000001,-39.885232268028986,0.14633969791046697,-2.0286610980851894,-2.9765448361284235,2.0625252718721403,-0.001071811361200381,-1.5984095427435387,-1.5841584158415842,-0.06413831567205797,0.009708737864077666,-0.3633820329499534,0.020434227330779153,-0.08730964467005076,0.0,0.051724137931034475,0.11429717264888706
2005-06-30,-0.01063251501409146,-0.08931773408104327,-0.006068789486783799,0.00440219629452554,-0.0317807547929263,-0.312119504841903,-0.7646599104647508,-0.7646599104647508,-0.7692307692307693,-0.7692307692307693,-1.1538938639828658,0.12402388285892685,-2.407206030747314,-1.9155103299414122,-0.6144470310274139,0.054721030042918395,0.79734219269103,0.728813559322034,-0.035756853396901156,0.125,0.0,0.020025031289111483,-0.02169076751946597,0.0,0.0,-0.09339571711355044
2005-09-30,0.08190715143295435,0.5257989827066798,0.1078588576002002,0.03270157754822067,-0.0336977000707297,0.12641342302557246,2.410771007796708,2.410771007796708,2.4761904761904763,2.4761904761904763,-2.5054497806190312,0.24467248417662257,0.30160457582506583,-1.3336737687284739,0.553520898293171,0.04933875890132233,0.7781885397412198,0.6666666666666667,-0.034610630407911014,0.09401709401709413,0.0,0.02208588957055202,-0.10687890847072201,0.0,-0.016393442622950838,0.4775704644700276
2005-12-31,-0.027868054429782907,-0.13526769180170894,-0.07030795235023002,-0.005903463023733235,0.1957742069500532,0.037002339785122684,-0.8563582102188545,-0.8563582102188545,-0.863013698630137,-0.863013698630137,0.1664292873344939,-0.010019859180357416,-0.5557240726697648,-2.315880303474325,-0.4688493398612432,-0.08676684440135718,0.2068607068607069,0.2058823529411764,0.1991037131882203,-0.0546875,0.0,0.021608643457383003,0.23042647994907717,0.0,0.0,-0.13017195056421282
2006-03-31,-0.034568892301143905,0.12553037790043353,-0.03824801611312312,-0.025051960014286445,-0.02104152567630091,0.18001578198875046,-0.2554335813747882,-0.2554335813747882,-0.29999999999999993,-0.29999999999999993,-0.516936505065123,0.06452691407556,1.3036209260934264,-0.7645748787488864,-0.20781093005984885,0.04723991507430991,-0.43755383290267014,-0.42439024390243907,-0.17298451681793914,-0.13223140495867758,0.0,0.021151586368977737,0.013967925504397405,0.0,-0.01666666666666672,0.15444015444015458
2006-06-30,-0.055677594338689684,-0.13186483747624955,-0.06756662977618721,-0.11106044030508666,-0.010203399395070645,-0.2220637351051603,-3.200870769839699,-3.200870769839699,-3.0,-3.0,2.9886954079483217,-0.11401229633013554,-0.8211571587800183,-2.311330670590708,0.34399470607698257,0.018753167764825163,-0.36140888208269517,-0.3389830508474576,-0.012265978050355009,0.23809523809523814,0.0,0.019562715765247374,0.04795918367346941,0.0,0.016949152542372836,-0.023277591973244305
2006-09-30,0.0029310708344008063,-0.0568655506292296,-0.009539444701057609,-0.026062426600209743,0.05069791627723608,-0.04575491265950771,4.01074543656146,4.01074543656146,4.142857142857142,4.142857142857142,-0.019375546440872915,0.4512125036925638,2.710552407932011,-0.862856684834883,0.03510175611357291,0.10447761194029836,-2.095923261390887,-2.1794871794871797,0.04967320261437891,0.11538461538461542,0.0,0.021444695259593916,0.04771178188899716,-0.12643678160919536,0.016666666666666607,-0.03163950143815897
2006-12-31,-0.016471817063226868,-0.20970143938757546,-0.05776412117119589,-0.06805962499410967,0.131400210253922,-0.07635863837560597,2.113468940950569,2.113468940950569,2.138888888888889,2.125,-0.8395873599052173,-3.9000903054842078,-4.616313247952971,251.16598480420808,8.55130314141314,0.17522522522522532,3.1181619256017505,3.413043478260869,0.1332503113325032,0.11724137931034484,0.84619140625,0.02099447513812147,0.15055762081784385,3.5,-0.032786885245901676,-0.15205091937765214
2007-03-31,-0.023634647635420558,-0.15765451162328548,-0.03411799724324782,0.020234610097772165,0.006812644938011481,0.15751443418209932,-0.7835864124060139,-0.7835864124060139,-0.7831858407079646,-0.7822222222222223,-10.94520292450015,-1.228508129920481,-1.4710151238062061,-1.6192543387970035,-0.5544197995065479,0.15331544653123808,0.13124335812964927,0.20935960591133007,0.0016483516483516425,0.01851851851851838,-0.7381645067442475,0.02056277056277045,0.03109854604200346,0.2616959064327484,-0.03389830508474578,-0.17431192660550465
2007-06-30,0.00812443684754971,-0.10459948029788568,0.010342547360454812,-0.015582572801444705,0.002080048501335696,-0.18320793431645854,-0.3534370255945881,-0.3534370255945881,-0.36734693877551017,-0.36734693877551017,-1.8593456384020164,0.7104202037351444,-0.9930358683594231,-0.7158967142124627,-0.35349974386438787,0.011964107676968982,0.002348520432127854,0.054989816700611094,0.0,0.0121212121212122,-0.1454545454545454,0.019088016967126142,-0.0062671367019194735,0.09501738122827352,-0.0350877192982455,-0.09050505050505053
2007-09-30,0.01916580904658116,0.08425792457541315,0.019827036096729644,-0.03048361851631287,0.018037251222237094,0.04240283954705748,0.03235639404362245,0.03235639404362245,0.032258064516129004,0.032258064516129004,-0.5388654407688849,-0.15313082632134034,178.03620273531777,-1.9067674917991753,0.495811212839371,-0.0745484400656814,-0.13730084348641047,-0.10231660231660233,0.017004936917169422,-0.0718562874251496,-0.1170212765957448,0.020811654526534884,-0.0007883326763893361,-0.08465608465608476,-0.018181818181818188,0.11839182585517549
2007-12-31,0.021416204485340096,-0.09139034112703104,0.0243180994161889,0.04732336255801961,0.01385235956705988,-0.12148193069989255,0.45064240683105905,0.45064240683105905,0.4687499999999998,0.4687499999999998,0.7064107296665436,0.24453372300598009,-1.2248878863315689,-3.797457503995351,-0.9272632709375738,0.0791341376863024,-0.5312330255296035,-0.5290322580645161,0.015102481121898714,0.05806451612903207,0.20749665327978573,0.020387359836901098,-0.007495069033530588,-0.5109826589595377,-0.03703703703703709,-0.13247269116186677
2008-03-31,0.06578895790316919,0.011605776766056008,0.08758578762544023,0.1986682750334341,0.004441226081778771,0.1923180106683402,-0.19692760479700733,-0.19692760479700733,-0.1914893617021276,-0.1914893617021276,-0.46564309644782675,-0.1388845860725062,-4.826203368833297,-1.051259679354346,0.6534692796610169,-0.09306149292995736,-0.07647740440324458,-0.09589041095890405,0.0005313496280552332,-0.10365853658536583,0.9235033259423506,0.01998001998002019,-0.05763116057233697,-0.03546099290780125,-0.05769230769230771,-0.15613553113553125
2008-06-30,0.02960795309183295,0.07109063745019917,0.03793156762180283,0.03368907703731949,0.0043324121832351015,-0.12804356936696648,-0.009333310499546221,-0.009333310499546221,-0.02631578947368418,-0.02631578947368418,0.8963731107789403,0.21281425837182866,-0.2606715755391926,-2.301519756838906,-0.5143749499479459,-0.041696881798404584,0.03011292346298644,0.005050505050504972,0.003717472118959231,-0.04761904761904767,0.029394812680115123,0.019588638589618013,-0.024462252214255575,0.05147058823529416,-0.061224489795918324,0.03635377102550197
2008-09-30,-0.003581564044839114,-0.01394790505178356,-0.012642335560758888,-0.06239177088729375,0.026033728689934366,0.13698470964164056,0.25655165260683166,0.25655165260683166,0.2702702702702702,0.2702702702702702,-0.21680560953314099,-0.004642415361203689,0.858766440165567,-6.502880274015258,5.828660949868074,-0.006053726825577033,0.08038976857490865,0.0653266331658291,0.024867724867724927,-0.0071428571428571175,-0.044792833146696576,0.020172910662824117,0.0298313878080414,0.08391608391608396,0.0,0.0515706806282723
2008-12-31,0.1046095175885342,0.09555560244992356,0.13853105978963343,0.2741873200203573,0.00143601700408591,-0.039160606199362014,-0.010881976640206958,-0.010881976640206958,-0.02127659574468077,-0.04255319148936165,0.5886945156939076,-0.09773978971461272,-0.6867449734565063,-0.9010043853444617,0.08449853896495929,-0.1412257327750286,-0.011273957158962844,-0.047169811320754707,0.0025813113061434745,-0.16546762589928055,-0.2174677608440797,0.019774011299435124,-0.09361880772460107,-0.032258064516129115,-0.021739130434782594,-0.14015434403783922
2009-03-31,0.02038148533650541,0.1604740814737866,-0.013882643221948321,-0.0036718543701949047,0.14427648534323612,0.10055833124983593,0.37784083006481395,0.37784083006481395,0.3043478260869563,0.33333333333333326,-0.3843131906806504,-0.30917132400544345,3.806342043331635,45.72935124321235,3.6409103055134944,-0.013741134751772965,0.10604332953249718,0.11386138613861396,0.01596292481977346,-0.008620689655172376,-0.0022471910112359383,0.02216066481994461,0.12135247799907356,0.1399999999999999,-0.022222222222222254,0.1647365373480023
2009-06-30,-0.010224340260394316,-0.0694661303320574,-0.017914529000831125,-0.014313484208907212,0.0132436477017841,-0.2316008391680363,-0.1496103529031737,-0.1496103529031737,-0.21666666666666667,-0.21666666666666667,1.632197952169657,0.006889890842326274,-1.2359277749453568,-0.8033099702763201,0.15430825184488572,-0.04719101123595504,0.04020618556701039,0.05777777777777793,0.012671059300557452,-0.06956521739130417,-0.1576576576576576,0.02168021680216814,0.023957042544403118,0.10721247563352843,-0.045454545454545525,-0.055928411633109576
2009-09-30,-0.008586991974884994,-0.08992132483781823,-0.014547549598676657,0.007738980864430811,0.009016680645020259,0.06675917221958616,-0.2144391818904835,-0.2144391818904835,-0.21276595744680848,-0.21276595744680848,-0.3137785571577484,0.007160901855756352,1.919123625315589,-4.609623756218905,-0.4825355192165405,0.08726415094339623,-0.05748265609514369,-0.04201680672268915,0.00800800800800805,0.0747663551401867,0.03208556149732611,0.021220159151193574,0.01774909237595801,0.015845070422535246,-0.04761904761904756,-0.09689310163243825
2009-12-31,0.003665841468581288,-0.14311319575156878,0.0006624686821574688,-0.7729581493789112,0.012589509647598973,0.007020509534341857,0.30114237359847684,0.30114237359847684,0.29729729729729737,0.29729729729729737,-0.09812376133832823,0.27606366928183457,-0.3426675168946157,-0.0437005483027596,-0.8917490370596481,0.059869848156182126,0.003154574132492094,0.043859649122807154,0.013902681231380498,0.052173913043478404,0.11658031088082899,0.020779220779220564,0.008719778042013404,0.06932409012131702,-0.025000000000000022,2.774052478134111
2010-03-31,0.0033979293452355286,-0.019152836209847535,4.5447628748362945e-05,-0.06143584109649458,0.013218919914519844,0.018304731161377763,0.01735050576608166,0.01735050576608166,0.02083333333333326,0.02083333333333326,-0.010022457322315215,-0.24825234252608552,-0.8930449084269506,-1.013782231730661,0.11353517364203025,0.07818256242325017,-0.04507337526205446,-0.03361344537815136,0.008814887365328206,0.06611570247933884,0.0610982211910287,0.022052586938083207,0.00982318271119853,0.01296596434359798,-0.05128205128205132,0.04503669370413288
2010-06-30,0.008810568627181325,-0.024696619654205554,0.008628481844159763,0.05045793214184302,0.00931976680997848,-0.1702184527631363,-0.17870800561637423,-0.17870800561637423,-0.16326530612244905,-0.16326530612244905,0.364961918982025,0.20126413675482535,-0.7443181818181819,18.20359477124183,1.9579834732773556,0.006833712984054552,-0.04939626783754125,-0.03913043478260858,0.00825242718446595,0.0,0.06778425655976683,0.021576763485477102,0.00038910505836575737,-0.016000000000000014,-0.027027027027027084,-0.07155529272619754
2010-09-30,0.00476924252144606,0.019075589165764573,0.0003650461081168288,0.09478223407868902,0.017403465005586316,0.1186862643126938,0.39721457759986656,0.39721457759986656,0.3902439024390243,0.3902439024390243,0.005816746517093074,-0.010286079015416894,22.561671763506627,-1.8099654544526318,-0.536141931850183,0.046003016591251944,0.09584295612009242,0.10407239819004532,0.016369764082811766,0.03875968992248069,0.0819112627986347,0.021121039805036546,0.012835472578763163,0.12357723577235769,-0.02777777777777779,-0.06910828025477711
2010-12-31,0.01569873184204207,0.06613861706560309,0.012997535690413065,0.17114632955839681,0.023776796341758555,-0.03165111309323221,0.27211412200071616,0.27211412200071616,0.2807017543859649,0.2807017543859649,-0.1937986497476345,0.10877905198144644,-1.0052522280868739,-0.6263551558954534,-0.4318706136623036,0.11247296322999278,0.10326659641728142,0.11475409836065564,0.025106584557081923,0.08955223880596996,-0.0012618296529968154,0.019093078758949833,0.007680491551459223,0.14616497829233022,-0.02857142857142847,-0.08971946630174477
2011-03-31,-0.0071277854725939616,0.067709005252925,-0.016775747556760146,-0.02494840781051233,0.019458298435968358,0.025969614214142345,-0.10731322041320634,-0.10731322041320634,-0.12328767123287665,-0.12328767123287665,0.4921622314023122,-0.11655922477787684,-237.996705107084,-0.5481331533963113,-0.34349219918786067,0.07453013609850934,0.050620821394460336,0.0625,0.015711645101663674,0.047945205479452024,-0.04801010739102962,0.021857923497267784,0.02705792682926833,0.0921717171717169,-0.02941176470588236,0.09508597200037583
2011-06-30,0.0016516244510884626,-0.04911493889329155,-0.000605539820459855,0.22269954862005648,0.00766240234111093,-0.15200959157288685,-0.3104200429240944,-0.32304323069510754,-0.3125,-0.3125,-0.15783896600011804,-0.19490599084175653,-0.14207859193504657,-0.9686411149825784,-0.016407318184777697,0.0521712907117009,-0.004545454545454519,0.010380622837370401,0.006824385805277444,0.03921568627450989,-0.014598540145985495,0.021390374331550666,0.005936920222634479,0.026589595375722697,0.0,-0.22230802230802227
2011-09-30,0.019828565248332986,-0.007838626106429492,0.02350556858730557,0.04016186695771817,0.010495501271230001,0.06435534391554598,0.16148579123210416,0.16412174228111498,0.15909090909090917,0.15909090909090917,-0.3573323904449732,0.4790499205820835,-1.6644897826897211,-7.404761904761905,0.1068378897199973,-0.05560332473488094,-0.03926940639269405,-0.0273972602739726,0.009941256213285232,-0.06289308176100639,-0.06801346801346797,0.020942408376963373,-0.009221689413500544,0.0011261261261261701,-0.030303030303030276,-0.04611650485436891
2011-12-31,0.06235091624070166,0.022674074771635855,0.0808507371079441,0.2685944895711412,0.014274567216951084,-0.042030080043627516,0.2709912392952063,0.25942352797323287,0.23529411764705888,0.23529411764705888,-0.5938627622031009,0.09421651048385948,1.6415071332764297,-7.296158612143742,-0.6077387716045691,0.019726858877086473,-0.048479087452471537,-0.04929577464788737,0.015212527964205913,0.006711409395973256,0.046242774566473965,0.01904761904761898,-0.045420699925539765,-0.0056242969628796935,-0.0625,-0.1938468656025908
2012-03-31,0.02117253164267341,0.12228171188797998,0.02390345316293896,0.010268103314606813,0.01386383629852439,0.02957773776652961,-0.13297707558859972,-0.12389341476976845,-0.11111111111111105,-0.11111111111111105,-0.8924077667533165,-0.020283029562952914,1.6333979596547108,-28.24070064947845,42.204604360420795,0.05833333333333335,-0.04895104895104885,-0.05555555555555558,-0.42838254737769943,0.046666666666666634,0.10635359116022092,0.02084831056793668,-0.0070202808112325155,-0.007918552036199178,-0.06666666666666654,0.11076040172166413
2012-06-30,0.7214726873619148,0.28260492849856833,0.5506638653138707,0.773898817948641,1.2288515525277015,0.4811294416359062,-0.5412733859361818,-0.5533134532852451,-0.7321428571428572,-0.7321428571428572,34.34335299455535,0.280389064664478,-1.314134060682977,-1.9208005201936276,-0.8994879648809545,0.03965129358830133,-0.30987394957983205,-0.24705882352941178,1.2282189668465686,0.8152866242038217,0.07865168539325862,0.023943661971830954,0.2949725058915946,-0.19498289623717224,-0.0357142857142857,-0.2769310255747869
2012-09-30,0.009134707321595492,0.0946676185577826,0.0077686527110045756,0.08888667333053135,0.012045803764353602,0.14296511784974864,3.532940998290746,3.6827398001759173,3.4000000000000004,3.4000000000000004,0.5263858890133413,-0.04051095078987188,-0.670505845261014,-1.1764092021844204,1.5786960643190677,0.048688125507168056,0.07458143074581436,0.13541666666666674,0.01141868512110733,-0.5298245614035088,0.21296296296296302,0.023383768913342706,0.0027297543221109777,0.1628895184135979,-0.03703703703703709,0.005359056806002238
2012-12-31,0.01964372807669501,0.041285450208650376,0.026326981283386397,-0.041316612655013296,0.006558230228053796,-0.09539362534776519,-0.15709662638180877,-0.15851426589862638,-0.16666666666666663,-0.18181818181818177,-0.23208060521192087,0.09418739521352903,-1.2313919420122952,-1.6160432326646799,-0.37714604691690834,0.004642765024503559,-0.055240793201133176,-0.01834862385321101,0.007184399589462931,-0.007462686567164201,-0.07061068702290074,0.02352150537634401,-0.012704174228675091,0.020706455542021773,-0.03846153846153855,0.08617626154939595
2013-03-31,0.0009128771037123506,-0.031106790972906584,-0.004354473980875739,0.05377707763283923,0.011711639538597218,0.18472746534786344,0.30223392508281655,0.3054843288536826,0.30909090909090886,0.33333333333333326,0.2954871530896108,0.0991790215156374,-1.8168776988948254,-1.5439875816757518,0.3293914488065053,0.05391527599486512,0.06596701649175407,0.10747663551401865,0.008831521739130377,0.045112781954887105,0.10318275154004097,0.024294156270518563,0.010723039215686292,0.0894988066825777,0.040000000000000036,-0.08064779977097969
2013-06-30,-0.0046514376376631805,-0.049544696482084705,-0.010258732510361468,-0.19744757121571643,0.006568162948566991,-0.1800285009245507,-0.24744312252139433,-0.25020057959831465,-0.2499999999999999,-0.2499999999999999,-0.37464783374159605,-0.3938283290036316,3.4563211181793747,-2.643241090981485,-0.40715589391124196,0.035322777101096214,0.18284106891701835,0.18143459915611815,0.0063973063973064015,0.02877697841726623,-0.04467194043741263,0.023717948717948856,0.0112155198545012,0.19277108433734935,-0.03846153846153855,0.18434163701067607
2013-09-30,0.008774938741475502,-0.01606996854847631,0.007329600800913827,0.09635535824968922,0.01178330731617283,0.1569374433784756,0.2213978643738732,0.22500160798966218,0.2222222222222221,0.2222222222222221,0.37874348133202207,0.2593261131167268,-0.09727164887307238,-1.8838542928681044,0.6070170572736098,0.0016470588235293349,-0.007134363852556391,-0.0035714285714285587,0.010705921712947486,-0.006993006993006978,-0.15733073550901122,0.023168440826549785,0.002997601918465209,-0.0018365472910926162,0.0,-0.10246394230769218
2013-12-31,-0.02280880842353117,0.03414890601804044,-0.03957403689260253,-0.030422119150019356,0.009884472242731368,-0.060689848303118965,-0.15187340334941812,-0.15324509190886915,-0.13636363636363646,-0.13636363636363646,0.19273968976133982,0.12043064963843841,1.648232700060135,-1.66604221876999,-0.25158350736093615,-0.009396288466055891,-0.005988023952095856,0.010752688172043001,0.010923535253227312,-0.014084507042253502,-0.009248554913294793,0.022031823745410017,0.0334728033472802,-0.009199632014719406,0.040000000000000036,0.0664546367592902
2014-03-31,0.010841056965368301,0.13356658133086485,0.010479441899607478,-0.14821694985210576,0.011694810648213316,0.288492228005506,0.32663978089771684,0.3301145459875081,0.3157894736842106,0.29824561403508776,0.0148488093207364,-0.08133788538764408,-0.1854200482746441,-4.1409755093640666,1.055852781108754,0.03106473796537812,0.0,0.010638297872340496,0.007531106745252147,0.014285714285714235,0.018669778296382722,0.023353293413173715,0.0008675534991324785,-0.029712163416898862,0.03846153846153855,0.33087427405430847
2014-06-30,-0.010906019069027995,-0.12567963009693517,-0.018460349570786017,0.004538833837966827,0.003072213681439395,-0.2676061626043945,-0.45657091441161135,-0.46021097064295613,-0.4666666666666667,-0.45945945945945943,-0.1841428444134825,0.05445189290168995,-0.09508961757660861,-2.2024199536976368,-0.617543466068424,0.05657773689052448,-0.06385542168674696,-0.052631578947368474,0.0019499512512186623,0.04929577464788748,0.04810996563573888,0.022820362785254567,0.014157757873447085,-0.060287081339712945,0.0,-0.1296143413138342
2014-09-30,0.006904027625322273,0.015990040972213793,0.0030826455016395027,0.045264606066487634,0.014019654069431509,0.12810932669851338,0.8297755460474905,0.8420312953904858,0.8499999999999999,0.8499999999999999,0.2593585476100053,0.08510431436094801,0.1176437030782922,-1.1382279216768991,0.2231933364617551,-0.02829777971266867,0.02445302445302433,0.03703703703703698,0.012650016217969462,-0.02684563758389269,0.02950819672131133,0.02231121281464543,0.007122507122506949,0.033604887983706755,0.0,-0.028048780487804792
2014-12-31,0.06417139742317923,0.28118055720777524,0.09530457163396622,0.06987291427447939,0.008721757895818083,-0.00603001692970051,-0.05498682836278457,-0.05543573699779214,-0.05405405405405406,-0.05405405405405406,-0.5437978216393288,0.1662373347071957,-3.3900282777136908,-1.3946123521681997,-0.07200402819738172,0.131720430107527,0.04648241206030135,0.03928571428571437,0.0105701473414479,0.11724137931034484,0.09447983014862005,0.022383883603805277,-0.05233380480905225,0.04334975369458105,0.0,0.19754635438449752
2015-03-31,0.005836192689395503,0.03722462501833812,0.0020462605555484625,-0.007210036048585056,0.013390044818912594,0.3361353874287658,0.14159086129518683,0.14280170390960611,0.14285714285714302,0.14285714285714302,1.0816699502281213,-0.22206287520354095,-1.3629164531009739,-11.763902763902763,0.8351807353435134,0.04295328582739488,0.010804321728691502,0.0034364261168384758,0.008874801901743279,0.030864197530864113,-0.009699321047526688,0.02298850574712663,0.00776119402985076,-0.007554296506137814,0.03703703703703698,0.044819557625145334
2015-06-30,-0.0023980556738476544,-0.1227353831841761,-0.0074405947192777155,-0.08766584548660539,0.007383284843683224,-0.2770595254057103,-0.1793025598413377,-0.18063683100760497,-0.1875,-0.1875,-0.22430600956798774,-0.036321239969823726,-0.3289786502836428,-2.0691127335725774,-0.4865473693102623,-0.08312772822167391,0.08432304038004768,0.07534246575342451,0.008796732642161409,-0.08982035928143706,-0.10381978452497553,0.022471910112359383,0.009774881516587675,0.07611798287345395,0.0,-0.038440111420612766
2015-09-30,0.005558478549772206,-0.03356872791007415,0.0029023530913412365,0.04674487536919014,0.01073897209960517,0.06386356869692311,0.13569132754182456,0.13692550130838965,0.1384615384615384,0.1384615384615384,0.300459409056004,0.2602473774855174,-0.22796155330269763,-0.9800914404768795,-0.0188653376840604,0.0016559718484785435,-0.008762322015334112,-0.015923566878980777,0.010588601681719156,-0.006578947368421018,-0.08524590163934442,0.021978021978022122,0.004986799647990647,-0.0035366931918656697,-0.0357142857142857,-0.0768250289687138
2015-12-31,0.017782151955802794,0.1060519798216657,0.024316050170983594,0.0060897946052973495,0.005613229678573806,-0.1251225360236511,-0.22756193255648682,-0.22938284164123435,-0.21621621621621623,-0.22972972972972983,-0.8303949304062465,0.13084981906728177,-10.232023990730854,16.200581395348838,-0.33073418853581504,0.04401735895846248,-0.051933701657458475,-0.04854368932038844,0.00986132511556237,0.0331125827814569,0.044205495818399276,0.020993343573988632,-0.011967308814944566,-0.020408163265306145,-0.03703703703703709,0.09941006652441331
2016-03-31,0.0043219314755780225,-0.010783240784088544,0.002285810963702284,-0.1324092996498082,0.008334834622348852,0.2154674408566546,0.33942891362931116,0.3429462498074849,0.3275862068965518,0.35087719298245634,5.06502171434117,-0.1518754219649484,-1.1189691066673886,-3.283167145512929,1.1282832922704307,0.07699920823436246,-0.0174825174825175,-0.017006802721088454,0.004272200183094155,0.0641025641025641,0.12757437070938216,0.022567703109327875,0.004135893648449018,0.050724637681159424,-0.03846153846153855,0.14019865281424826
2016-06-30,0.005541331331974986,-0.06765482347936558,0.004934734398467366,-0.11185605999273684,0.006793026468652208,-0.1403220902543496,-0.16462832221693835,-0.1658959750648159,-0.1688311688311689,-0.1688311688311689,-0.04298309478282436,0.04150259067357509,0.0030406453614644224,-1.45301454531996,-0.24016010673782517,0.046131225877596105,-0.013048635824436605,-0.01038062283737018,0.0066848982072320595,0.04216867469879526,0.057838660578386714,0.022069641981363297,0.0011768167107972793,0.0017241379310344307,-0.040000000000000036,0.049764694102333085
2016-09-30,0.00646556937139775,-0.00026166695096729864,0.003546300820662651,0.14682852317224504,0.012177279633638793,0.1542125777508172,0.30005498007580433,0.3120565286350534,0.296875,0.296875,0.40431872996233853,0.11889503462062034,2.625340262311309,-1.1086601307189543,0.034343851675876724,-0.0028109627547435734,0.027644230769230838,0.02447552447552437,0.01328101418653782,-0.011560693641618491,0.0009592326139089558,0.021593090211132315,0.005583308845136692,0.02151462994836484,0.04166666666666674,-0.12829072872949254
2016-12-31,0.031234330932065957,0.02609899894477552,0.04418497652836684,0.3772015285227863,0.006989500426044515,-0.12899015838557126,-0.16339133005737294,-0.16339133005737294,-0.12048192771084332,-0.1325301204819277,-0.2191388983971545,0.5949595796281326,-2.4487883959044368,-8.37218045112782,-0.2447823047733173,-0.06360112755461589,0.03859649122807007,0.030716723549488067,0.006851355376824353,-0.07602339181286544,-0.09391471011020602,0.0201972757162987,-0.02337814143775574,0.035383319292333626,-0.040000000000000036,-0.25495130758288664
2017-03-31,0.0094219377282867,0.013612374842190578,0.009890601146396172,-0.0837793604966739,0.008631842426258807,0.1849207814459497,0.1690830764826139,0.1690830764826139,0.12328767123287676,0.13888888888888884,-0.1680668745378171,-0.3287298558261297,-0.5729553155317888,-2.5820499745028047,0.5127764371425738,0.07657572906867349,0.009009009009008917,0.0033112582781456013,0.00857988165680501,0.06962025316455689,0.022210470650449343,0.022099447513812098,-0.0008976660682227244,0.011391375101708734,0.0,0.10632985754148927
2017-06-30,0.009385329877358739,-0.07190613677874369,0.010391807365055739,0.1355656442490698,0.007527353261640224,-0.16261379911502116,-0.10985390567005182,-0.117047654761267,-0.12195121951219512,-0.12195121951219512,0.08010501670095449,0.2246577204265352,0.435895078470492,-2.361848891181021,-0.4616174638900422,0.06134218804613778,0.018973214285714413,0.013201320132013139,0.00762687004986784,0.053254437869822535,0.043973098810139666,0.021621621621621623,-0.0017969451931715286,0.02896218825422392,0.0,-0.1826629496880392
2017-09-30,0.015456152147473645,0.031171942505922923,0.018145552527231157,-0.30780971279091973,0.010336113386559376,0.12803471274004985,0.12733150209131283,0.12836892034201663,0.13888888888888884,0.13888888888888884,0.2390342504687486,-0.29163449044423995,-1.1503092625081637,-5.786887573964497,4.104351002516438,0.018771612053350983,-0.01423877327491796,-0.019543973941368198,0.010480349344978102,0.011235955056179803,-0.007928642220019877,0.021164021164021163,-0.005100510051005092,0.0,-0.04166666666666663,0.48968653565047915
2017-12-31,0.09217226587447325,0.034795108738615355,0.13487310208557335,0.3696391929419245,0.008020067581151036,-0.0467776910574339,-0.11619065776930415,-0.10980911779390867,-0.08536585365853655,-0.08536585365853655,-0.12216753828113636,2.4214358298137157,-42.40506922257721,-1.866232212256361,-0.696527540334444,0.01616292225634397,0.0033333333333334103,-0.023255813953488302,-0.006338231057332111,0.005555555555555536,0.01948051948051943,0.019861830742659903,-0.08986731001206272,-0.0070367474589524415,0.0,-0.24443959877889232
2018-03-31,0.022628058132787343,0.11432476149924065,0.028909776835138734,0.14125568222187246,0.008792158785637216,0.20705314815029752,0.17105518619029336,0.16294401132112912,0.1333333333333333,0.1333333333333333,-0.6534431619406433,-0.6949087974336976,-0.404588964427398,-4.159105438604502,8.50124459583388,-0.038333068236042545,-0.0011074197120709561,-0.023809523809523836,0.023195129022905103,-0.03314917127071826,-0.04752572268495825,0.0215918712955121,0.00033134526176281653,-0.014960629921259905,0.0,-0.02366522366522361
2018-06-30,0.00551730814779261,-0.17819137804372898,0.004468827871179748,-0.13829602311317968,0.00800351296537083,-0.18973479454641295,-0.09866040836176337,-0.09934853420195444,-0.10588235294117643,-0.10588235294117643,1.9284186952069056,0.3912853149447906,-1.1620099182693138,-1.8700514951666816,-0.6639686720075011,-0.060039695666556425,0.003325942350332456,-0.020905923344947674,0.008217625389628669,-0.07999999999999996,-0.06893004115226331,0.021135515955242434,0.0026498840675721613,0.0007993605115907965,-0.0434782608695653,-0.04626071534141296
2018-09-30,0.007284998763839257,-0.05453966692863943,0.005259233087839155,0.028535325274716028,0.012024511534988624,0.2252434924826956,0.19053166398933974,0.19200715088953602,0.19736842105263164,0.19736842105263164,0.36337119370663373,-0.16332597171821295,0.47561860068259376,-1.0529769692438684,0.10467788264259337,0.06792187225057189,0.019889502762430844,0.0,0.01180438448566612,0.06211180124223592,0.05414364640883962,0.020698051948051965,0.004625041295011512,-0.006389776357827559,0.0,-0.0807376414070975
2018-12-31,0.019340905262811736,0.06448168940698107,0.024952409937051057,0.13294045184493064,0.006840259316116093,-0.104105132240774,-0.22520428483142207,-0.2201707097933513,-0.19780219780219788,-0.19780219780219788,-0.46962412987807367,0.22653281233771128,-3.770581262558365,4.858016464131713,0.5550982504364623,0.08007909045971329,-0.015167930660888396,-0.02135231316725983,-0.00694444444444442,0.06432748538011701,0.050838574423480276,0.019483101391650104,-0.025649457415323873,-0.022508038585209,0.045454545454545414,-0.06051921780175307
2019-03-31,0.018298326812278276,0.0037692651329015447,0.020645013139468427,0.10855648180521582,0.013112161532650823,0.18714587721220788,0.3761781740351935,0.36784731484887034,0.3287671232876712,0.3287671232876712,0.1373420210674008,0.34649111280474454,0.025991271023502405,-2.3510887458343928,-0.4822762798341327,0.03249427917620151,0.027502750275027577,0.025454545454545396,0.025454545454545396,0.038461538461538325,0.03840399002493755,0.020670826833073308,0.00843739453256842,0.023026315789473673,0.0,-0.09456307195406422
