Quarter end,Assets,Current Assets,Liabilities,Current Liabilities,Shareholders equity,Revenue,Earnings,Earnings available for common stockholders,EPS basic,EPS diluted,Cash from operating activities,Cash from investing activities,Cash from financing activities,Cash change during period,Cash at end of period,Price,ROE,ROA,Book value of equity per share,P/B ratio,P/E ratio,Cumulative dividends per share,Equity to assets ratio,Net margin,Asset turnover,Current ratio
1993-12-31,0.05007431435747556,0.14504015555267125,0.05607807613824134,0.09748042417127079,0.035621370736131475,0.13914137040413999,0.42431756073990234,0.42431756073990234,0.4249999999999998,0.10000000000000009,1.0742711283840087,0.1730602676235391,-3.247274640240618,-1.0314192782423959,0.5934837867375884,0.09633027522935778,0.07322264793529154,-0.036743515850144015,0.0347490347490349,0.09025270758122739,-0.21147463252726417,inf,-0.013787510137875159,0.0734908136482939,0.03870967741935494,0.04334156748259588
1994-04-02,0.05007431435747556,0.14504015555267125,0.05607807613824134,0.09748042417127079,0.035621370736131475,0.13914137040413999,0.42431756073990234,0.42431756073990234,0.4249999999999998,0.10000000000000009,1.0742711283840087,0.1730602676235391,-3.247274640240618,-1.0314192782423959,0.5934837867375884,0.09633027522935778,0.07322264793529154,-0.036743515850144015,0.0347490347490349,0.09025270758122739,-0.21147463252726417,inf,-0.013787510137875159,0.0734908136482939,0.03870967741935494,0.04334156748259588
1994-07-02,0.028690013165659556,0.04473807272936314,0.002867246039287563,0.0984618622506972,0.04954761898844584,0.13914137040413999,0.42431756073990234,0.42431756073990234,0.4249999999999998,0.10000000000000009,1.0742711283840087,0.1730602676235391,-3.247274640240618,-1.0314192782423959,-0.011701927803128509,0.12970711297071125,0.07322264793529154,-0.036743515850144015,0.04850746268656714,0.09025270758122739,-0.21147463252726417,1.0,0.020353618421052655,0.0734908136482939,0.03870967741935494,-0.04885923374946177
1994-10-01,-0.0006977731634965068,0.02073628323349075,-0.08126628505194777,0.06051682959826321,0.06275009812426613,0.06259035229448306,0.298785262864947,0.298785262864947,0.29824561403508776,0.10000000000000009,0.21241521333712665,-0.6183845757676274,1.3608590810168955,-10.392295795488533,0.11120933086525331,0.04259259259259274,0.07322264793529154,-0.036743515850144015,0.06405693950177938,-0.004966887417218624,-0.21147463252726417,0.5,0.06346967559943595,0.0734908136482939,0.03870967741935494,-0.037565059968318715
1994-12-31,-0.07359991593714343,0.11710807981465998,-0.015412662153309498,-0.1464754876912051,-0.13430343411555723,0.016459376913739998,0.20186521189026907,0.20186521189026907,0.20270270270270263,0.10000000000000009,-0.1481101905427179,-0.031156851450456546,-0.6455760733587425,10.362181418992881,1.1371220144380123,-0.09591474245115461,0.07322264793529154,-0.036743515850144015,-0.137123745819398,-0.14975041597337757,-0.21147463252726417,0.3333333333333335,-0.06555513452065176,0.0734908136482939,0.03870967741935494,0.30888000627008383
1995-04-01,0.14449853300417015,0.17282458519501254,-0.030001664429564978,0.15911706132156822,0.3135957157924627,0.05299906545019861,-0.13205191968008534,-0.13205191968008534,-0.1348314606741573,0.10000000000000009,0.04945634655971065,-0.1348999789551214,0.04222481888242391,0.1414462555188487,0.6073418628789138,-0.10216110019646363,0.07322264793529154,-0.036743515850144015,0.31395348837209314,0.039138943248532065,-0.21147463252726417,0.5,0.14781021897810231,0.0734908136482939,0.03870967741935494,0.011796407185628688
1995-07-01,0.028206084515076446,0.0622815883674015,-0.01852525459136789,-0.04082170388223583,0.054447476981237974,0.04564082387331725,0.03900290321641786,0.03900290321641786,0.038961038961039085,0.10000000000000009,-0.2006680594667265,1.4528890055445225,-0.8465916019170319,-0.3790062802141424,0.2346454673527416,-0.0991976659372722,0.011900039666798978,-0.036743515850144015,0.05309734513274322,-0.31450094161958564,-0.21147463252726417,0.3333333333333335,0.025437201907789975,0.0317848410757946,0.01863354037267073,0.10747469965082557
1995-09-30,0.03816990942201959,0.041381695150688014,0.016846996896943578,0.08829923469371437,0.04602459275638804,-0.022277200345078962,-0.09910292717917468,-0.09910292717917468,-0.10000000000000009,0.10000000000000009,0.4537372517618192,0.2264476836492213,2.2730631101833225,0.48748829422729734,0.28269847110772006,0.08097165991902844,-0.061936495491963894,-0.036743515850144015,0.04761904761904767,0.027472527472527597,0.0036079374624173877,0.25,0.007579672695951611,-0.027251184834123143,-0.0060975609756097615,-0.0430716614118527
1995-12-31,0.027442096900863078,0.002502097613505949,-0.04643014939073098,-0.03378662175070657,0.05737200852803692,0.0221595682428104,0.1791388047853688,0.1791388047853688,0.18055555555555558,0.10000000000000009,-0.4344609641108117,0.7962831011591864,-0.026753651889120378,-2.008481149853589,-0.2222627418884815,-0.07041198501872659,-0.10447137484329305,-0.06432311144353042,0.053475935828877,-0.11229946524064183,-0.06470940683043747,0.09999999999999987,0.02906479740126522,-0.03410475030450688,-0.030674846625766805,0.037527223990618364
1996-03-30,0.046831896823835484,0.03965489290855273,0.07395379152757386,0.057426286723557984,0.03429430939547928,-0.003980209089215259,-0.29217554972292525,-0.29217554972292525,-0.2941176470588235,0.10000000000000009,0.20874118258518348,-0.09564847452154535,-1.369998556264544,-0.951319080484429,-0.01391209503766866,0.14504431909750215,-0.09659356042930467,-0.08553157474020778,0.035532994923857864,0.08734939759036142,0.15951313260730315,0.18181818181818188,-0.011962119953480621,-0.06305170239596458,-0.025316455696202556,-0.016793153560471508
1996-06-29,0.00926989521894761,-0.05217552669674863,-0.038214337991150926,-0.045379874777694895,0.03386354758421506,0.039931210109835025,0.050567335301531235,0.050567335301531235,0.050000000000000044,0.10000000000000009,0.11086201949394403,0.24776460944407463,-3.9341725110465844,15.685578695177963,-0.235406352108824,-0.011259676284306797,-0.0950413223140496,-0.08479020979020979,0.0318627450980391,-0.047091412742382266,0.045303867403314824,0.15384615384615374,0.024382041365394347,-0.06460296096904439,-0.019480519480519543,-0.007116658455137648
1996-09-28,0.043035583872240935,-0.0018395177097647597,0.0555890206819778,0.09706949943574994,0.03494039618730249,0.028921863874215914,0.0478649084415117,0.0478649084415117,0.04761904761904767,0.10000000000000009,0.2499018675506357,0.12329430755358906,-0.45780979115001996,-0.431691313007349,-0.17497330149901624,-0.13950177935943064,-0.05821917808219168,-0.050620821394460336,0.03562945368171033,-0.1656976744186046,-0.08720930232558155,0.13333333333333353,-0.007715036112934892,-0.04172661870503591,-0.013245033112582738,-0.0901472128797487
1996-12-31,0.035242120424248125,0.01378674468611596,-0.015168168681762295,-0.059611286702928146,0.05212751892266598,-0.01608175828611813,0.4244174899096125,0.4244174899096125,0.4242424242424241,0.10000000000000009,-0.21411426798541544,-0.06772751907001406,-2.146548248599173,-0.2065278342695992,-0.1682811534919767,0.052936311000827185,-0.004848484848484769,0.001006036217303885,0.050458715596330306,0.017421602787456303,0.07585408222350898,0.11764705882352944,0.01621174524400315,0.021021021021021102,-0.020134228187919434,0.07805114531571955
1997-04-05,0.05477389853908976,0.16024731796436287,0.08408133794252359,0.055517023624181094,0.0358283821344334,0.09553378216924813,-0.21155433960766712,-0.21155433960766712,-0.21276595744680848,0.10000000000000009,-0.0728126639614346,-0.5504289217108872,1.1624456316800211,-4.02988935680283,0.6130356166107689,-0.010212097407698462,0.010353227771010776,0.01306532663316573,0.03493449781659397,-0.05821917808219179,-0.04144241119483316,0.1578947368421053,-0.01790656031255089,0.013235294117647012,0.0,0.09921304103428885
1997-07-05,0.007077134117363437,-0.011840661715620038,0.002193326146471053,0.05243150921067019,0.03903788550073917,0.024345414109888885,0.1227994474947931,0.1227994474947931,0.12162162162162149,0.10000000000000009,0.6050211912165151,0.39251791437369743,-4.336597104892253,-1.3616626118256985,-0.1374501963642184,0.0349206349206348,0.026522001205545598,0.03273809523809512,0.04008438818565385,0.0,-0.014037057832678279,0.09090909090909083,0.03182496270512192,0.03483309143686508,0.0,-0.06105855279979544
1997-10-04,0.05183392039056689,0.14579306037178497,0.06757016494376766,0.10450559455902897,0.04164856740321987,0.06427491225000082,0.09575234387633591,0.09575234387633591,0.09638554216867479,0.10000000000000009,0.4036521921533156,-0.1867132898047914,-0.8627896128948984,-7.000731070798388,0.956236568060693,0.09969325153374231,0.0358191426893717,0.04034582132564846,0.04056795131845847,0.058181818181818334,0.03018223234624151,0.12500000000000022,-0.0097991967871488,0.035063113604488105,0.006849315068493178,0.03736179946626006
1997-12-31,0.019674096141801822,0.03427282450633973,-0.03682618199187826,-0.08205238427826322,0.04005578865710313,-0.05839077412765947,-0.04366623139804249,-0.04366623139804249,-0.04395604395604402,0.10000000000000009,-0.5759632092412902,0.14123266141007274,0.049942671990225174,-1.005557972354647,-0.002716816818863932,-0.10529986052998608,-0.05668934240362822,-0.050784856879039664,0.03898635477582846,-0.14089347079037806,-0.17025981205085683,0.07407407407407396,0.01995457495133035,-0.046070460704607075,-0.006802721088435382,0.12673911902136825
1998-04-04,0.011768848631945827,0.0024248382729177287,0.005531512715299058,0.004959292777105606,0.03044174727870641,0.09791384953770188,-0.14843696133868622,-0.14843696133868622,-0.14942528735632188,0.10000000000000009,0.4278624567951643,0.11274131421817901,3.2907211274998787,17.192495518088272,-0.049560324122773225,-0.011691348402182444,-0.03605769230769229,-0.021400778210116767,0.030018761726078758,-0.04800000000000004,0.008660892738174608,0.10344827586206917,0.018609829807539224,-0.029829545454545525,0.006849315068493178,-0.0025627883136852825
1998-07-04,0.030868569057648232,0.018151492446218942,0.03744640483212014,-0.030700999820077457,0.032288103835137694,-0.009230328669583399,0.10882357451995439,0.10882357451995439,0.10810810810810811,0.10000000000000009,-0.03083234073241603,0.3313146116436172,-1.2110497479584326,-2.5634864164598414,0.08152741886515291,0.039432176656151396,-0.03740648379052358,-0.029821073558648048,0.032786885245901676,0.008403361344537785,0.039630118890356725,0.09375,0.0012492192379762734,-0.023426061493411532,-0.006802721088435382,0.05040642810426976
1998-10-03,0.028218326031743235,-0.002744998504796925,0.045613444522440316,0.07747143192579586,0.01751547746916904,-0.1040357108743174,-0.09830387972421573,-0.09830387972421573,-0.09756097560975607,0.10000000000000009,0.3248971085575163,0.23708732766384588,-4.300556745258762,-1.7747374070990118,-0.058401053914416634,-0.22458270106221545,-0.07772020725388606,-0.07172131147540994,0.022927689594356204,-0.25,-0.22236340533672172,0.08571428571428585,-0.010293200249532064,-0.03148425787106435,-0.04109589041095896,-0.07444963308872576
1998-12-31,0.008122458910590602,-0.014050924667508458,-0.03931094738945107,-0.11545860848593092,0.020489609158758526,-0.13640750055160367,-0.059987688771441894,-0.059987688771441894,-0.05405405405405406,0.10000000000000009,0.1566485949396781,-0.09204995967235308,-0.2549185860901666,-3.0228971601408072,0.1254667144688646,0.05088062622309186,-0.0779494382022472,-0.07284768211920523,0.024137931034482918,0.0277777777777779,0.10702614379084974,0.07894736842105265,0.012133627481878184,-0.01702786377708987,-0.05714285714285705,0.11465090577098636
1999-04-03,0.03608004045053925,0.11725780132599017,0.16107869392197482,-0.06901703063343212,0.0061625818554156275,0.023783431552105272,-0.5397945349135793,-0.5397945349135793,-0.5428571428571428,0.10000000000000009,-0.5653060463931914,-0.6659978876392958,-4.576702809536487,3.3533776310067633,0.4853133204054234,0.06890130353817514,-0.15613099771515615,-0.16190476190476188,0.005050505050504972,0.043243243243243246,0.12988929889298895,0.09756097560975618,-0.028802740152576667,-0.08661417322834641,-0.08333333333333337,0.20011208345906795
1999-07-03,0.02444055682427937,0.05520157640554357,0.04074937997867001,0.14392039941692358,0.019478880503258633,0.11561945425713804,0.7976966706742306,0.7976966706742306,0.8124999999999998,0.10000000000000009,0.8739573394064801,0.674725709592749,-1.2602428442188387,-0.6035903172632737,0.12952344581230113,0.15766550522648082,-0.1092057761732852,-0.11647727272727282,0.0201005025125629,0.15544041450777213,0.3455258001306336,0.06666666666666665,-0.004809233728759188,-0.06379310344827593,-0.05785123966942152,-0.07755307302704839
1999-10-02,0.03794512183787924,0.08257245354094156,0.06515404171622619,0.12556294963735692,0.025031895609881616,0.029605462317643827,0.34581869292590683,0.34581869292590683,0.3448275862068968,0.10000000000000009,0.17100758036072716,0.12947543636742642,-0.12671735242616744,0.3653145959649706,0.15656182414171793,-0.08502633559066963,-0.003039513677811523,-0.0112540192926045,0.026272577996715896,-0.10313901345291476,0.00922330097087376,0.0625,-0.012403350515463929,0.011049723756906049,-0.01754385964912264,-0.038200934579439294
1999-12-31,0.04929795764944389,0.06728501051218938,0.05782842895276219,-0.09013863878319173,0.03812829903086801,0.06329185085656786,0.4319792800577378,0.4319792800577378,0.4358974358974359,0.10000000000000009,-0.1581740054352665,0.9230333205171259,-0.0868758221860505,-1.3304831208301933,-0.04473694286392327,0.00164473684210531,0.14939024390243905,0.13170731707317063,0.04800000000000004,-0.025000000000000022,-0.015392015392015401,0.05882352941176472,-0.01076496493231116,0.11111111111111116,0.01785714285714257,0.17300295558524637
2000-04-01,0.0007205170314303899,-0.029429832643935283,0.04416161124968432,0.09218457567039717,-0.014920542488060962,0.0988998687853031,-0.16511886198425485,-0.16511886198425485,-0.1607142857142858,0.10000000000000009,0.206801560387601,-0.2861728943160228,6.5532284891232315,2.460805458836293,-0.16207667083796573,0.041871921182266014,0.19805481874447395,0.18534482758620707,0.0,-0.00512820512820511,-0.11431362970200298,0.07407407407407396,-0.015663643858202958,0.1311475409836067,0.05263157894736836,-0.11134888858207925
2000-07-01,-0.026793050860937195,-0.10344270949955836,-0.009724019917560223,0.0019779416029024333,-0.040918885783463255,0.011929067298180662,0.0038513755916458337,0.0038513755916458337,0.042553191489361764,0.10000000000000009,-0.18102492276549653,0.02013357761848611,0.2203510547382619,0.808462198195036,-0.34980471627742515,-0.17021276595744683,0.10332103321033204,0.08848484848484839,0.006106870229007688,-0.1701030927835051,-0.3204633204633204,0.06896551724137945,-0.014405360134003287,0.05217391304347818,0.03333333333333344,-0.1052202283849919
2000-09-30,-0.014804511164924872,-0.054551826162972716,-0.005704592423400601,0.012434032723056099,-0.030811182911645085,-0.04189411328188497,-0.17125413885654284,-0.17125413885654284,-0.1428571428571429,0.10000000000000009,0.44039308281845124,-0.28309463998481965,-0.27268582220917337,-0.959107805649663,-0.02199997877681359,-0.17283950617283939,0.010702341137123872,-0.0022271714922049712,0.009104704097116834,-0.18012422360248448,-0.2597402597402598,0.06451612903225823,-0.016315431679129966,-0.030303030303030165,0.024193548387096753,-0.06615444719364505
2000-12-31,0.03996816824033611,0.09141918445878927,0.047935360742494826,-0.05147944674401961,0.028722888872015906,-0.13207114208902515,0.17738180776745338,0.17738180776745338,0.22619047619047628,0.10000000000000009,0.026513941919724004,-0.026560305416785224,-1.2258935037006575,-28.07724718302435,0.6090990290736695,0.01492537313432818,-0.03970880211780281,-0.0535714285714286,0.03308270676691727,0.007575757575757569,-0.0010964912280702066,0.045454545454545414,-0.0107118175535591,-0.03693181818181823,-0.015748031496062964,0.15065309347836187
2001-03-31,-0.007383320886281908,-0.06105481330669771,-0.0033022708137077084,-0.023150014937594054,0.009381460200570402,0.018365891470094597,-0.589839826816289,-0.589839826816289,-0.5922330097087378,0.10000000000000009,-0.6195466746287375,0.912258642049887,-3.5678572029516378,-1.8539757241877735,-0.32325902573858445,0.2036199095022626,-0.1488628532046865,-0.15448113207547165,0.008733624454148492,0.16541353383458635,0.23271130625686065,0.07246376811594213,0.016765630457562075,-0.12389380530973448,-0.03200000000000003,-0.038781611052759235
2001-06-30,0.015794413476180713,0.0615784318438557,0.04058823968066627,0.08208788230011743,0.012599596092147225,0.0491792612290769,0.016918275024851104,0.016918275024851104,0.023809523809523725,0.10000000000000009,0.6640395672486645,-0.6024776778244221,-0.630631242573819,-1.3353291246910692,0.16017674453318187,0.11278195488721798,-0.18866396761133608,-0.19246861924686187,0.010101010101010166,0.10322580645161294,0.28940338379341046,0.05405405405405417,-0.003091721058055663,-0.15993265993265993,-0.04132231404958686,-0.018954358241573543
2001-09-29,0.01578091927179548,0.04814702544143956,0.02523464275942655,0.06504616646442218,0.0037468800700477534,-0.023630100850337676,-0.38535544389799103,-0.38535544389799103,-0.39534883720930225,0.10000000000000009,0.16610609907287466,0.07165392031667861,-0.3901829301426506,0.616674917952718,0.22320196172378015,-0.08614864864864857,-0.2325349301397206,-0.23316062176165797,0.004285714285714226,-0.0935672514619883,0.0987569060773481,0.0512820512820511,-0.011888352860096485,-0.2004008016032065,-0.04310344827586188,-0.015893415584971815
2001-12-31,-0.013780665210916143,-0.048229167270761986,-0.06291567154913114,-0.22937791710874766,0.006978013162152852,-0.06981381354384564,0.29333591095893397,0.29333591095893397,0.3076923076923077,0.10000000000000009,-0.532311042442366,-0.034642297428336244,0.22222527343338228,-1.1022780840043418,-0.018663041513559797,0.038817005545286554,-0.32639791937581275,-0.3220720720720721,0.00426742532005675,0.032258064516129004,0.3205531112507858,0.04878048780487809,0.021098517872711442,-0.3157894736842105,-0.009009009009009028,0.2350687793835975
2002-03-30,-0.0009422676044252842,0.015843717709306482,0.047393215636192476,0.13600354896836042,0.006996464027583249,0.04961015736461216,-0.23439966559221448,-0.23439966559221448,-0.23529411764705888,0.10000000000000009,0.9124484957615218,-0.27478556727456405,3.7492775239931895,-0.3026635139833318,-0.01326192769456247,0.29270462633451944,-0.11583011583011582,-0.11295681063122909,0.0056657223796034994,0.28749999999999987,0.9076630176106613,0.058139534883721034,0.00785519125683054,-0.10989010989010994,0.0,-0.1057732976173692
2002-06-29,0.03172564565759983,0.1182867509608192,0.050688311905281,0.13899587584704132,0.023210471918219566,0.11040355569883742,1.9487430717991225,1.9487430717991225,1.9615384615384617,0.10000000000000009,-0.052230227014214314,-0.33884958096096396,-0.6963512698424665,-14.269130425777277,0.17833937213472106,0.09428768066070203,0.24890829694323147,0.25093632958801493,0.021126760563380254,0.08737864077669921,0.23003992015968056,0.05494505494505497,-0.008132836326668835,0.24279835390946514,0.009090909090909038,-0.018170351976666277
2002-09-28,0.037556035109027386,0.032047106150149274,0.0849441688642405,0.0680454799628809,0.010811527162789769,0.02099014338094851,-0.3442692312829242,-0.3442692312829242,-0.35064935064935066,0.10000000000000009,-0.26523242761004706,2.094037885308839,-0.2846306138671867,-1.1790885873968944,-0.02710470938011289,-0.18176100628930825,0.13461538461538458,0.1317365269461077,0.011034482758620623,-0.2008928571428572,-0.3523326572008113,0.05208333333333348,-0.025794328664161315,0.11920529801324498,0.009009009009008917,-0.033721397029305544
2002-12-31,0.08966863738113906,-0.1157164080969012,0.21053479802715902,-0.11589936124496425,0.013148890721833562,0.25792809698753216,0.09474047188785772,0.09474047188785772,0.10000000000000009,0.10000000000000009,-0.21710472983431706,6.349658042673476,-14.500704498035402,19.863671748597632,-0.5812586049085454,-0.16064565718677937,0.09707241910631748,0.06878306878306883,0.013642564802182733,-0.16759776536312854,-0.2683996241778891,0.03960396039603964,-0.07031386989303878,0.0,0.0714285714285714,0.0002077274615703839
2003-04-05,0.00030348952993675127,0.0012796836431732128,0.02284113065259108,0.07108969906722207,0.0010017191257294389,0.009532780763150228,-0.585416115944051,-0.585416115944051,-0.5818181818181818,-0.5818181818181818,0.5036007930392095,-0.8833583522880937,-1.2416711988809033,-0.8773218729831894,-0.17029058459102375,-0.08333333333333337,-0.026685393258427004,-0.051980198019801915,0.0013458950201885589,-0.09395973154362414,-0.1759417808219178,0.04761904761904767,0.0007544322897019562,-0.10059171597633132,0.050000000000000044,-0.065171339563863
2003-07-05,-0.007281824312210916,0.0008689107712414046,-0.010694327213891186,-0.04782346611993238,-0.0026957788651488235,0.027150364597397836,-0.526194793214777,-0.526194793214777,-0.5217391304347827,-0.5652173913043479,-0.3820780945133667,-0.3613127062642981,-0.6961681004304016,-1.0151718484138679,0.0031138888962112254,0.1358641358641357,-0.3246753246753247,-0.33942558746736295,-0.0040322580645161255,0.1333333333333333,0.15272727272727282,0.04545454545454519,0.004711647191858459,-0.368421052631579,0.039682539682539764,0.05114191771083276
2003-10-04,0.020718276525208745,0.08300465531051149,0.0438851356036869,0.10445499140666015,0.0016246158375545772,0.05495074610548145,0.9016745221712765,0.9016745221712765,0.8181818181818183,1.0999999999999996,1.0372276054312466,0.28755025863873884,-1.4542047555613924,180.4402059997243,0.5632308046402563,0.07387862796833788,-0.21794871794871795,-0.23320158102766797,0.0013495276653170407,0.07843137254901955,0.5948625506985128,0.04347826086956519,-0.01875820671543804,-0.27083333333333326,0.05343511450381677,-0.019402291076636935
2003-12-31,0.011665309086016595,0.04845519319086833,0.014371151967663698,-0.0550936424123718,0.008292648745224618,0.03557886807563615,0.282791068332674,0.282791068332674,0.30000000000000004,0.23809523809523814,-0.21081058785045925,-0.1349346351385804,-1.1410131696693782,-0.3630416338661695,0.22949558824901728,0.09254709254709237,-0.2622950819672132,-0.268041237113402,0.0013477088948787852,0.09090909090909105,0.3831590844871433,0.04166666666666674,-0.0034410246606767503,-0.2857142857142857,0.02898550724637694,0.10957841193206308
2004-04-03,0.0749529126389985,0.2022641004395378,0.13323712772743757,0.41981308404802276,0.048003619937836195,0.3764632968497901,4.509669216952895,4.509669216952895,4.538461538461538,4.5,0.5866501205359786,0.7360129669410733,30.630836119635124,-0.27236225966828276,0.13581894887134327,0.11244377811094464,1.4851851851851854,1.4577464788732395,0.04576043068640634,0.11111111111111116,0.515832482124617,0.04800000000000004,-0.02493765586034913,1.2399999999999998,0.09859154929577474,-0.15322455322455308
2004-07-03,0.0583545313505629,0.16956990588403165,0.010196017394547896,0.04736063147508629,0.10229716285069168,0.2079262916284701,1.220473692576697,1.220473692576697,1.2083333333333335,1.20979020979021,-0.15382400683044517,-0.4393702299236788,-0.8404756156446161,1.1885586986675634,0.2617047904823655,0.13140161725067379,1.4351713859910578,1.4355300859598854,0.09781209781209776,0.08000000000000007,-0.5474393530997306,0.03816793893129766,0.04151091874877033,1.15625,0.1282051282051282,0.1166727839970636
2004-10-02,0.15154965909886897,0.2880080536406169,0.15331013383982617,0.36799954712611993,0.15117746743322624,0.17299087341617247,0.6520191535224824,0.6520191535224824,-0.17610062893081757,-0.189873417721519,2.0704786375929087,3.637607452310011,-1.4446966830621768,1.4593032188676345,0.5101125385917737,0.23347230494341886,0.8457772337821297,0.8541176470588232,0.14771395076201643,0.125,-0.5125074449076831,0.04411764705882337,-0.0003777861730259735,0.6666666666666665,0.11363636363636354,-0.05846583672295502
2004-12-31,0.042102546362058346,0.08174994914840172,-0.03878696956214467,-0.16785864863598743,0.10960085018397114,-0.046485483357163515,-0.1780724962504845,-0.1780724962504845,-0.17938931297709926,-0.171875,-0.7432169857643154,-0.6250558474598176,-4.391661939875213,-0.9184036048137071,0.02756307442307082,0.12264606470304207,0.2679045092838197,0.29631979695431476,0.10520939734422896,-0.024691358024691357,-0.43005497861942577,0.04929577464788748,0.06481481481481488,0.2248447204968942,0.05612244897959173,0.299965089893524
2005-04-02,0.07825057918312561,0.1374488653042507,0.04845104195080574,0.1293172200902617,0.09537946489929783,0.07563067376540866,0.03880287506809843,0.03880287506809843,0.032558139534883956,0.037735849056603765,3.3745061420673954,0.21401349155546812,2.4282966803244417,19.27381920849883,0.5438194516647861,0.21075268817204296,0.09152719665271958,0.12383749388154675,0.09242144177449174,0.09704641350210963,-0.135048231511254,0.13422818791946312,0.015794143744454425,0.11359026369168368,0.009661835748792313,0.007183618663981317
2005-07-02,-0.022777249032002067,-0.06544909494838624,-0.07737657634047512,-0.1564295891958808,0.015739846762018894,-0.0534571953888211,-0.09011013178596206,-0.09011013178596206,-0.08108108108108114,-0.07727272727272738,-0.3852174889188996,0.6920999050917851,6.190736359423401,-1.3350689936789233,-0.11803001718617356,-0.06820603907637646,-0.03210349784379485,-0.004355400696864131,0.04145516074450084,-0.14615384615384608,-0.23172242874845106,0.11834319526627213,0.03948287910552062,0.020947176684881663,-0.023923444976076458,0.10785228636181832
2005-10-01,0.0768076775182378,0.12741638325774773,0.11468212435928393,0.240572067910658,0.06359929262457098,-0.037867054498835095,-0.09553557871381779,-0.09553557871381779,-0.07843137254901966,-0.11822660098522153,1.1522379057916083,-0.6051716947031837,-0.4942828165650769,-4.84966468483192,0.5151830535797617,0.026305756767060595,-0.14504950495049518,-0.12379702537182846,0.0674248578391552,-0.013513513513513598,-0.02580645161290329,0.10582010582010581,-0.012268907563025122,-0.07047279214986624,-0.05882352941176472,-0.09121540312876053
2005-12-31,0.025853604210450687,0.07005053863196165,-0.01294767962558141,-0.0030930576891778916,0.04646638720391838,0.05999945140488272,0.16841683311806,0.16841683311806,-0.4148936170212765,-0.3910614525139664,-0.4738789230462699,10.784932005828072,-0.5588696911973815,-2.147497726370262,-0.39016499112141445,0.13372956909361067,-0.05153445280833813,-0.036944583125312125,0.047945205479452024,0.05936073059360725,0.24172185430463577,0.1578947368421053,0.02007827122681638,-0.009596928982725572,-0.02604166666666663,0.07339115466101709
2006-04-01,0.05117942305884737,0.09592457718222014,0.0338052819064365,0.09288053904637983,0.06661334626855342,0.10526478239506343,0.11179823712591697,0.11179823712591697,1.2181818181818178,1.2201834862385317,0.38628789507632777,-0.6880313041220597,0.7753652936793931,-1.2357372489985456,0.15082181298780806,0.4505242463958061,-0.028693528693528703,-0.013996889580093264,0.06390704429920113,0.3836206896551726,0.44000000000000017,0.1446280991735538,0.014678899082568586,0.0009689922480620172,-0.016042780748663166,0.0027756360832691396
2006-07-01,0.03219646845890267,0.052741805175348544,0.05030568091362708,0.10375063122618555,0.01882941475557187,0.07369417536389,0.1941708139813958,0.1941708139813958,-0.4016393442622951,-0.4049586776859504,-0.3423970418987964,0.046654711541319394,1.5765561303141378,-2.655011229266445,-0.21689873384055358,0.1870341088773435,0.047140163419233216,0.049947423764458376,0.029351535836177556,0.11838006230529596,0.15555555555555545,0.21660649819494582,-0.01298701298701288,0.04356243949661187,0.005434782608695565,-0.04622481931416278
2006-09-30,0.019354348118252762,0.028646362764518152,0.050434598693871235,0.09504861989992808,0.0031407276932970962,0.03280912159943261,0.1431038709492185,0.1431038709492185,0.15753424657534243,0.13888888888888884,1.0098547912456648,-0.28005275679496155,0.9028383009416685,-0.7926730075166457,-0.05742419799823617,-0.038439581351094154,0.11734693877551017,0.11817726589884825,0.023872679045092715,-0.06685236768802227,-0.1266025641025641,0.17804154302670616,-0.015822784810126667,0.08256029684601107,0.03243243243243232,-0.06062169482780866
2006-12-31,-0.0013523873283916021,-0.03248827612468497,-0.07208821375438146,-0.1257940048713435,0.03441240268870671,-0.11768394292579454,-0.21140581709423512,-0.21140581709423512,-0.195266272189349,-0.17682926829268286,-0.2521652511691356,0.3141473462768989,-0.4621384289400088,-0.07448150776752627,-0.056385021805267166,0.13833366317039397,0.009401020682245464,0.014778325123152802,0.03821243523316076,0.11343283582089558,-0.019266055045871644,0.1511335012594459,0.035708241665256324,0.02142245072836335,-0.005235602094240788,0.10672113140189499
2007-03-31,0.07618843856345259,-0.05274889861810694,0.11586924179871594,0.15816935948823052,0.06437519853443519,0.08657552492511367,-0.06646919460308365,-0.06646919460308365,-0.06617647058823539,-0.06666666666666676,0.008378936932406766,-0.32800509589826876,-0.12942177533548982,-3.043944105994121,0.12213438282392564,0.04468011126564675,-0.028472591804151293,-0.02956751985878192,0.06238303181534621,0.00536193029490617,-0.003741814780168329,0.13347921225382908,-0.010947712418300726,-0.014261744966443057,-0.015789473684210464,-0.1821283458949785
2007-06-30,-0.0020536820975062264,-0.007358584853829786,-0.03076501702618606,-0.0634181226620808,0.008940824033034644,0.10592655387468697,-0.09495077802476981,-0.09495077802476981,-0.10236220472440949,-0.10317460317460325,-0.6957542749023006,-1.000109182766989,0.6012430145714733,-3.679902037413371,-0.29168358654546367,0.04842735896155759,-0.08655162969049568,-0.08231014097316969,0.015854374633000656,-0.013333333333333308,0.03943661971830981,0.11776061776061786,0.011068891458780872,-0.08340425531914886,0.0,0.05988092077818652
2007-09-29,-0.01984623372770966,-0.14386832477752864,0.04294340357469406,0.06041993165381854,-0.05672936827519992,0.02185906801883819,0.10547194432361895,0.10547194432361895,0.13157894736842124,0.10619469026548689,2.7960117172515604,-5497.227272727273,1.0604576609991008,0.36962862142718267,-0.5640109151005035,-0.1557142857142858,-0.09295352323838091,-0.09365708622398417,-0.018497109826589586,-0.1702702702702703,-0.10659439927732606,0.10535405872193437,-0.03758169934640532,-0.10213556174558969,0.010695187165775222,-0.19264348074996418
2007-12-31,0.1838354612027624,0.3480411317037708,0.3911439717531475,-0.05148485408068071,0.04588915726926235,0.0322920552842878,-0.042956597468141955,-0.042956597468141955,-0.007751937984496138,0.016000000000000014,-0.1661198035886262,3.414143586096248,-2.2560000995022627,-4.184801249290176,4.119971644334743,0.0817822899041174,-0.04231404958677676,-0.08255877528704214,0.045347467608951586,0.10423452768729646,0.1658240647118301,0.09531249999999991,-0.11663837011884548,-0.0827300930713546,0.0,0.4212019145541568
2008-03-29,0.15411970256424667,-0.03914789122315898,0.2715663008311118,0.4978451817784171,0.06117388567035209,0.13134876590944233,0.1230875492673622,0.1230875492673622,0.109375,0.11023622047244097,0.22557989655229393,1.7388265932233558,-0.8789999000728298,-1.5883530788892088,-0.47343973175373744,0.07229753215154688,0.005522954780807776,-0.05721096543504167,0.05915492957746493,0.026548672566371723,0.09019947961838692,0.07417974322396592,-0.08053046319431101,-0.049605411499436314,-0.005291005291005346,-0.35851939628289875
2008-06-28,0.3220253284659498,0.6788426719336518,0.20175771539290133,0.25280791004559755,0.45861911858648874,0.4254554789859575,0.4173235648706297,0.4173235648706297,0.37323943661971826,0.375886524822695,-0.7591534714949834,-0.6901271347313479,16.4848818522707,-4.118253256317164,2.803677136765237,0.21102106969205825,0.02162718846549949,-0.012642225031605614,0.32978723404255317,0.1408045977011494,0.1750198886237071,0.06905710491367878,0.10346989966555187,-0.005931198102016588,-0.010638297872340274,0.34009041855038635
2008-09-27,0.022950942794162543,-0.06730124073820865,0.01550080754781824,0.051626464019725704,0.03316291427581497,0.050337214105606654,0.26489012559534664,0.26489012559534664,0.18974358974358974,0.19072164948453607,2.0729721323712367,1.7365309514926608,-1.1667808458164477,-1.5527733571117919,-0.40744731148903246,-0.20409528907922914,0.05477150537634423,0.0390524967989756,0.04159999999999986,-0.4005037783375316,-0.31415030467163163,0.06459627329192541,0.009850350445160139,0.042959427207637235,0.0,-0.11310625022672027
2008-12-31,-0.0953346278011602,-0.1618626015003315,-0.1820262380057951,-0.40608345873476204,-0.030241523453939156,-0.44264184587621114,-0.855848840849998,-0.855848840849998,-0.8577586206896551,-0.8701298701298701,1.3814813840177647,-0.8658714651960872,-0.2105737167466507,-1.6160588073955822,0.423610439475415,-0.3817050613754833,-0.20770946161197834,-0.18730745532963655,-0.030337941628264198,-0.40756302521008403,-0.47581441263573554,0.040840140023337135,0.07203151378728201,-0.11441647597254012,-0.08602150537634412,0.41122336291872874
2009-04-04,-0.0928303211883893,-0.1887682130136744,-0.15945424530266683,-0.4929473323151,-0.043125892586443726,-0.36054928334235936,-2.7992388471272616,-2.7909284931817324,-2.8181818181818183,-3.0,-0.9881051749373979,-0.20488855207919843,0.08864060914361804,-1.6493363242265202,-0.19321693494626624,0.07206962197443567,-0.3731403297145155,-0.3426838514025776,-0.04396039603960389,0.1063829787234043,0.2448210922787195,0.039237668161435035,0.0547681539807523,-0.2545219638242894,-0.11764705882352944,0.5998898646494508
2009-07-04,-0.013937739830869211,-0.05048629592719933,-0.0032153843742865895,0.00958759717626445,-0.01740182543082147,-0.0664166590375912,-0.3001600839784805,-0.2969126525877297,-0.2833333333333333,-0.2833333333333333,43.528369301129054,1.4101739788199699,-0.5713725897668067,-1.3518814374652512,0.08427228552075983,0.10629122272957892,-0.573444515715202,-0.560553633217993,-0.018641259320629655,0.16025641025641035,0.6701966717095309,0.03775620280474645,-0.0034837425348374085,-0.4644714038128249,-0.18000000000000005,-0.05950979148928459
2009-10-03,0.020865685223817154,0.05574951073779366,0.08058314741449779,0.3828160309823039,-0.005602116530998846,0.2590676941503487,-0.7784710920449688,-0.7784710920449688,-0.7674418604651163,-0.7674418604651163,-0.48514916630558635,-0.3688160062769713,0.5392607060485799,-1.6403287452224526,-0.04976791122039914,0.03508369639990838,-1.4887218045112782,-1.5039370078740157,-0.0059096665259603665,0.055248618784530246,1.58786231884058,0.03638253638253652,-0.025969702014316698,0.0,-0.2195121951219512,-0.2365166807920488
2009-12-31,-0.007743323368596622,-0.003902700059509212,-0.019362017045700286,-0.06513575472495925,-0.003092620941955171,-0.05835279110129632,-3.0240706886045094,-3.0240706886045094,-2.9,-2.9,-0.3006835630059317,-0.7589589828502668,-0.47548596112311015,-1.5784535559630164,0.030296204009764738,-0.04430660168365086,0.20615384615384613,0.21875000000000022,-0.003397027600849367,-0.041884816753926635,0.0,0.03610832497492478,0.004785506750982771,0.0,-0.07291666666666663,0.06549436132906128
2010-04-03,0.018358237543016465,0.05394145552277707,0.061300842186094995,0.2559775136770337,-0.011486327224882187,0.2440135005976969,-0.48209476976600263,-0.48209476976600263,-0.4736842105263158,-0.4736842105263158,-1.013536642983856,4.238386005445994,-0.09741095326333127,-7.025830382734783,-0.1771915551014115,0.03917477978674078,-0.75,-0.7564102564102564,-0.01235619940349375,0.043715846994535346,0.0,0.03484995159728932,-0.0294267732607586,0.0,0.0898876404494382,-0.16084578410247918
2010-07-03,-0.008945142986222732,-0.05032291635007302,-0.011389174361842058,-0.01894616768192192,-0.008109218690884656,0.14805674226136167,1.9386384188089396,1.9241377083064202,1.8999999999999995,1.8999999999999995,94.72670398419493,0.6794940457438094,0.3243040308707099,1.4009630881497066,-0.5170466904757745,-0.04773589114432297,-3.112244897959184,-3.1052631578947367,-0.009490940465918807,-0.036649214659685736,0.0,0.033676333021515514,0.000876270592359063,-0.6472491909385114,0.13402061855670122,-0.031997742663656736
2010-10-02,0.04514004372573521,0.11069740056407129,0.11417822759208596,-0.02228370251270373,-0.0026324821190349956,-0.013321604607854254,-0.7417904870757869,-0.7453254254884419,-0.7586206896551724,-0.7586206896551724,-2.7542532040918815,-1.201191603905422,-4.239654355720786,-2.2220106399715647,1.3082766898231326,-0.10283438744436635,0.3526570048309179,0.33333333333333326,-0.0030487804878048808,-0.09239130434782616,1.7927896394819745,0.032579185520361875,-0.045701278234985154,0.25688073394495414,0.05454545454545445,0.13601119337725187
2010-12-31,0.04984456212519106,0.017368518895567675,0.1304570937759837,0.017705215235428007,-0.014839116645914419,-0.06915802611019284,-1.483464566929134,-1.4926059239342555,-1.5714285714285714,-1.5714285714285714,0.28855490196078426,-20.436513023716568,0.07440728055756174,-1.5003743125285502,-0.2836003379289581,0.06892950391644903,-0.34285714285714286,-0.36249999999999993,-0.015290519877675934,0.07185628742514982,-0.21067802982829942,0.03155127081507447,-0.06165137614678917,-0.3868613138686132,0.034482758620689724,-0.00033357282151291745
2011-04-02,0.030350433237968044,0.07412080342252203,0.045460352080708644,0.1882350751576336,0.018441391727890277,0.2543455076224457,-15.071749273703672,-15.01901575842944,-13.5,-13.5,-0.9277272153179652,-0.9496171488532454,-1.2865576177211067,-0.6713049875449554,-0.13012012922832705,0.12432828529555451,0.9728260869565217,0.9019607843137254,0.017746228926353247,0.13966480446927365,0.740234995236583,0.030586236193713034,-0.011536957371920287,0.8333333333333335,0.050000000000000044,-0.0960240252573219
2011-07-02,0.027125690319444784,0.06685372823284808,0.024278990052758243,0.12030424708524046,0.029452900926086656,0.056656752036746916,0.8754449734423584,0.8759184134838798,0.8799999999999999,0.8799999999999999,4.163217180755869,-0.0787494346987837,-0.061018168735384015,-1.2122206631025965,0.03174482021676672,-0.056050401911796666,0.7796143250688707,0.7268041237113403,0.028334786399302425,-0.07352941176470595,-0.5165145985401459,0.02967848309975274,0.002373887240356254,0.7012987012987013,0.015873015873015817,-0.047731273780453165
2011-10-01,0.0050032751783022356,0.02641273461827942,0.009907117409386323,0.17746175759043492,-0.0002963182061013203,0.028257712847132632,-0.3944818245805993,-0.39433927525315926,-0.3936170212765958,-0.3936170212765958,0.5513055250849213,3.6934852536526757,-0.2307827886125905,-3.407295081967213,-0.07406787811127624,-0.16662830840046028,0.3266253869969038,0.30149253731343273,-0.0012717253073336598,-0.19047619047619047,-0.5351953198716739,0.029623698959167166,-0.005328596802842034,0.25572519083969447,0.03125,-0.12827623222112883
2011-12-31,-0.015999916257323665,-0.026953554274680047,-0.03708065168704522,0.016103745200024555,0.0016279552164246702,-0.08043705580045024,-0.24494540486342953,-0.2447630522976244,-0.22807017543859642,-0.22807017543859642,-0.055080936433749894,-0.6237621037218084,0.24700385538807912,-2.1259945293790503,0.09007142487495878,-0.014084507042253502,0.22053675612602097,0.22018348623853212,0.0012733446519526126,-0.006535947712418277,-0.26431181485992683,0.02799377916018675,0.017857142857142794,0.17629179331306988,0.037878787878787845,-0.04238070805541316
2012-03-31,0.016754230337637788,0.02257038935576361,0.0225813219265798,0.06384984676921568,0.014809458607055515,0.05029673827048886,0.05872052299789865,0.05893502729760991,0.045454545454545414,0.045454545454545414,-0.42233801061568765,-0.32428636223974716,0.10719564123253411,-1.209972986049512,-0.01734984112706084,0.20196078431372522,-0.029636711281070705,-0.02631578947368418,0.0144128868164477,0.19736842105263164,-0.03366445916114791,0.027231467473525006,-0.0019493177387914784,-0.028423772609818987,0.007299270072992581,-0.03879125589369892
2012-06-30,-0.003233258845324438,-0.05439781557944945,-0.004951869724052482,0.08169366826111868,-0.0036147513494017014,0.006230540035335075,-0.22607922593450214,-0.22680811361830056,-0.23913043478260876,-0.23913043478260876,0.15017505333468173,0.8869930493904683,-0.054411902648801136,2.2559646680428207,-0.057487875207447914,-0.0885574458168259,-0.24827586206896546,-0.24517374517374513,-0.00501462599247815,-0.10439560439560447,-0.07310108509423197,0.0272459499263622,-0.0003906249999999778,-0.24734042553191493,-0.007246376811594013,-0.12582683017465646
2012-09-29,0.01562184464553229,0.02092534716012584,0.021429818154535152,0.04705311886172203,0.0099468601104713,-0.05936151784050736,-0.017729454402977796,-0.017706946021076697,0.0,0.0,1.8396089350388345,-1.0115666632242073,-0.2245555131629149,-9.569229635090306,0.5226742350868578,-0.008182050626438286,-0.12844036697247707,-0.1278772378516625,0.0092398152036961,0.0,0.31300061614294505,0.02580645161290329,-0.0054708870652598884,-0.1024734982332155,-0.021897810218978075,-0.02495323924502635
2012-12-31,-0.05635620990972545,-0.14507677580721323,-0.12153458674093975,-0.2970041499438696,0.0010777714197081067,-0.07288418784780326,0.24114298147006563,0.2415192545679552,0.19999999999999996,0.19999999999999996,-0.8883792048929664,29.083829365079364,6.632343390210782,-2.101731221868935,-0.3781810385914929,0.053106470739881395,-0.006015037593984918,0.008797653958944274,0.0008322929671245038,0.042944785276073594,0.19802909432191473,0.025856044723969296,0.0609037328094304,0.019685039370078705,-0.014925373134328401,0.21611370275101383
2013-03-30,-0.007988166244925932,-0.020246534227440605,-0.004774134969286026,-0.02098032684788098,-0.009746032589372011,0.022352701720900647,-0.3806863002892453,-0.38138201967193885,-0.38095238095238093,-0.38095238095238093,0.7015759369096841,-3.2883641939685733,-0.8206698177186075,-0.7654946239077982,-0.14262267989537092,0.12607099143206857,-0.11951588502269295,-0.10755813953488369,-0.00997920997921009,0.12352941176470589,0.1402271837054445,0.0252043596730247,-0.0018518518518518823,-0.09652509652509644,-0.015151515151515138,0.0007528500752849165
2013-06-29,-0.019400157133587004,-0.06554803983095658,-0.03869729300453262,-0.12401238659336977,-0.0038940962292536296,0.025230004931031447,0.004198657844767695,0.0038268781915333783,0.03846153846153855,0.03846153846153855,1.7650045415376017,0.6373363499463207,1.8747366831786385,0.8129287036667066,-0.3015763819652154,-0.03565217391304354,-0.06013745704467355,-0.0456026058631922,-0.005039899202015863,-0.02617801047120405,0.10408794228787355,0.024584717607973428,0.0157699443413728,-0.03846153846153855,0.0,0.06673831273508846
2013-09-28,0.09625616280967675,0.2480558685883505,0.20567062763398924,0.14530419815049722,0.008965286033578934,0.059016784165254244,0.7334781842738858,0.7359370205131837,0.7037037037037037,0.7037037037037037,0.11933580972756852,-0.2007428236981883,-3.187030136301113,-5.012893367078936,1.7327504849579758,0.063570784490532,0.09140767824497265,0.0887372013651877,0.008864499788940439,0.06989247311827951,0.12912258867454884,0.023346303501945442,-0.07963470319634702,0.08000000000000007,0.0,0.08973067365168919
2013-12-31,0.007388593628741891,-0.0090944687926513,0.008923286052451074,-0.01669083701991836,0.005333583337518988,-0.009347621584250398,0.155131879374242,0.15514791370623948,0.15217391304347827,0.15217391304347827,-0.5126020277625882,0.6094679117297273,-1.1595215006792576,-1.2193773216335513,-0.13910020784614863,0.08202628232301823,0.0737018425460636,0.053291536050156685,0.00502092050209213,0.07537688442211055,-0.0022044640396803317,0.02344740177439797,-0.001984520738241735,0.04938271604938271,0.007692307692307665,0.007734976887519229
2014-04-05,-0.005608788575467538,-0.015627500957091423,-0.004871654414058457,-0.03277597978998237,-0.005704331375954497,0.043657796618826294,-0.34876887163184633,-0.34878574203345536,-0.339622641509434,-0.339622641509434,-0.2320788023200161,0.13404579943759876,0.04592147613961384,0.3799304839833595,-0.22296278717304951,-0.02272282076395682,0.05148205928237126,0.03571428571428581,-0.0062447960033304994,-0.028037383177570097,-0.09362054681027343,0.022910216718266208,0.0,0.02352941176470602,0.01526717557251911,0.017705880554111708
2014-07-05,0.012758093640757417,0.029305978107641684,0.014798395475231318,0.06395572077165856,0.01034798685372773,0.035750807878093704,0.324323837486828,0.3246023138105567,0.3142857142857145,0.3142857142857145,0.9710952055437156,-0.19497921581166933,-0.21488639868407522,-0.7430346829548546,-0.07373353856085074,0.0232511525355783,0.11572700296735916,0.09195402298850586,0.009216589861751112,0.028846153846153966,-0.03382084095063986,0.022397094430992803,-0.002386160270431481,0.08812260536398475,0.0,-0.03254206730769238
2014-10-04,0.011933076644542018,0.04641474166216297,0.015345270625774399,0.06904035541877795,0.007090386940356019,0.0776390431056071,0.6692419121197488,0.6694597213313864,0.6521739130434783,0.6521739130434783,0.6396103564932085,-0.5552149768048384,0.15720371534325017,-3.687471317117944,0.21393063253528366,0.05563173359451534,0.16489361702127647,0.16052631578947363,0.006641760066417701,0.04672897196261694,-0.05581835383159883,0.021906453522794633,-0.0047837352999801075,0.12676056338028174,0.03007518796992481,-0.021182097710966907
2014-12-31,0.007895714835434609,-0.05213997613976196,0.00841386963249402,-0.027229357253618858,0.004807581675755346,-0.12243634499494815,-0.1426784601156258,-0.14264752764993915,-0.14473684210526316,-0.14473684210526316,-0.13457989274916327,5.0742051256129,-1.256261315630658,-2.1901052613142777,-0.20973189448626295,-0.04824642790870293,0.0547945205479452,0.05215419501133778,0.004536082474226877,-0.0535714285714286,-0.18436873747494986,0.02143684820393954,-0.003204486280793173,0.05312500000000009,0.0,-0.025606853879105107
2015-04-04,-0.04869957447931206,-0.08986480361037008,-0.07837912351314025,-0.2731321170611162,-0.02070873223055214,-0.1207719485753993,-0.6777980012070695,-0.6784496937048602,-0.676923076923077,-0.676923076923077,0.3506990786778008,-0.8533251224694728,-10.562702384456873,-1.477529516079779,0.12673315471261848,-0.09923961785923174,-0.06060606060606055,-0.05603448275862066,-0.020935960591132896,-0.10377358490566047,-0.14782964782964791,0.021554169030062464,0.029535864978903037,-0.026706231454005858,-0.02919708029197088,0.25214927706135204
2015-07-04,0.01432061444435373,0.04976096663323104,0.02062299354784125,0.10838821463189419,0.006462710694011831,-0.009508255596166748,0.8400442477876107,0.8434988880652334,0.8571428571428572,0.8571428571428572,0.11941940130638251,-0.19028481730841973,-0.6124243870153459,2.25563782330326,0.3661889687218627,0.021428571428571352,-0.032258064516129004,-0.029680365296803513,0.005031446540880502,0.04210526315789487,0.09034118212397901,0.020544142143253508,-0.0078064012490242085,0.012195121951219523,-0.03759398496240607,-0.05289849418740733
2015-10-03,0.013358683004586425,0.050529210265199076,0.01819164336230239,0.09309279991385,0.006315869444357691,-0.03031364218313304,0.8205763296060278,0.8206668596795985,0.8205128205128203,0.8205128205128203,-0.10842141962884899,0.23511894334863181,0.057449444806277894,-0.24524385943738036,0.20230244796054042,-0.112523839796567,-0.027380952380952506,-0.02588235294117658,0.006257822277847325,-0.11616161616161613,-0.08153371529308073,0.020130576713819348,-0.006884343036978602,0.051204819277108404,-0.07812500000000011,-0.0389378586923691
2015-12-31,-0.06673899837243835,-0.11001865063671845,-0.10491936793689727,-0.25020853507963303,-0.03790448856005901,-0.1819425991725504,-1.2730730959907717,-1.2740327489409822,-1.2816901408450705,-1.2816901408450705,-0.2894640016352794,0.3667763468920784,0.5463176475006573,-0.8619002975583907,0.023237004893361668,-0.025787965616046016,-0.4259485924112607,-0.41787439613526567,-0.03275290215588733,-0.034285714285714364,-0.0009596928982725794,0.020266666666666655,0.030897207367795554,-0.37822349570200575,-0.05932203389830493,0.18697677076487906
2016-04-02,0.010154452517434853,0.043752584987435617,0.023613379522819278,0.11908765186731185,0.0012929968647186207,0.07488703864046564,-2.1407887523781883,-2.1345465682323734,-2.0999999999999996,-2.0999999999999996,0.37802943884085805,-0.7780744778731676,-0.0768109817408158,6.697279992734538,0.174799906572366,0.010049019607843324,0.01279317697228155,0.016597510373443924,0.001285897985426443,0.047337278106508895,0.7833813640730067,0.0198640878201779,-0.008837656099903834,0.05069124423963145,-0.03603603603603611,-0.0673278289964615
2016-07-02,0.036781880839485526,0.08863399825745244,0.05846155799155883,0.24899718088160339,0.019833789090587972,0.14269550669936515,2.3040110806456173,2.309710875896853,2.318181818181818,2.318181818181818,-0.44431152073398095,18.946197007481295,-0.11968051521656775,-2.466991525548716,-0.21827545284416683,0.18078136374666331,0.3073684210526315,0.30204081632653046,0.018407534246575263,0.17514124293785316,0.17021276595744683,0.01896463352127098,-0.016282225237449266,0.3114035087719298,-0.009345794392523366,-0.12840035100397462
2016-10-01,0.012670102742569078,0.024764708959152282,0.002754047260130621,-0.019431250736012706,0.020265091474343633,0.010472535972256614,0.15512550690416305,0.1552581196287679,0.15068493150684925,0.15068493150684925,0.028124244542740096,-0.5725392811709805,-0.31392026776642157,-0.8462956781906872,-0.04291777784015949,0.047061241265927034,0.09017713365539448,0.09404388714733547,0.019756200084068976,0.028846153846153966,-0.19677790563866526,0.019114688128772706,0.007487684729064137,0.0869565217391306,0.009433962264151052,0.04506825382724822
2016-12-31,0.00726752235507977,-0.0289577283341258,-0.0077391055853324175,0.2588793075749267,0.019750762432048985,-0.07778080273439503,-0.17896502688530413,-0.17814968675916498,-0.1785714285714286,-0.1785714285714286,0.7979854789253769,-0.7088230885379916,0.235425305781092,-5.464162840286226,0.20018337462097602,0.11187438665358185,0.531757754800591,0.5300859598853869,0.018549051937345462,0.09345794392523343,0.020916905444126277,0.01875616979269501,0.012321533346371982,0.5076923076923077,0.01869158878504673,-0.22862890658204182
2017-04-01,0.04282466115913541,0.05714379687793225,0.06293456128090735,0.18737923468367335,0.032254105876179384,0.21701826192494544,0.6097632482217681,0.6082386132436319,0.6086956521739133,0.6086956521739133,-0.5685416530441652,5.086222266865889,0.03730290807548031,-2.137574944176478,-0.1897406646558757,0.07837599293909991,0.3288331726133076,0.3258426966292134,0.03156616754350461,0.0555555555555558,-0.3087285994948078,0.01792635658914743,-0.010046367851622828,0.27142857142857135,0.0366972477064218,-0.10968263297090797
2017-07-01,0.014945393708276855,0.04427020294429074,-0.0008878972064245705,0.17179177079677332,0.02987967946488479,0.07467842836164551,-0.09484756191527577,-0.09501359264788156,-0.0990990990990992,-0.0990990990990992,-0.5788434599536336,-0.8135004383929032,0.09203817759105926,-0.6228612938624737,-0.08831561161785273,-0.04796202324439358,0.055878084179970866,0.062146892655367214,0.029030992546096535,-0.0769230769230771,-0.2992285830288265,0.018086625416468216,0.014637002341920446,0.02728731942215079,0.03539823008849563,-0.10883736281871437
2017-09-30,0.024273299519479208,0.04426682920554015,0.03475402428814567,0.06921468279911691,0.01531801412547229,-0.0008989773263309297,-0.21110794680666645,-0.21111490789351062,-0.20999999999999996,-0.20999999999999996,3.0412460368403647,0.7850908728885742,0.2806195180557889,-1.4411772741554307,0.04273720302272199,-0.020460797799174646,-0.036426116838487954,-0.03457446808510645,0.019824628288219515,-0.04824561403508765,-0.0932792584009271,0.017765310892940533,-0.00865551067512993,-0.057812500000000044,0.025641025641025772,-0.023333333333333428
2017-12-31,-0.04014679255741427,-0.09015582255770738,-0.11772625300012274,-0.20551511391193167,0.027470949286834134,-0.015045887742966002,0.5063409848930744,0.5064855286473715,0.5316455696202531,0.5189873417721518,-0.3050545208637664,0.13024402939754864,2.523079914446821,-10.70475762877181,-0.3977552501865549,0.0405476566614007,0.1105563480741798,0.12947658402203865,0.027663551401869046,0.023041474654378113,0.054952076677316386,0.017455213596692554,0.07043073341094286,0.07628524046434504,0.050000000000000044,0.1451934015927192
2018-03-31,0.017674606398052406,0.03733592012214948,0.006195098919998143,0.007015453326366439,0.027118666177825546,0.09349181749486668,-0.07739696945226637,-0.0773030958878329,-0.0826446280991735,-0.08333333333333326,-0.5570142327804135,-0.0615706829246897,-0.7992019515210385,-0.6987269478654841,-0.1989771405451879,0.08991228070175428,-0.02633269107257541,-0.0060975609756097615,0.02655511094943619,0.058558558558558405,-0.045427013930951055,0.017155756207674955,0.009244154431756302,-0.03852080123266566,0.031746031746031855,0.030133697586820718
2018-06-30,0.08252749198169917,0.1867465267340338,0.1350245435384323,-0.03313387806499446,0.04427125720544289,0.1602528473521838,0.928835419378337,0.9270194165406036,0.9279279279279278,0.9363636363636361,4.805700393211435,0.1397155910774588,-2.200766841656818,-4.845374635954461,0.9552057601801502,-0.01098901098901095,0.2374670184696568,0.24785276073619622,0.049964564138908596,-0.0382978723404257,-0.008883248730964466,0.016866400355082023,-0.035380747126436685,0.20032051282051277,0.03846153846153855,0.22738779282356258
2018-09-29,0.029292345979977208,0.052732247104146035,0.009357373279414327,0.020857868276849878,0.04467212402064691,0.04355948683547828,-0.009510314673287001,-0.009386475830375995,-0.004672897196261738,0.0,0.3880533910708779,0.3673132522709097,-2.7755364806866956,-0.3862536302032914,0.2998426455461425,0.015492957746478853,0.20788912579957364,0.22418879056047203,0.052649341883226564,-0.030973451327433565,-0.204225352112676,0.016586643387167088,0.014894805436604042,0.1695594125500668,0.051851851851851816,0.03123158515026514
2018-12-31,-0.0023551328842186248,-0.023516519375128553,-0.008968639805086331,-0.0004968488386380976,-6.025242498153283e-06,-0.0661976606455873,-0.044153897992480706,-0.04378874198819027,-0.028169014084507116,-0.028169014084507116,-0.5222535981848289,0.4887751658980992,1.0211747643219726,-2.196469838591705,-0.27599700852157305,-0.10756665125597176,0.09443954104148289,0.09236947791164662,0.028214171208720717,-0.15068493150684925,-0.28962188254223653,0.017174753112924046,0.0023848835076132335,0.07077625570776247,0.014084507042253502,-0.023015873015872934
2019-03-30,0.009269227103485767,0.0016301028280165664,-0.01743679569664003,-0.0849107365570324,0.032895264927423895,-0.03164924893787746,-0.22414611482438362,-0.22426599538754266,-0.2125603864734299,-0.2125603864734299,0.32125329700117566,-0.33106942566248887,-0.6280807500956755,-1.284886239402628,0.10860141569791959,-0.024866171645656965,0.031451612903225845,0.03308823529411775,0.0346117867165574,-0.05376344086021512,-0.13929784824462066,0.01688476150274365,0.02342606149341142,0.04051172707889128,-0.00694444444444442,0.09455727051177898
