Quarter end,Assets,Current Assets,Liabilities,Current Liabilities,Shareholders equity,Revenue,Earnings,Earnings available for common stockholders,EPS basic,EPS diluted,Cash from operating activities,Cash from investing activities,Cash from financing activities,Cash change during period,Cash at end of period,Price,ROE,ROA,Book value of equity per share,P/B ratio,P/E ratio,Equity to assets ratio,Net margin,Asset turnover,Current ratio
1999-01-31,0.11756608901281185,0.02238112192420294,0.016916719255745782,-0.17976574435579695,0.19456773972496078,0.0985524796530457,0.06788053026673047,0.06788053026673047,0.09523809523809534,0.05555555555555558,-1.96875,-0.10068465565847762,-0.3875181422351234,-4.234993614303959,0.031159838430467435,0.005714285714285783,0.07447342026078241,-0.2227204783258595,0.22222222222222232,-0.2331288343558282,0.06514584042673932,0.0688316272502647,0.09046214355948878,-0.20331950207468885,0.2464227452808201
1999-05-02,0.11756608901281185,0.02238112192420294,0.016916719255745782,-0.17976574435579695,0.19456773972496078,0.0985524796530457,0.06788053026673047,0.06788053026673047,0.09523809523809534,0.05555555555555558,-1.96875,-0.10068465565847762,-0.3875181422351234,-4.234993614303959,0.031159838430467435,0.005714285714285783,0.07447342026078241,-0.2227204783258595,0.22222222222222232,-0.2331288343558282,0.06514584042673932,0.0688316272502647,0.09046214355948878,-0.20331950207468885,0.2464227452808201
1999-08-01,0.06116567710965137,0.045929866989117274,0.03973655763302242,0.16403663079470188,0.07512190034158173,0.0985524796530457,0.06788053026673047,0.06788053026673047,0.09523809523809534,0.05555555555555558,-1.96875,-0.10068465565847762,-0.3875181422351234,-4.234993614303959,-0.09775582270420469,-0.0625,0.07447342026078241,-0.2227204783258595,0.045454545454545414,-0.2331288343558282,0.06514584042673932,0.013210039630118908,0.09046214355948878,-0.20331950207468885,-0.1014509012040985
1999-10-31,0.17224317909570463,0.17978598448063776,0.1388937022276131,0.1608329444185168,0.19324796274738065,0.24351102964738458,0.5800179479509422,0.5800179479509422,0.5217391304347825,0.5263157894736841,-4.214439324116743,1.3434841021047919,6.613744075829384,-2.6666008685353333,0.18057189297859133,0.1393939393939394,0.07447342026078241,-0.2227204783258595,0.17391304347826098,0.08933333333333326,0.06514584042673932,0.01792698826597139,0.09046214355948878,-0.20331950207468885,0.016313621041241788
2000-01-30,0.2836950105678724,0.35757513993195467,0.3133230774432405,0.4592985411800743,0.2658841463414634,0.32407359686646386,0.38082165846270355,0.38082165846270355,0.37142857142857144,0.3448275862068968,-0.49316639587116506,-0.6866042423084273,-0.16059757236227823,-0.24671325358284968,0.11521739130434772,0.5531914893617023,0.07447342026078241,-0.2227204783258595,0.2222222222222221,0.32313341493268055,0.06514584042673932,-0.01392891450528344,0.09046214355948878,-0.20331950207468885,-0.069694115720077
2000-04-30,1.2140469715698394,1.38617583369424,2.673008354036068,0.10722204001311897,0.3041272287918564,0.15591452259546146,0.253650510728731,0.253650510728731,0.20833333333333326,0.20512820512820507,1.003771450122572,3.543292682926829,75.03448275862068,31.742138364779876,3.382716049382716,1.6404109589041096,0.07447342026078241,-0.2227204783258595,0.2727272727272727,1.1609620721554115,0.06514584042673932,-0.41094333495697355,0.09046214355948878,-0.20331950207468885,1.1551124609357806
2000-07-30,0.1326333043763721,0.12997730055708012,0.055189332211883935,0.18985047039029368,0.26866774189576836,0.1475926537044645,0.231585279160059,0.231585279160059,-0.39655172413793105,-0.4042553191489361,1.2649162431771126,0.021205207354717537,-0.9856289469192695,-0.9068142527852477,0.07192364714603405,0.3592736705577173,0.04107351225204203,-0.2227204783258595,0.23809523809523814,0.06806506849315075,0.06514584042673932,0.11990077177508263,0.0928764652840397,-0.13541666666666663,-0.05032474163637113
2000-10-29,0.9388386440397254,0.9825843370397656,1.0653851135695618,0.20720765576921152,0.7539570090737056,0.16295379053744763,0.24624811295622062,0.24624811295622062,0.22857142857142865,0.24999999999999978,-0.26534258528275234,-0.14128006308319097,132.87546657617918,19.905849007987634,1.4027350841098873,0.1040076335877862,-0.12418740192781885,-0.2227204783258595,0.7115384615384615,-0.10821643286573146,-0.13489611081513053,-0.09524981540733446,0.06683168316831689,-0.27108433734939763,0.6422856897070843
2001-01-28,0.033641261570189984,0.005043532741374479,-0.017945786358307902,-0.08986298657911884,0.12239088396643738,0.10119344990285883,0.10659826136525585,0.10659826136525585,0.04651162790697683,0.08571428571428585,-0.12137322549629548,5.004744413835323,-0.9921628465190314,-1.0507989094799324,-0.029656791143257255,-0.22558340535868615,-0.09905298182748912,-0.13269230769230766,0.0898876404494382,-0.5474157303370786,-0.3752925237098165,0.08596300326441786,0.051044083526682105,-0.17355371900826444,0.10427824993779722
2001-04-29,0.06430073187744911,-0.053477556644443425,0.012731020954196204,0.0711107082974578,0.1419275647377216,0.10408857197848032,-0.16719253058596262,-0.16719253058596262,-0.1777777777777778,-0.1842105263157895,1.2966205342774382,1.5207340384860455,4.255174644243208,1.2794060559006213,-0.06966593748841343,0.20982142857142838,-0.14943181818181817,-0.11456023651145597,0.13402061855670122,0.11022840119165833,0.029968454258675115,0.07289579158316628,-0.04415011037527594,-0.07999999999999996,-0.1163223679529446
2001-07-29,0.09934885337553512,0.09660672251159075,0.06984614091138397,0.35513322784542356,0.13873420016576876,0.08021765477396103,0.298024509993428,0.298024509993428,0.2702702702702702,0.25806451612903225,0.6289029654128595,-0.7540166429055318,0.23016801033909773,-2.1448247966960445,0.08572758532187907,0.2850553505535056,-0.09886439545758186,-0.07262103505843076,0.11818181818181817,0.1323792486583184,0.2120980091883613,0.035722624328741404,-0.005388760585065322,-0.0652173913043479,-0.19077525933679562
2001-10-28,0.04884726442874454,0.04266927609166116,-0.03774140945794613,1.059137938570474,0.15744800225941158,0.42258673091036236,0.3301465332380271,0.3301465332380271,-0.34042553191489355,-0.33333333333333337,-0.6651008328171244,12.032596185465307,-0.24923708039421677,-6.2547929412202246,-0.41491136110695104,-0.12419239052404885,-0.001482579688658281,0.07290729072907287,0.14634146341463405,-0.2164296998420221,-0.19156664560960202,0.1034715960324617,-0.04024767801857587,0.11627906976744184,-0.493640238138671
2002-01-27,0.20509399927847038,0.2256069644873513,0.16120424554823676,0.3145224139028968,0.2508581216960677,0.34517516968677153,0.630505362620631,0.630505362620631,0.6129032258064517,0.5769230769230769,1.4430457791707343,-0.49256442847816007,2.188245485440128,-0.7682448237180054,-0.16434750094732375,0.5532786885245902,0.11061618411284346,0.18204697986577179,0.1914893617021276,0.35483870967741926,0.38816175034186373,0.037997957099080715,0.041935483870967794,0.13541666666666674,-0.06762952773956887
2002-04-28,0.06422609757752595,0.06883913819605891,-0.011211123208742735,-0.01698985453085855,0.13724717505063366,-0.516238688134865,-0.6340291128810767,-0.6340291128810767,-0.62,-0.6097560975609756,0.02578392815832098,-0.4484604005320537,-0.7050746143878276,-0.6053045456627628,-0.0776246246246246,-0.13192612137203164,-0.1423796791443851,-0.08942512420156135,0.13095238095238093,-0.27157738095238104,-0.3191669012102448,0.06868726628616395,0.004643962848297045,-0.09174311926605516,0.08732305314552669
2002-07-28,0.009649831814002141,0.004105941789026124,0.0007605332487079508,-0.005709538660828017,0.01713116084595545,0.7734672023641525,-0.8028517823639775,-0.8028517823639775,-0.8421052631578947,-0.8125,-0.9863044592516658,-0.20156646193722882,-0.30224647438168806,1.3341328484660915,-0.19643432708993291,-0.443161094224924,-0.2552611067809821,-0.21901792673421672,0.010526315789473717,-0.5076608784473953,-0.44584539065729645,0.007366482504604255,-0.25115562403698,0.04040404040404044,0.009853012437409214
2002-10-27,0.00900409496555743,0.01647136989611009,0.025693595873278907,0.04810996563573888,-0.0048158980093533366,0.007065541734439629,-10.256947087933003,-10.256947087933003,-11.666666666666668,-11.666666666666668,135.62275449101796,-0.7422969978404776,-0.7244566321348771,-2.2549763818679045,0.30678319071697135,-0.5600436681222707,-0.6541077969649398,-0.6477045908183633,-0.03124999999999989,-0.5643153526970954,-0.47556881760537106,-0.013711151736745975,-0.6388888888888888,-0.01941747572815533,-0.03016634676903407
2003-01-26,-0.007781814656344088,0.0039411838109895125,-0.08807334559313451,-0.1455413439019997,0.06074308778689774,0.8845420911727522,-3.2109342873591578,-3.2109342873591578,-3.125,-2.96875,0.36225674964936894,4.448680030671486,-1.141540729819388,-0.6769767165440642,0.07583363045870994,0.1687344913151363,0.5416036308623298,0.5920679886685554,0.048387096774193505,0.2047619047619047,2.588904694167852,0.0691380908248378,0.35612535612535634,0.16831683168316824,0.1749183626348254
2003-04-27,0.04360998506507352,0.036391630080452764,0.06192206076618234,0.097670827096203,0.030174109856790032,-0.50059191590848,-0.8163599334145502,-0.8163599334145502,-0.8235294117647058,-0.8095238095238095,-0.6748200281520209,0.15657103797671934,-17.75,-3.7882579009771455,-0.19653942143091807,-0.1443736730360934,-0.09911678115799805,-0.08896797153024905,0.03076923076923066,-0.18181818181818177,-0.5208085612366231,-0.012829403606102519,-0.14915966386554624,0.07627118644067798,-0.05581134194272874
2003-07-27,0.05486114938196773,0.03230607893123083,0.07920292058791545,0.143403864022146,0.03645077693244381,0.13529209868068537,0.22297057780928742,0.22297057780928742,0.25,0.16666666666666674,-0.5346294647274166,-0.7048358219332858,0.6554726368159205,-0.9340303234698965,-0.016137247306274083,0.7071960297766748,0.18845315904139426,0.1953125,0.029850746268656803,0.6521739130434783,0.8556658395368073,-0.017562346329469625,0.20493827160493838,-0.015748031496062964,-0.09716936251189345
2003-10-26,-0.18051269778941004,-0.26827625457887494,-0.4273608242164588,-0.08553706340107259,0.013886587679105222,0.05719114173485229,-0.7368115942028985,-0.7368115942028985,-0.7333333333333334,-0.7142857142857143,-1.457903688742426,-8.595653838226202,-28.406555221637866,8.442987330517893,-0.15488321053456655,-0.10901162790697672,0.4839596700274975,0.5767973856209152,0.004830917874396157,-0.13450292397660812,-0.2810340985067974,0.2372184483375046,0.4959016393442621,0.05600000000000005,-0.1998419180608615
2004-01-25,-0.04074363509233747,-0.0050959073966264645,-0.22475940663285077,-0.2328117896129065,0.04110502118488801,-0.028699629065009336,2.802076777847703,2.802076777847703,2.75,2.25,-0.88984329657574,-1.0810060630495124,-1.015262571746766,-0.5906458902174936,-0.07502167695513196,0.16802610114192507,-0.5423100679431747,-0.5119170984455959,0.019230769230769162,0.16216216216216206,-0.2839429634221946,0.0853922843519721,-0.44109589041095887,-0.1287878787878789,0.29683898584129054
2004-04-25,0.04205256177180172,0.061028087454118474,0.06872721946007432,0.07314613063882769,0.03321774949223966,-0.0004532755512910436,-0.11656873293056358,-0.11656873293056358,-0.1333333333333333,-0.07692307692307698,-65.79030558482613,3.4473104900459415,2.075437808711271,0.02047035823126908,-0.08276669371612988,0.11731843575418988,-0.00944669365721984,0.05944798301486198,0.028301886792452935,0.09593023255813948,1.416017316017316,-0.008519701810436597,-0.014705882352941235,0.07826086956521738,-0.011298717785959034
2004-07-25,0.015566558541753928,0.02626511136955134,0.03665809340288706,0.043187719459714335,0.008340829552998086,-0.033574554200527684,-0.7602229612628226,-0.7602229612628226,-0.7692307692307693,-0.75,-1.4698793221221091,-1.1026460492193133,-0.762301065849029,-0.09302980785484871,-0.08184059997457738,-0.1975,-0.2683923705722072,-0.2124248496993988,0.004587155963302614,-0.22015915119363394,-0.1974556531087619,-0.007116004296455425,-0.24875621890547261,0.048387096774193505,-0.016210837185413496
2004-10-24,0.03968359546191502,0.05657972562012881,0.11800573981079876,0.10992792137655205,0.01209775357435694,0.13053078425912323,4.055479585856613,4.055479585856613,4.333333333333334,4.0,-1.0150219791630612,-2.0525212286403187,-5.387592137592137,0.4843439363817097,-0.13230774342531526,-0.3457943925233644,0.3128491620111731,0.3256997455470738,0.013698630136986356,-0.34693877551020413,-0.12078588970752391,-0.026504394861392888,0.3211920529801324,0.0,-0.04806343198355467
2005-01-30,0.05772718061696902,0.07742634898538658,0.044111815789168674,0.014459729304617808,0.06302445572986914,0.09869256833420281,0.8551335059314502,0.8551335059314502,0.7500000000000002,0.8000000000000003,227.50460829493088,4.828784860557769,-1.7822343553128936,-3.1691361125062785,0.33075494457102383,0.5119047619047619,0.27375886524822723,0.2610364683301343,0.04054054054054057,0.48958333333333326,0.12493651599796829,0.005000694540908457,0.2506265664160401,0.01538461538461533,0.06204154384040561
2005-05-01,0.004026929708646376,0.011288762734438684,-0.10163058445192641,-0.10835889789056785,0.04440331062203162,0.0306632584610822,0.34233164614968037,0.34233164614968037,0.357142857142857,0.33333333333333326,-0.09672182392029927,-0.9212077715691803,-2.116420581655481,0.39878437047756865,0.3476634438305708,0.3259842519685039,0.3853006681514475,0.38964992389649944,0.051948051948051965,0.27622377622377625,0.00045146726862310693,0.04022114720110581,0.35470941883767515,0.022727272727272707,0.13419829589465548
2005-07-31,0.0569533005441889,0.06233286376687275,0.11984465040159997,0.1330901150404773,0.03628024674403352,-0.015473258359224862,0.16127180187449563,0.16127180187449563,0.1578947368421053,0.13888888888888884,-0.471449781756885,11.075037952721752,1.444934273805707,-1.5357004910886718,-0.13819732103457605,0.0071258907363420665,0.430064308681672,0.42935377875136904,0.03703703703703698,-0.043835616438356095,-0.2912906137184116,-0.019532288068030867,0.4068047337278109,0.014814814814814836,-0.062432417050822475
2005-10-30,0.044722367201359914,0.034282392299105124,0.0068037572988068895,0.003922462620270739,0.05819171868983952,0.014966632568561566,-0.1280649945882384,-0.1280649945882384,-0.13636363636363635,-0.12195121951219512,0.776226582465626,-1.5245339272243974,-1.2896108579483985,-4.145130555698614,0.5043481851591858,0.2382075471698113,0.12816188870151768,0.13869731800766294,0.043650793650793496,0.19484240687679066,-0.157274753263292,0.012874373221303692,0.1503680336487907,-0.007299270072992692,0.030229452470559748
2006-01-29,0.08262439158397528,0.06918942106627979,0.005762311239357443,0.02690282723150439,0.10860126526465397,0.0860433824978788,0.48103535469633574,0.48103535469633574,0.4999999999999998,0.44444444444444464,1.6799724134650829,-1.366478342749529,-4.082635272809599,0.5347230182252862,0.5145316600239358,0.2590476190476192,0.1215744892874937,0.13795423956931363,0.0874524714828897,0.20623501199040772,0.07026822818284839,0.02394969226652388,0.15904936014625237,-0.022058823529411797,0.04118548197030392
2006-04-30,0.12592348544805376,0.11203129202818296,0.20386749365046497,0.21854561287925245,0.10202460975727146,0.0760605037136175,-0.047370708387657556,-0.047370708387657556,-0.5438596491228069,-0.5384615384615385,-0.7802141244015742,13.71680837148463,-2.61519535840188,-1.34139067901498,-0.1159806146195057,0.3177004538577912,0.012883163038649448,0.011235955056179803,0.09090909090909105,0.21073558648111312,0.11789622308506886,-0.021168169345354704,0.048107255520504655,-0.03007518796992481,-0.08740308980816025
2006-07-30,-0.0077239111825185836,0.0013387618541038648,-0.041518775533856855,-0.055155408717255994,0.0035957346144048774,0.008377737394893225,-0.05768812999652417,-0.05768812999652417,-0.03846153846153855,-0.08333333333333326,-0.6394137596899225,-0.9045735617151491,-3.3228600659315677,0.5523572890784929,-0.20366448459600262,-0.061423650975889754,-0.02763157894736845,-0.0216374269005849,-0.0064102564102563875,-0.1395730706075533,-0.12503946952952327,0.011346949672941031,-0.009029345372460362,-0.015503875968992276,0.059777385049452736
2006-10-29,0.15904358811976582,0.17355089443308747,0.29503231742684877,0.3023993949042063,0.11554152554051011,0.193526288000768,0.22775004898966023,0.22775004898966023,0.19999999999999996,0.2272727272727273,15.197402306572613,-1.2415674273168784,-1.5909113153438843,-4.556704248037045,0.9096345993929298,0.130275229357798,0.03698691926026165,0.029288702928870203,0.11612903225806437,0.13740458015267176,0.1115120894983761,-0.03748680042238661,0.02733485193621865,0.0,-0.0989438576987215
2007-01-28,0.056934527466336426,0.002903418155396631,-0.02493595317432995,-0.028827749559495852,0.08733841645279306,0.07104921932505626,0.5351090497695075,0.5351090497695075,0.5333333333333334,0.5555555555555554,-0.20366171479133688,-103.42605342880749,-1.9245370523735383,-1.558503126034818,-0.2660371609688492,0.2602813852813852,0.09134406263592876,0.0871080139372824,0.07514450867052025,0.1291946308724834,0.1457792207792208,0.028798683488754806,0.08130081300813008,0.007874015748031482,0.032695866748920555
2007-04-29,0.046950524116694314,0.06027404676710457,0.054807105323007255,-0.02338734547367205,0.04433412609078902,-0.039360635723250104,-0.19110613677785526,-0.19110613677785526,-0.19565217391304357,-0.2142857142857142,0.3302762646758828,-0.7551470924339019,0.4491561861765021,-1.6817799444590842,0.2471225942022064,-0.09918419922713606,0.02550817058589061,0.025106837606837518,0.034946236559139754,-0.16196136701337305,-0.22442618305468964,-0.0025326579578779373,0.034176349965823416,-0.0078125,0.08564421807206202
2007-07-29,0.08404501747315485,0.11288101147833118,0.10073421147446582,0.0912550271131507,0.07843144739190056,0.1077521675273605,0.3060132013700392,0.3060132013700392,0.2702702702702702,0.303030303030303,0.08033567273213715,-0.364308226173089,-0.5372794817589537,0.7526331046477921,0.3472916307656959,0.2716873212583413,0.0890011659541392,0.08546117769671713,0.07012987012987004,0.22872340425531923,0.17902813299232734,-0.005211813443805946,0.09253139458030413,-0.007874015748031482,0.01983782218360841
2007-10-28,0.1445841225425828,0.1495988370759216,0.2852463114812194,0.2579972326593203,0.09629257993928175,0.19282910613491744,0.3643158187249611,0.3643158187249611,-0.10638297872340419,-0.11627906976744184,0.14802890873453323,2.220857517965727,0.3817895214940288,-0.39796178019796946,0.15518751127363362,0.2496251874062969,0.13704496788008558,0.12818050888142096,0.08252427184466016,0.16738816738816742,0.0687945460179733,-0.042181622783449724,0.12885662431941913,0.0,-0.08618486440437312
2008-01-27,0.07838485893010105,0.04817576143283109,0.13277558137319678,0.12927787287405335,0.05649321246881467,0.07810436923010733,0.09051985691310827,0.09051985691310827,0.11904761904761907,0.10526315789473673,-0.33582111147648797,1.284367306877484,2.021829501730505,-3.322766753312623,-0.3120397235928388,-0.09208158368326347,0.05963590709353417,0.03957446808510645,0.058295964125560484,-0.16069221260815825,-0.24760800231951297,-0.020336605890603043,0.04287245444801724,0.0,-0.07181479179614669
2008-04-27,0.01595310794357352,-0.048405772719672946,-0.05264751154892322,-0.09368553942931945,0.04555768108324498,-0.04102500145502319,-0.3120240629122194,-0.3120240629122194,-0.31914893617021267,-0.2857142857142857,-0.4247062038808418,-1.0576002892575567,-0.402128149674315,-1.2315176218334227,0.10500997979281101,-0.2583415923356459,-0.01125592417061616,-0.019647973802701557,0.044491525423728806,-0.2989690721649485,-0.33795761078998077,0.02920544022906224,-0.017985611510791366,-0.007936507936507908,0.049951454685459806
2008-07-27,0.040076870184779345,0.02372723393620868,0.21195761856710393,0.2948644233314168,-0.027131227855842766,-0.2260401530100885,-1.6839682135686207,-1.6839682135686207,-1.6875,-1.7333333333333334,-0.44261764604633547,-8.118819549178657,-1.1019274606962832,-2.1025164070789506,-0.1047730135888103,-0.19732739420935408,-0.37387657279808273,-0.38872651356993737,-0.030425963488843744,-0.23109243697478987,-0.2433061699650757,-0.06468215328974825,-0.3422291993720564,-0.07200000000000006,-0.20936832371416736
2008-10-26,-0.07857251261284903,-0.11872565710060234,-0.10431535986258933,-0.11502128604354478,-0.06603290003623852,0.005577611585838582,-1.510613665870056,-1.510613665870056,-1.5,-1.5,-0.46881677927788823,-0.8402368219140433,-29.663481730365394,2.06410027921345,-0.3586073979723087,-0.4428412874583796,-0.3177033492822966,-0.32513661202185795,-0.03138075313807542,-0.42622950819672134,-0.12230769230769234,0.013682331945270576,-0.2816229116945107,-0.06034482758620674,-0.0041943940310545935
2009-01-25,-0.08171535625276449,-0.12585828227018359,-0.17709065838772342,-0.22486995564803158,-0.03716132404531425,-0.46400343116230625,-3.3914134870765045,-3.3914134870765045,-3.4545454545454546,-3.4545454545454546,-1.4614794316675581,0.12364705039065305,-1.027956965614251,-0.831071387025476,-0.09444925019457873,-0.24302788844621515,-1.082047685834502,-1.0819838056680162,-0.04751619870410362,-0.21904761904761916,0.09202453987730075,0.048562206572769995,0.0,-0.14678899082568808,0.12773885221335712
2009-04-26,-0.05133900792275825,-0.06793212783642488,-0.10066888057945245,-0.09815037677034544,-0.03164384637099671,0.38053581078272436,0.3634781430941658,0.3634781430941658,0.37037037037037024,0.37037037037037024,-8.161904761904761,-0.715967083439653,-6.0625,-3.1711465626075976,0.22645132251824318,0.2684210526315791,13.145299145299145,13.259259259259261,-0.03628117913832207,0.33536585365853666,0.0,0.02070798936616769,0.0,-0.10752688172043023,0.03350691326988686
2009-07-26,0.037658429347306344,0.07285701277389234,0.2223374907539648,0.26937701873615016,-0.030819672979495283,0.169051128297234,-0.476988943964875,-0.476988943964875,-0.4864864864864865,-0.4864864864864865,-0.04932877406281666,13.728467153284672,-1.1954344281388307,-0.8783012285116191,0.022470396701764983,0.10788381742738573,0.004229607250755052,0.008658008658008587,-0.03529411764705892,0.1461187214611872,0.0,-0.0659355723098013,0.0,0.012048192771084265,-0.15484050316213782
2009-10-25,0.050074141805943384,0.08755503585258584,-0.010524262607040868,-0.0028216546003067,0.0784129635504709,0.16314583011384132,-2.021604527929194,-2.021604527929194,-2.052631578947368,-2.0,0.045886157922393256,-0.2718878900859275,4.944245795258906,6.879854052645296,0.17317219851656684,0.3651685393258428,-0.11070998796630571,-0.10472103004291844,0.06585365853658542,0.4183266932270917,0.0,0.026856471969474605,0.0,0.011904761904761862,0.09065866293890301
2010-01-31,0.03532305069849806,0.05221748505757273,-0.11458460544320392,-0.11749245617153803,0.0996457799957502,0.08777842485545939,0.21843888563540537,0.21843888563540537,0.1499999999999999,0.26315789473684204,-0.5100023351755274,1.9715488444663185,0.052912999888604206,-2.844099002260074,-0.27220784715780566,0.04663923182441709,-0.8092016238159675,-0.8072866730584851,0.07551487414187652,-0.0196629213483146,0.0,0.062169501214806244,0.0,0.15294117647058814,0.19229464319372713
2010-05-02,0.06054572357761656,0.09922082528831067,0.02346602546976584,-0.024331381043323552,0.0733563715226968,0.019669451433503404,0.04972687601086401,0.04972687601086401,0.04347826086956519,-0.04166666666666663,-1.0779406455339735,-0.7979307477076829,0.3283961066440966,-1.0002451141574351,9.167726918013486e-05,0.10288335517693303,-4.7695035460992905,-4.810945273631841,0.06382978723404253,0.025787965616045794,0.0,0.0121097954790097,-0.1816168327796236,0.061224489795918435,0.12662830403439984
2010-08-01,-0.018869690746588952,-0.026042728586201602,0.030103407842866803,0.07035997977245323,-0.03500294513999469,-0.19026005851391425,-2.0244705437737114,-2.0244705437737114,-2.041666666666667,-2.0869565217391304,-7.363535297387437,1.0770290537476894,-0.7690665817139216,-1714.6341463414635,-0.15708689761258499,-0.2632204396910278,-0.17309501411100658,-0.15796344647519578,-0.038000000000000034,-0.3072625698324023,1.1171749598715888,-0.01648497739962773,-0.13937753721244917,-0.028846153846153855,-0.09005696966295285
2010-10-31,0.049396344620649124,0.05713184149472017,0.04835931657247872,-0.0032351041764584476,0.0497610227660501,0.04031518426839975,-1.6020246734912493,-1.6020246734912493,-1.6,-1.6,5.177993244817144,0.3768482212575881,0.7918333563250104,-2.055679699397942,0.19673848749214207,-0.15322580645161288,-0.1353811149032993,-0.1224806201550388,0.037422037422037535,-0.12096774193548376,-0.029188779378316876,0.00040551500405516805,-0.08176100628930827,-0.03960396039603964,0.060572415494695386
2011-01-30,0.14804119646162173,0.14932069001624826,0.2909357285405607,0.15455566455886127,0.09785843444172992,0.05031804263951689,1.0227074544554688,1.0227074544554688,1.0,0.8666666666666669,1.0486339235638171,0.8858608156893355,2.416929709754408,1.8877458845101187,0.4747325865408911,0.7619047619047619,0.13815789473684204,0.12190812720848054,0.07815631262525047,0.701834862385321,0.9523623584537291,-0.04377786785569515,0.2226027397260275,-0.08247422680412364,-0.00453646620914272
2011-05-01,0.05372297756340805,0.08361238940795479,-0.018913306905853577,0.040823946993790106,0.08371811450207489,0.08536219392221822,-0.21224461261513183,-0.21224461261513183,-0.23333333333333328,-0.2142857142857143,-0.6038401280962931,-0.18349172678503867,0.11055032952177091,-0.914691367823444,0.027461783903775627,0.16216216216216206,-0.05664739884393055,-0.06456692913385831,0.06691449814126393,0.07816711590296488,0.048799999999999955,0.02854316800904333,0.0028011204481792618,-0.0674157303370787,0.04110189296564615
2011-07-31,0.02695522493932545,-0.05124911239337637,-0.08843030220274706,-0.021267553094991065,0.07009119997401236,0.05662764191472491,0.12094454181734826,0.12094454181734826,0.08695652173913038,0.13636363636363646,-0.5236875725900116,0.08202577364498276,-0.5924242731643977,-9.265050350262698,-0.22090653903483304,-0.2069767441860465,1.0147058823529411,1.031986531986532,0.06445993031358888,-0.25749999999999995,-0.1870709382151029,0.042038741585382455,1.0460893854748603,-0.012048192771084376,-0.030640590364488296
2011-10-30,0.0461758678930948,0.05501457849857583,-0.05052278597903748,-0.0766584157642568,0.07697069686721858,0.04885604470953275,0.17615274488200394,0.17615274488200394,0.15999999999999992,0.15999999999999992,1.9799319686421768,0.05829410946570146,0.9645079396684753,-1.2264748144273236,0.06421536046743048,-0.1912023460410558,0.08394160583941601,0.09942004971002505,0.06546644844517169,-0.2390572390572392,-0.6406286652592071,0.02940013183915635,0.10580204778156999,0.0,0.14261730396271743
2012-01-29,0.09115368056430251,0.1157939367515688,0.26139550893560637,0.048804309088694486,0.04335627729051583,-0.10597272505580668,-0.3491723368092756,-0.3491723368092756,-0.34482758620689646,-0.3793103448275862,0.6795803892527934,0.13609088865448138,-0.758811605219815,1.9547979650312848,0.17829419070739005,0.057287889775199385,-0.14478114478114468,-0.13489073097211768,0.03379416282642089,-0.008849557522123686,-0.08485639686684077,-0.04380122950819676,-0.10308641975308641,-0.03658536585365846,0.063864822414754
2012-04-29,0.027956242184303592,0.03245745972584335,0.009618363790893092,0.018759987010166013,0.0341807607066944,-0.029707488716882446,-0.4791036414565827,-0.4791036414565827,-0.4736842105263158,-0.4444444444444444,-1.0224301979450352,0.019966818368620576,1.391185585964175,-3.9560755986542646,-0.447300097622912,0.016460905349794164,-0.17454068241469822,-0.1681184668989547,0.029717682020802272,-0.017857142857142905,0.12482168330955767,0.006027323868202483,-0.12044046799724717,-0.05063291139240511,0.013453982616978388
2012-07-29,0.032184412264042006,0.045071867972052315,0.012301344581939322,0.07869504456388188,0.03877312925138332,0.12909067908489447,0.9697536277445935,0.9697536277445935,0.8999999999999999,0.8999999999999999,-22.816463944396176,-0.7471959743802492,-0.6858592737417895,-1.4367763380319407,0.353483143023555,-0.13832658569500678,-0.10651828298887123,-0.10785340314136127,0.03751803751803773,-0.1636363636363637,-0.012682308180088753,0.006390627080282263,-0.07042253521126751,-0.040000000000000036,-0.031179511278195404
2012-10-28,0.031104328142404825,0.05006726626071978,-0.0597392881180574,-0.029943442013386057,0.06044033397213311,0.153063862794105,0.7562958856240445,0.7562958856240445,0.7894736842105263,0.736842105263158,-0.09657716316716947,1.1581171859320212,0.8939860139860141,-0.8025030080546891,0.05157940666669325,0.05951448707909157,0.019572953736654686,0.0199530516431925,0.05146036161335177,0.021739130434782483,0.14322414900449587,0.028442915729593787,0.02946127946127941,-0.01388888888888895,0.08248247762714311
2013-01-27,0.055488561258794755,0.07919654259929265,0.17174025251830582,-0.015267930184726164,0.022202079000670283,-0.08073016584863513,-0.16791180409412665,-0.16791180409412665,-0.17647058823529405,-0.1515151515151515,1.4851034520759292,-0.22627585490073798,-4.7725225225225225,7.048040357004268,0.39475206894714,-0.10051736881005169,0.0732984293193717,0.07479861910241636,0.03703703703703698,-0.1436170212765956,-0.14550561797752803,-0.03151530743503983,0.07440719542109542,0.0,0.09593583366940006
2013-04-28,-0.020697587194500544,-0.035315788173120644,-0.08201171063941504,-0.05187953981825877,-0.0005731504195680692,-0.13746745421003848,-0.5522811010903991,-0.5522811010903991,-0.5357142857142858,-0.5357142857142858,-0.6105399227066421,0.6317344947538108,0.13752874969415219,-1.8262519407130253,-0.23385135633049758,0.04930156121610518,0.001626016260162677,0.007494646680942241,0.06505102040816313,0.012422360248447006,-0.06706114398422103,0.020587063355027135,0.0243531202435312,-0.014084507042253502,0.01745850028620488
2013-07-28,-0.11305548968895274,-0.14848383281784283,-0.0393045192772401,0.011035278534362813,-0.1352894629068655,0.023565602745881264,0.23824318599067928,0.23824318599067928,0.23076923076923084,0.23076923076923084,-0.45078849985767155,-4.084320539374138,5.697144381253925,-1.1744717354388055,0.053253963588951736,0.12999216914643696,-0.024350649350649345,-0.026567481402762994,-0.13652694610778437,0.06134969325153383,0.0937279774489077,-0.02511712649661635,-0.02377414561664193,0.0,-0.1577657223226845
2013-10-27,0.025456263223589737,0.032435818210741374,-0.0047895441524696825,0.05357606559584349,0.03558673142269031,0.07851618541235594,0.23106751824817517,0.23106751824817517,0.25,0.25,0.6825612372886627,-1.2632316125751246,-0.9946312190948228,-1.9778914977590474,-0.04944353405341595,0.012474012474012364,-0.14309484193011657,-0.14956331877729256,0.05409153952843271,0.17341040462427726,0.04574742268041243,0.009878520891736686,-0.13165905631659058,-0.02857142857142847,-0.02008683620401741
2014-01-26,0.2695535731950969,0.3888720569523594,1.0093792738468972,-0.04100810709109293,0.03141913699499166,0.08562981573426875,0.23736250779052326,0.23736250779052326,0.3500000000000001,0.25,1.4687305547854481,4.868486921808372,-309.3003110792055,-21.162910011287067,1.0487809651226505,0.059548254620123364,-0.03883495145631055,-0.08985879332477531,0.05789473684210522,0.0049261083743843415,0.23844731977818867,-0.18757435558493052,-0.0666082383873795,-0.014705882352941235,0.4482909728308502
2014-04-27,-0.053266673047489,-0.062387738676707105,-0.03464596120373764,-0.05029212180696696,-0.06494325686350277,-0.03620900912238756,-0.07079507477010827,-0.07079507477010827,-0.11111111111111116,-0.040000000000000036,-0.6231158537802711,-0.6995969428772022,-1.359458765107068,-2.0897688391746945,-0.5578579820716976,0.12338501291989656,0.17676767676767668,0.10719322990126923,-0.07089552238805963,0.05882352941176472,0.1691542288557213,-0.012365766352098961,0.0938967136150235,0.0,-0.012741637249958027
2014-07-27,0.010059634391375027,0.019679934650511877,-0.0254830265139131,-0.03253651392902679,0.03306971347389065,3.355135669891318e-05,-0.06255676990242898,-0.06255676990242898,-0.04166666666666663,-0.08333333333333326,-0.36246374700374784,-0.809416266552031,-0.9408341646477602,-1.0092260227700796,0.011640627301562345,0.076480736055204,0.05493562231759652,0.008917197452229297,0.06291834002677388,0.16203703703703676,-0.06297872340425537,0.022734761120263736,0.033476394849785374,-0.014925373134328401,0.053973983518354585
2014-10-26,-0.0069010584363168315,-0.006783155118300299,0.019910359069630124,0.07502684956988892,-0.023274792289326385,0.1111310598971369,0.3515581046446208,0.3515581046446208,0.3913043478260869,0.40909090909090917,1.2394944018611995,-0.7522794421323507,10.694354220648881,-21.315336595242112,-0.23376212404774288,-0.013888888888888729,0.10984540276647681,0.05681818181818166,-0.02518891687657432,-0.07569721115537842,-0.07856494096276112,-0.016430412371133962,0.0606312292358806,0.0,-0.07610416464734582
2015-01-25,0.04581832735998903,0.06968365558538503,0.03808261439702587,-0.04055757157832629,0.05075140447601001,0.020509522744744046,0.11655980620580797,0.11655980620580797,0.09375,0.12903225806451601,1.0532549867129202,19.402500801538956,-0.9295306097610451,-1.8468719115680723,0.2583617738792905,0.07042253521126773,0.08211143695014678,0.08124253285543603,0.03875968992248047,0.09913793103448265,-0.04534253326761939,0.0047494267933181344,0.05481597494126844,0.015151515151515138,0.11489570037243624
2015-04-26,0.012446524049319452,0.020776619874653734,-0.017383862676610407,-0.014541923819515024,0.031240054848571175,-0.0795784773301218,-0.3061596454165113,-0.3061596454165113,-0.3142857142857143,-0.3142857142857143,-0.4443553505643407,-0.26141738717757723,0.9485408086444356,-1.3236214217767797,-0.06574798551909378,0.07641700404858298,-0.026422764227642337,-0.019889502762430844,0.0534825870646769,0.03921568627450989,-0.01961796592669085,0.018581907090464478,-0.01410541945063093,0.0,0.03585207490354758
2015-07-26,-0.04279248388424084,-0.0384087791495199,0.0215722120658135,0.060022650056625215,-0.08143107989464438,0.0017376194613378804,-0.8059701492537313,-0.8059701492537313,-0.7916666666666666,-0.7916666666666666,-0.33739837398373984,-2.051063829787234,8.977272727272727,-0.12121212121212122,-0.0625,-0.011753643629525135,-0.1565762004175365,-0.16347237880496057,-0.08382526564344761,-0.0641509433962264,-0.01158504476040012,-0.0403264522323572,-0.17093373493975905,0.0,-0.09285671027131781
2015-10-25,0.027940965754406077,0.04029957203994283,-0.030422333571939908,-0.08653846153846156,0.0669056152927121,0.13183000867302685,8.461538461538462,8.461538461538462,8.0,7.799999999999999,0.5644171779141105,-1.805668016194332,-0.9544419134396356,-2.2413793103448274,0.08275862068965512,0.13891531874405327,0.12211221122112215,0.12803234501347704,0.06958762886597958,0.24596774193548376,0.34256792754395304,0.03785225946306481,0.11989100817438691,0.014925373134328401,0.1388466994909454
2016-01-31,0.027320880959018634,0.03753856702091185,0.03875968992248069,1.749707602339181,0.0008958566629340137,0.0735632183908046,-0.1544715447154471,-0.1544715447154471,-0.1333333333333333,-0.22727272727272718,1.003921568627451,0.07035175879396993,7.65,2.4722222222222223,0.26539278131634814,0.261487050960735,0.022058823529411686,0.017921146953405076,-0.006024096385542244,0.1779935275080906,0.10952380952380958,-0.0257069408740358,-0.005677210056772131,0.02941176470588225,-0.6226807749802151
2016-05-01,-0.0355495251017639,-0.04344952915909461,0.006751954513148473,0.011059123777116042,-0.061087491608861066,-0.06852248394004279,-0.05769230769230771,-0.05769230769230771,-0.07692307692307698,-0.02941176470588236,-0.3953033268101761,-1.8262910798122065,2.086705202312139,-1.392,-0.08221476510067116,0.03013245033112577,0.12374100719424463,0.107981220657277,-0.047272727272727244,0.03571428571428559,0.03969957081545061,-0.026550131926121323,0.06769983686786296,0.028571428571428692,-0.053911287190243184
2016-07-31,0.04966235227912219,0.06321243523316067,0.02682668549241085,0.01262095077829195,0.0676835081029552,0.09425287356321843,0.2908163265306123,0.2908163265306123,0.3055555555555556,0.21212121212121215,-0.40453074433656955,-2.528409090909091,-0.9325842696629214,1.4693877551020407,-0.22120658135283366,0.4731597557055609,0.3130601792573624,0.3146186440677967,0.06488549618320594,0.5464190981432362,0.35913312693498445,0.017279349483313444,0.26814362108479783,0.04166666666666674,0.04996305115362509
2016-10-30,0.28829915560916763,0.3494152046783625,0.4585768305259539,-0.1520565018695471,0.18839285714285725,0.403361344537815,1.1422924901185771,1.1422924901185771,1.148936170212766,1.0749999999999997,1.4891304347826089,0.21561338289962828,-39.416666666666664,-13.512396694214877,3.553990610328638,0.4012655465852062,0.2662116040955631,0.22481869460112813,0.18040621266427737,0.31560891938250424,0.07643634522905596,-0.07760199833472126,0.17650602409638538,0.040000000000000036,0.5914369501466274
2017-01-29,0.023824386183936674,0.0275671120741543,-0.045958048550553854,-0.12395884370406662,0.08226897069872274,0.08433133732534936,0.24538745387453864,0.24538745387453864,0.20792079207920788,0.14457831325301207,0.5742358078602621,0.1406727828746177,-1.3774403470715835,-1.1149273447820343,-0.08969072164948455,0.45203986297103715,0.29842125529457064,0.28881578947368425,-0.010121457489878694,0.23076923076923062,0.15400893486950373,0.05705000902690038,0.2345110087045572,0.03846153846153855,0.17294415370629723
2017-04-30,-0.04379636215831728,-0.049203373945642004,-0.19194664031620556,-0.45022371364653246,0.06421381464769182,-0.1086056143580304,-0.24888888888888894,-0.24888888888888894,-0.29508196721311475,-0.16842105263157892,-0.608876560332871,-3.0214477211796247,0.5574712643678161,-2.281609195402299,0.1262740656851642,0.1587131367292225,0.08096085409252662,0.11128126595201637,0.05419222903885501,0.17055084745762716,-0.1228606356968216,0.11289496157130641,0.08710078805474897,0.024691358024691246,0.7294511939673229
2017-07-30,-0.0008501594048884176,-0.005667816658452396,0.04769183735860594,0.04984740590030512,-0.025929549902152682,0.15126484254001027,0.14990138067061154,0.14990138067061154,0.13953488372093026,0.16455696202531644,1.5,-0.6525198938992043,0.19065190651906527,-1.0044843049327354,-0.0005027652086475598,0.25978713558537714,0.09163237311385464,0.10794671566375746,-0.033947623666343296,0.1945701357466061,0.06457607433217194,-0.025015346838551222,0.054940862266310564,0.048192771084337505,-0.05288018991327936
2017-10-29,0.045522229312912055,0.050681536555142515,0.014590020426028527,-0.004844961240310086,0.06345220157374865,0.1820627802690582,0.4373927958833619,0.4373927958833619,0.4183673469387754,0.44565217391304346,0.6411347517730497,0.09160305343511443,-0.3502066115702479,-815.0,0.4094567404426559,0.30318836320893316,0.08042221663734606,0.12189054726368154,0.052208835341365445,0.34924242424242413,0.1090988435522584,0.01715724854399503,0.04882459312839038,0.06896551724137945,0.05579426583800107
2018-01-28,0.14354018311291972,0.09152022644179736,0.08426804716709801,0.1226874391431354,0.17616498740554154,0.10432473444613044,0.3353221957040573,0.3353221957040573,0.3309352517985613,0.3458646616541352,0.17372515125324117,-1.083916083916084,-0.7869634340222575,0.4742014742014742,0.42826552462526757,0.1948813349117764,0.09351011863224001,0.12934220251293405,0.17843511450381677,0.13587871982032573,0.04505213456620094,0.028474156607861234,0.0817241379310345,0.043010752688172005,-0.027761291651021702
2018-04-29,0.019482252468641548,0.0208535926526201,-0.0071618037135278145,-0.040763226366001715,0.032927318966671226,0.1016832703538304,0.11170688114387839,0.11170688114387839,0.10810810810810789,0.1061452513966481,0.06406480117820323,146.95833333333334,7.440298507462687,-3.6975,-0.8088455772113943,0.08157199471598409,0.17017655817911082,0.18128272251308908,0.029149797570850344,-0.08255066732575389,-0.10655120481927705,0.013241047246464133,0.09818297736691095,0.08247422680412386,0.06423401313084764
2018-07-29,0.12408376963350776,0.14638018628281113,0.09190488912636918,0.3218806509945751,0.13969158999611242,-0.026192703461178635,-0.114951768488746,-0.114951768488746,-0.1170731707317072,-0.11111111111111105,-0.3681660899653979,-0.7733032948465222,-0.8629531388152077,-0.9854803830707445,-0.06143790849673203,0.07175572519083961,0.03126704235593536,0.049584487534626076,0.1384736428009441,0.041487068965517127,-0.1401179941002949,0.013810513810513791,0.05137880986937615,0.0,-0.1327714369329822
2018-10-28,0.06016146561092994,0.05124180592743044,0.023244433569855616,0.09986320109439117,0.0773166571915862,0.018571886007044514,0.11716621253406001,0.11716621253406001,0.11602209944751385,0.11931818181818188,-0.46659364731653885,-1.2720496894409938,3.5354838709677416,-1.0638297872340425,0.00417827298050133,-0.011233211233211193,-0.010752688172043001,0.006334125098970578,0.07325501036627502,-0.13140196585618202,-0.13232050967900033,0.016258971729895988,0.04334621755935952,-0.03809523809523818,-0.04420717303564914
2019-01-27,-0.0267262209855752,-0.07280871245389076,-0.05547584887613577,-0.17350746268656714,-0.014036939313984198,-0.30682175416535684,-0.5398373983739837,-0.5398373983739837,-0.5396039603960396,-0.532994923857868,0.8439425051334701,-0.817351598173516,0.24751066856330017,19.333333333333332,0.0846047156726768,-0.2869432781756813,-0.16464718460441918,-0.15316024127983208,-0.007083065035415337,-0.33591423466349013,-0.34764190906523573,0.01297203805131164,-0.06483196612860553,-0.09900990099009899,0.12185063834594967
2019-04-28,0.05484501956063803,0.006820119352088705,0.0929113924050633,-0.10985703536493607,0.03874973239135082,0.006802721088435382,-0.30388692579505305,-0.30388692579505305,-0.30107526881720437,-0.30434782608695654,-0.1982182628062361,36.375,-0.7434435575826681,31.622950819672134,2.544757033248082,-0.06344166714772259,-0.24744027303754268,-0.24310932177144629,0.03307392996108938,-0.056502242152466464,0.0593073593073592,-0.015224815025611793,-0.13214487832484445,-0.1208791208791209,0.13107407220907397
