Quarter end,Assets,Current Assets,Liabilities,Current Liabilities,Shareholders equity,Revenue,Earnings,Earnings available for common stockholders,EPS basic,EPS diluted,Cash from operating activities,Cash from investing activities,Cash from financing activities,Cash change during period,Cash at end of period,Price,ROE,ROA,Book value of equity per share,P/B ratio,P/E ratio,Cumulative dividends per share,Equity to assets ratio,Net margin,Asset turnover,Current ratio
1993-12-31,0.001836926567032382,0.011256934170034816,0.021710522598189286,0.09693580367064425,-0.03790235316950741,0.05401672902505439,-0.4904255319148936,-0.3607555416796753,-0.36296296296296304,-0.36296296296296304,17.092818759159744,1.6454517230673704,0.4638633183592311,-0.598229620821773,0.33746488920593865,0.107379584622183,-0.867699642431466,0.9413407821229052,-0.037917087967644036,-0.09523809523809534,-0.7515114873035066,inf,-0.039592081583683214,1.2200772200772203,0.06521739130434767,-0.07811651539833997
1994-03-31,0.001836926567032382,0.011256934170034816,0.021710522598189286,0.09693580367064425,-0.03790235316950741,0.05401672902505439,-0.4904255319148936,-0.3607555416796753,-0.36296296296296304,-0.36296296296296304,17.092818759159744,1.6454517230673704,0.4638633183592311,-0.598229620821773,0.33746488920593865,0.107379584622183,-0.867699642431466,0.9413407821229052,-0.037917087967644036,-0.09523809523809534,-0.7515114873035066,inf,-0.039592081583683214,1.2200772200772203,0.06521739130434767,-0.07811651539833997
1994-06-30,0.0379739024250525,0.03353639172627121,0.0659858726954965,0.0752507054712257,-0.02150951399621004,0.05401672902505439,-0.4904255319148936,-0.3607555416796753,-0.36296296296296304,-0.36296296296296304,17.092818759159744,1.6454517230673704,0.4638633183592311,-0.598229620821773,0.1013734248949929,-0.13687150837988826,-0.867699642431466,0.9413407821229052,-0.02207041513399899,-0.09523809523809534,-0.7515114873035066,1.0,-0.057464084946908134,1.2200772200772203,0.06521739130434767,-0.03879165264220785
1994-09-30,-0.04998537168388428,0.15481057420704225,-0.05423658566881595,-0.1472273262429864,-0.04015069572511021,0.015053943296813532,0.6550104384133613,0.38308913308913306,0.38372093023255816,0.38372093023255816,-0.12532400907225405,-0.6444138011970426,-1.0049603074786948,0.2157185136468267,0.07799872877508407,0.21359223300970887,-0.867699642431466,0.9413407821229052,-0.045674368619021966,0.2456140350877194,-0.7515114873035066,0.5,0.010271703114645536,1.2200772200772203,0.06521739130434767,0.3541976713647901
1994-12-31,-0.036851327412191104,-0.14271710422515227,-0.05474852511134676,-0.04997487175932347,0.003944108699106108,-0.1281847060869884,-1.8155156102175969,-1.2675347605385126,-1.2352941176470589,-1.0,0.12361666332247756,-2.98648492549382,405.6105476673428,-2.9697051663510954,-0.17301212938005395,0.011809523809523714,-0.867699642431466,0.9413407821229052,-0.18243243243243257,0.05633802816901423,-0.7515114873035066,0.33333333333333326,0.042308953755329615,1.2200772200772203,0.06521739130434767,-0.09761458400672318
1995-03-31,0.011416423133539633,0.043306717893764723,0.0030718085605754286,0.0027027725460331276,0.029325395022778977,0.2861673194653003,1.205723124516628,3.176043557168784,2.321428571428571,inf,0.9932553092117915,-1.5487751185838061,-0.6362098982834394,-1.8402911288107662,0.20774767433964825,0.16039156626506035,-0.867699642431466,0.9413407821229052,0.026859504132231482,0.41333333333333333,-0.7515114873035066,0.25,0.017935808684707233,1.2200772200772203,0.06521739130434767,0.04047567877355118
1995-06-30,0.021209504731643403,0.08151301993359295,-0.02344551134242301,0.2588016451871604,0.07834246695276414,0.018165786272380746,0.8569424964936887,0.9659436608589151,0.956989247311828,0.9294117647058824,0.37520416250301514,0.07376515644631487,0.19351388412752835,5.794901127635234,1.1688078036713239,0.16190785204412728,-8.468468468468469,0.9413407821229052,0.06371562709590872,0.13207547169811318,-0.7515114873035066,0.19999999999999996,0.05595054095826901,1.2200772200772203,0.05102040816326525,-0.1408702836684108
1995-09-30,0.04256231095899521,0.12233682680531177,0.017333320786846018,0.034812580991699704,0.08251850727254118,0.07695576867562637,0.11858006042296076,0.1262057877813505,0.1153846153846152,0.11585365853658547,-0.3447023036948318,0.4863394141032509,-0.6771947562530878,-1.0664774640434844,-0.035825848012339456,0.20078190449595068,1.2340168878166464,0.9413407821229052,0.07408575031525855,0.13333333333333353,-0.7515114873035066,0.16666666666666674,0.038348946135831286,1.2200772200772203,0.04854368932038833,0.08462894694662593
1995-12-31,0.0069632533648442685,0.1292387256111771,-0.008598304113921484,-0.10396537397089045,0.03322162301915421,-0.07471054688954248,-0.40563808237677246,-0.4281941470378301,-0.42364532019704426,-0.41530054644808745,-0.10599247499311737,-1.2325195386599894,4.849124430523918,7.2916063675832135,-0.3080914675951443,-0.17418604651162795,0.12688984881209509,0.12086330935251777,0.04021132961549734,-0.23529411764705888,-0.7515114873035066,0.1428571428571428,0.025937411897378082,0.12173913043478257,0.03703703703703698,0.2602334860351707
1996-03-31,0.059640443916974206,0.03542273342024793,0.09250872073435579,0.09234621843936996,0.004353655902429088,-0.00712153277916816,-0.6377449588185174,-0.7556328797902884,-0.7264957264957265,-0.719626168224299,-0.713465749674947,-12.745258005302876,-2.531207214443491,-0.8776507548651715,-0.05447939536419977,0.09293156857223339,-0.14758025874460945,-0.11810012836970474,-0.005361173814898312,0.05769230769230771,-0.12408759124087598,0.12500000000000022,-0.05221214619400938,-0.10852713178294571,-0.0267857142857143,-0.052122420262664115
1996-06-30,0.024349381612818854,-0.012507317876800816,0.03948404678269357,0.019073608361424688,-0.004771376442210262,0.021906861394323407,-1.6644453155625245,-2.708064619117553,-2.71875,-2.8333333333333335,0.7712929516076066,-0.3703509472624029,-0.4652709888170915,-5.49037089871612,0.2587280386314599,0.08064931718629209,-0.448566610455312,-0.4032023289665211,-0.008794326241134853,0.08181818181818179,0.2041666666666666,0.11111111111111094,-0.028414033053058785,-0.4347826086956522,-0.03669724770642202,-0.030989051772128406
1996-09-30,0.01780107716233803,0.007129780930349661,0.03410448383365017,0.1016199830580855,-0.01463781849742718,0.07693771859559528,-0.9026548672566371,-0.5705046728971963,-0.5636363636363637,-0.5636363636363637,-0.29390052753105356,-0.13056955950975746,-0.1627798091500936,-1.2444603288062903,-0.050248138957816324,-0.18621840724845007,-0.7492354740061162,-0.6195121951219513,-0.014596451058958126,-0.17647058823529405,0.48558246828143026,0.09999999999999987,-0.031930766935243216,-0.7507692307692309,-0.01904761904761909,-0.08572705221498789
1996-12-31,-0.08422999513801255,0.0023316677155351684,-0.13238351169583507,-0.012266202328258924,0.006943483234196357,-0.06466602842624636,-2.296969696969697,-0.3367568979023414,-0.33333333333333326,-0.33333333333333326,0.40298364960019106,-4.698799690406405,-4.898094147514936,-66.84567901234568,3.483670803396473,-0.10079109288016408,-1.7276422764227641,-0.8846153846153846,0.005808887598025114,-0.09183673469387754,3.107919254658385,0.09090909090909105,0.09956843403205906,0.0,0.0,0.0147315506527963
1997-03-31,-0.007326073421219603,-0.06118618507839724,0.0002465506646354143,-0.02282110067148635,-0.023544309371487215,0.0025667472383847922,-8.107476635514018,2.270734908136483,2.1875,2.1875,-0.5023478172105209,-1.2007128314812179,-0.9930408168842171,-1.4481406008693807,-0.3481911129342038,0.11632453567937429,1.3687150837988828,-4.611111111111111,-0.02367889113485422,0.1123595505617978,0.0,0.08333333333333326,-0.016260162601626105,0.0,0.01941747572815533,-0.03921838447777626
1997-06-30,0.03966876509506223,0.06979799948446797,0.06791593304561494,0.0631532049565664,-0.012435059493883016,0.04669572387795973,0.0670611439842208,0.03575011033984676,0.03921568627450989,0.03921568627450989,1.481624559844108,0.3980311226190172,-56.56479057591623,-1.8675599497941118,0.4634436112336422,-0.02043199065966128,-0.002358490566037763,-0.01538461538461533,-0.13812481514344876,0.0,0.0,0.0769230769230771,-0.050156739811912265,0.0,0.028571428571428692,0.006230306502434724
1997-09-30,0.01414835190263819,-0.027562866931905683,0.022886139511315795,-0.03984616432672117,-0.008642287660750925,0.08190214659253758,-0.6179913739987677,-0.5177423103742156,-0.5660377358490566,-0.5660377358490566,-0.8057721449235432,0.2410100306236591,-0.9578519015818051,-3.306839092858865,-0.7305302585784215,0.16388557806912996,0.023640661938534313,0.15625,-0.01956074124914209,0.3535353535353536,0.0,0.0714285714285714,-0.022502250225022502,0.0,0.0277777777777779,0.012810476122695924
1997-12-31,0.007999623566215197,0.022591589003200685,0.009352202241722729,-0.03920999503344358,0.0037503540271954794,0.002087422068420386,-2.1661290322580644,-1.0804080649048116,-1.3043478260869565,-1.5217391304347827,-0.07113979714873397,-0.5224057765431369,10.23445577756043,-0.9809431595625289,-0.051662938105891176,-0.06144393241167445,-0.1131639722863742,-0.14864864864864868,0.003850192509625483,-0.04477611940298509,0.0,0.1777777777777778,-0.003990178023327129,0.0,0.018018018018017834,0.06429625465532984
1998-03-31,0.01607449127994709,0.05397980162121874,0.062423065131295585,0.20514059891602554,-0.07883463355947762,0.030588658666556023,-1.1604426002766253,-11.168831168831169,-3.571428571428571,-2.5,5.250458155161882,-0.1726396122312175,-0.6315527641315839,-10.02309468822171,0.4915547447551347,-0.11429350791052917,-0.21875,-0.47619047619047616,-0.08054393305439322,-0.11718750000000011,0.0,0.05660377358490565,-0.09337442218798153,0.0,0.017699115044247815,-0.12544566222104847
1998-06-30,-0.02080651303325487,-0.02861200047100254,-0.009840416679329667,-0.013450104540744912,-0.05008024688033519,0.033085322123584726,54.12931034482759,5.628156007466353,5.666666666666667,5.666666666666667,0.021647771696637896,-0.2707884076036148,-2.1120337552742616,-1.2500959815715382,-0.08242129014571609,0.09732060363412387,0.9433333333333334,2.909090909090909,-0.05005688282138798,0.19469026548672574,0.0,0.0535714285714286,-0.029911624745071475,0.0,0.034782608695652195,-0.015325381247168979
1998-09-30,0.008368684000627846,0.03132499520175025,0.0013309219082373591,0.05710965034043691,0.024573608140459502,0.03870129025967706,-1.7357310398749024,-1.6973676409557124,-1.6416666666666666,-1.6,0.9873009040034437,0.15413411736551508,2.431216610004857,0.8372777280286554,-0.165033036483769,-0.20348021330339605,-0.6586620926243567,-0.8294573643410853,0.024351297405189598,-0.1629629629629631,0.0,0.05084745762711851,0.015767344078486456,0.0,0.025210084033613578,-0.024380893966112094
1998-12-31,-0.003013562636315803,-0.04262818539517654,-0.0006547968319861042,0.006062548406911894,-0.010099605727329375,-0.038477712626487026,-1.3447821466524974,-1.3447821466524974,-1.4545454545454546,-1.4861111111111112,-0.175283102879767,0.36058532539470955,-0.6152267379111449,-1.118716056259574,0.023464486740156554,-0.03100775193798444,0.6281407035175877,2.1363636363636362,-0.010522213561964144,-0.05309734513274322,0.0,0.048387096774193505,-0.006898930665746761,0.0,0.016393442622950838,-0.04840864440078574
1999-03-31,-0.004307900526623998,0.001492247183949802,-0.005580374422295531,0.017686930360145015,-0.003948713541131688,0.048584350307158575,-1.9957465170755764,-1.780606583651831,-1.6571428571428573,-1.6285714285714286,-0.2993878727300584,-0.2640207262910389,0.05557088334023086,-11.259824046920821,-0.23522213855421692,0.1683636363636365,-0.4814814814814815,-0.5072463768115942,-0.006695549428909042,0.1869158878504673,0.0,0.04615384615384621,0.00034734282737081124,0.0,0.024193548387096753,-0.015938558097283062
1999-06-30,-0.004982338266442898,-0.02107486019170368,-0.028015266099201463,-0.008663684865853782,0.04700066224793886,0.04149512802322319,2.6557914938401534,3.397615099107637,3.2608695652173907,3.1818181818181817,0.7164993543549798,-0.14956367401271997,0.9790899784365403,-1.941633796375693,0.2896175824175824,0.20697167755991286,-5.0773809523809526,-7.294117647058823,0.03687549563838233,0.21259842519685046,0.0,0.044117647058823595,0.05208333333333326,0.9012345679012348,0.023622047244094446,-0.012504196038939153
1999-09-30,0.04456243148509165,0.1491615023040238,0.051309003691999644,0.05635001105142945,0.03128356488848838,0.0662863347492979,-0.16941001151527468,-0.11921992565589812,-0.18367346938775508,-0.19565217391304357,-0.551167249077849,1.6684232495043307,-1.8388215095419427,-1.196090335114133,-0.044037247603855634,0.033780299123259416,0.0029197080291969435,0.009345794392523477,0.03021032504780119,-0.006493506493506551,-0.4982044982044982,0.04225352112676073,-0.012541254125412404,-0.006493506493506551,0.01538461538461533,0.08787286479136558
1999-12-31,-0.0011818460668824304,-0.0068548774191204975,-0.024505641150066704,-0.06616820412331759,0.048715056648738875,0.04752137363580111,0.5393084325558637,0.5393084325558637,0.575,0.4054054054054055,0.6187315833581142,-0.6815856194070221,-1.972027238017765,-0.014860681114551078,-0.045381291270305324,-0.10975305562484428,0.8500727802037844,0.8333333333333335,0.047141796585003615,-0.13725490196078427,-0.12128060263653495,0.04054054054054057,0.049799465240641494,0.8104575163398693,0.045454545454545414,0.0635106632294351
2000-03-31,0.004108076928017068,0.02516674199337987,-0.0016382273077963916,-0.06087692577170911,0.014225769819089518,0.03844122279465423,-0.47597350993377485,-0.5206887417218543,-0.5,-0.42307692307692313,-0.033709929273445405,0.22618414050026603,-0.44903826685563875,-5.713387806411062,0.22406812579368052,-0.015690669655365475,0.08418568056648312,0.10606060606060597,0.014179369018078702,-0.053030303030303094,-0.4843549078439777,0.03896103896103886,0.010187838268067573,0.07220216606498209,0.03623188405797095,0.09159688555898349
2000-06-30,9.981542867421034e-05,-0.06269968738074505,0.028209341735780935,0.010610559243788176,0.01839500328329491,-0.010283032585200802,-0.21628247902133257,-0.2317619100254228,-0.2222222222222222,-0.23333333333333328,0.5805997234704459,4.785473424145299,-4.570312117203194,-2.1956927590345376,-0.21887395799006504,-0.10959294050668944,-0.1523947750362845,-0.13470319634703187,0.016427822439706308,-0.1279999999999999,-0.21197007481296748,0.03750000000000009,0.018279231011660846,-0.1582491582491582,0.020979020979021046,-0.07253886010362687
2000-09-30,-0.003389122328168903,0.11663749596424755,-0.02773483489406192,-0.13659584474325448,0.04747812035707999,-0.002635104934384569,1.7284161640919793,2.04305600517967,1.8979591836734695,1.891304347826087,-0.4592716517137124,-1.281409688579318,-1.7595465680388107,-5.7811855238944965,1.3397031250000002,-0.09974424552429673,0.1515410958904111,0.18205804749340349,0.047455295735901126,-0.11009174311926617,0.04641350210970452,0.036144578313252795,0.05106778087279484,0.16799999999999993,0.020547945205479534,0.2933323659580642
2000-12-31,0.024185083275806818,-0.03987278011961104,0.03359671656775021,0.10067121376194366,0.006085857081995272,0.04767744296211318,-0.7233687943262411,-0.7233687943262411,-0.7535211267605634,-0.7443609022556391,0.5266270992790916,-3.4596376462385545,-1.0178605306664499,-2.0137623773923794,-0.5804756212393399,0.006392045454545414,-0.2483271375464685,-0.2299107142857142,0.005909389363099038,-0.04123711340206182,-0.16733870967741937,0.03488372093023262,-0.017667844522968212,-0.24657534246575352,0.01342281879194629,-0.12773476943789974
2001-03-31,-0.03750482017679013,-0.10409168457149809,-0.04082152115051585,-0.06529514172993922,-0.030253754755340423,-0.05542765331460009,-2.516899542793659,-2.6562833824723326,-2.942857142857143,-3.0,-0.6768418682279387,-1.346022694113037,-65.5948406676783,-1.0471117451478928,0.06518624641833815,0.14114326040931569,-0.4411473788328387,-0.4173913043478261,-0.0316579634464752,0.13978494623655924,0.4346246973365617,0.033707865168539186,0.007494004796163134,-0.43181818181818177,-0.0066225165562914245,-0.041481767316226104
2001-06-30,-0.004984033575650582,-0.026477300470231113,-0.015118595586651962,0.5710814325445417,0.014050804751918777,-0.006034431975494137,-1.5543380281690142,-1.4250296682317733,-1.426470588235294,-1.411764705882353,2.6508105670895414,-2.192106594703997,-0.3957119589049677,-0.5086691086691086,0.030067996712246803,0.04514533085961636,-0.12566371681415933,-0.10447761194029859,0.00707785642062686,0.07547169811320731,0.9670886075949368,0.03260869565217406,0.01904195180005952,-0.11199999999999999,0.006666666666666599,-0.38036768652710684
2001-09-30,-0.003140090584644817,-0.03802884164571396,-0.00810596266811825,0.001262725432740197,0.00636663604893517,-0.008121038235606948,-0.23878245845825496,-0.2812139605462822,-0.27586206896551724,-0.2857142857142857,-0.7389942402910169,-0.11938111407551133,-1.539225087469224,-0.5193836978131212,0.014029335383811903,-0.0408284023668638,-0.8481781376518218,-0.7555555555555555,0.0026773761713521083,-0.04385964912280682,0.09523809523809534,0.03157894736842115,0.009635036496350224,-0.8468468468468469,-0.0066225165562914245,-0.03919870059556041
2001-12-31,-0.018756899721038,-0.0592223678066075,0.023047115566368515,-0.15123203505694882,-0.09225210883406942,-0.06281142701057807,-3.781041388518024,-4.811940550582672,-4.714285714285714,-4.9,1.8848883726932506,0.5082339710118318,-1.3820051908103432,-14.642192347466391,-0.18874295361547488,-0.03608883405305374,-5.386666666666667,-2.9318181818181817,-0.0931241655540721,-0.04587155963302758,7.743047395221309,0.030612244897959107,-0.0748987854251012,0.0,-0.013333333333333308,0.10841879860250203
2002-03-31,0.0149644261981432,0.07245465359385772,0.02511164123417009,-0.14379150535842222,-0.0066087877680087725,0.017944441281949164,-0.8410945751320211,-0.7810859307503157,-0.782051282051282,-0.782051282051282,-0.996160441362857,-0.5196384277083682,-4.913248616004026,-0.9687689508793208,-0.0072660576346513794,0.1251199999999999,-0.5075987841945289,-0.6823529411764706,-0.00846521899153485,0.24038461538461542,0.0,0.02970297029702973,-0.021256642700844153,0.0,-0.013513513513513487,0.2525673614641586
2002-06-30,-0.00965313724464345,-0.01367849105213692,-0.017804981569124467,-0.11374661182857004,0.008231276810963806,0.05581183107475973,-1.4898791540785499,-0.9954462659380692,-1.0,-1.0,281.84271844660196,0.004577710194513029,-1.9563379149586047,-56.228155339805824,0.40422810445905144,-0.007394766780432271,0.6481481481481484,1.2222222222222223,0.006681514476614581,0.007751937984496138,0.0,0.028846153846153744,0.017885659533695364,0.0,0.006849315068493178,0.1129150093351734
2002-09-30,0.004412979555641128,0.01802773181793671,0.008858612344104788,0.09234082775190355,-0.005088472623207552,0.02500176109769625,1.624113475177305,-117.62222222222222,inf,inf,-0.47149604569420034,-0.21929644754891908,-0.7144682210156499,-0.5392018985672848,0.13264763928950973,-0.1859598853868194,0.18352059925093633,0.21666666666666656,-0.0047935103244838295,-0.1923076923076923,0.0,0.028037383177570208,-0.009413241292751784,0.0,0.006802721088435382,-0.06805251641137855
2002-12-31,-0.006814823380101753,-0.03353737899162612,0.04086942209957689,0.004072118330631591,-0.11015689376290705,-0.06944028904042976,-0.2706227967097532,-0.44397865853658536,-0.4444444444444444,-0.4444444444444444,0.10823028161695936,1.0716377517015734,-0.5808312728129048,-3.3249403910348114,-0.2722804901205196,-0.1710665258711721,-0.9620253164556962,-1.3150684931506849,-0.11041126343090024,-0.17142857142857149,0.0,0.027272727272727337,-0.10389610389610393,0.0,0.006756756756756799,-0.037489238475385545
2003-03-31,0.004755831345757411,0.03673473797780269,0.014355095974513121,-0.042413468437857094,-0.01957870172221976,0.029094626531500634,-5.437892701788304,-11.559287183002056,-11.6,-11.6,-0.4274579211402316,-0.47401362931765667,-4.540589887640449,-1.824711818517455,0.3085707269155207,0.03736730360934182,11.75,-1.8260869565217392,-0.019575177009579448,0.1724137931034484,0.0,0.0265486725663715,-0.024390243902438935,0.0,0.01342281879194629,0.08269637339404778
2003-06-30,0.0038093483129613137,0.007990483478592214,0.0019117488917830272,-0.009137520727671378,0.008786339486783312,0.04086943806073995,-0.857184346184564,-0.7656432558743347,-0.7735849056603774,-0.7735849056603774,1.0470653264274161,0.14355352906287067,-2.0040858423578882,-0.35415837644249903,0.152294266679178,-0.022103970528039252,0.36601307189542487,0.7894736842105263,0.005947323704333041,-0.009803921568627416,0.0,0.02586206896551735,0.005072463768115876,0.0,0.0,0.017273751408186433
2003-09-30,0.015424264985124836,0.04186304817581199,0.01379351850234034,0.040004081232532185,0.01967221168253408,0.09415163630180445,-9.358922216573463,-5.1120343442736464,-5.25,-5.0,-0.8137769643875071,-0.23544094526476167,-1.9819058154235145,-1.2846580406654344,-0.03762214983713352,0.060694851402260275,-0.8133971291866029,-1.4411764705882353,-0.0012668918918918859,0.05940594059405946,0.0,0.025210084033613356,0.00432588320115368,0.0,0.019867549668874274,0.0017718715393133522
2003-12-31,0.4557739257089739,0.7730002381681467,0.3766897538828706,0.9014427377391339,0.6463140562385576,0.1145251992205063,-0.7911446296071037,-0.8804095241302664,-0.9215686274509804,-0.875,8.01815154932603,10.055245807805644,14.44600466725678,-9.207521645021645,0.3208558977830429,0.18113654301499604,-0.23076923076923073,0.0,0.1264270613107823,0.1869158878504673,0.0,0.024590163934426368,0.1306532663316582,0.0,-0.045454545454545525,-0.06750681700935945
2004-03-31,0.036470336390525215,0.11430652638716321,0.04092285723767186,-0.00742623213690452,0.02651407235390768,0.5005003575196891,7.608474082702388,14.701774148127289,15.25,9.166666666666666,-1.6128615410267557,-1.0397785563206754,-0.4608629963922427,3.1140596670512606,0.999367387631227,0.10090210491146023,-15.533333333333333,9.066666666666666,0.021396396396396344,-0.023622047244094557,0.0,0.02400000000000002,-0.00952380952380949,3.8235294117647065,0.0748299319727892,0.12257962538528422
2004-06-30,-0.020246639381465648,-0.021474193152569265,-0.03973571629017758,0.2877262094657609,0.02234657013981378,-0.03639591869344705,-0.13619065338362402,-0.14086123715407928,-0.15384615384615385,-0.13114754098360648,-1.8364297096661355,-0.2985441573467027,-1.8219372668766791,-1.5567708333333332,-0.27829733377656907,0.06676783004552345,0.4678899082568808,0.4370860927152318,0.01800808526277109,0.040322580645161255,-0.847094664217553,0.0234375,0.04358974358974366,0.46341463414634143,0.04430379746835422,-0.24007321881160248
2004-09-30,0.045379534098465735,0.0643627722557365,0.05301240795028073,0.09917306965488182,0.029689835537174858,0.07342755724542216,0.21730532004464376,0.23013172452664765,0.23636363636363633,0.2075471698113207,-2.2027833925791684,-5.677066868256477,-1.9387954243525083,-0.828912714974455,-0.06597333984483389,-0.03413940256045511,0.07499999999999996,0.0875576036866359,0.029602888086642576,-0.04651162790697683,-0.40785232932903603,0.022900763358778775,-0.015049140049140042,0.06666666666666665,0.036363636363636376,-0.03168426903835464
2004-12-31,-0.036689824171285634,0.12259115303250923,-0.07320709036341222,-0.33140155547962546,0.03963965757911869,-0.2636333756056676,-0.988820794929949,-1.0245388361871468,-1.0147058823529411,-0.984375,2.1947400954239025,-25.654240625367343,-2.708489349179117,-91.36305518169583,6.382636388482882,-0.06067746686303388,-0.058139534883721034,-0.03813559322033888,-0.020336605890603043,-0.08943089430894302,-0.1425037110341416,0.02238805970149249,0.07920174618023079,-0.05468750000000011,0.01754385964912286,0.6790088021431306
2005-03-26,-0.07194830597220014,-0.13444584170307616,-0.11016329405763792,-0.2178053495748451,-0.0011155045167973165,-0.13599905967178527,-8.614388489208633,3.4246196403872755,6.000000000000001,-8.0,-0.0015690329134129266,-1.027173754327662,-0.560530096461137,-1.461503803633466,-0.39899174434345075,-0.01756036375039205,-0.39969135802469136,-0.3568281938325991,-0.00858983536148894,0.0,0.00980957876514732,0.021897810218978186,0.07627853221612235,-0.3223140495867768,-0.06896551724137923,0.10655877827796467
2005-06-25,-0.12622000250560939,-0.3131131819607996,-0.013793363948116588,-0.011229511356876887,-0.316189120428783,-0.09944721887377306,3.069916855631141,2.5468896530165677,3.0,3.0,-1.336218956088876,-1.9272272667456245,6.028103942891454,0.39065966871333946,-0.9232181451515712,0.01532077880625593,-0.6940874035989717,-0.6506849315068493,-0.08989169675090247,0.02678571428571419,0.6377142857142857,0.021428571428571574,-0.2174496644295303,-0.6829268292682927,-0.06790123456790131,-0.3053195324167053
2005-09-24,0.003958496683514445,-0.010569008757355669,0.004922693951054491,0.019073235570786995,0.0008866670181180147,0.09364691911861733,-0.8201782895347758,-0.7811659983254748,-0.75,-0.75,0.0644007961166797,-2.0492241460876146,-0.9374289531702015,-1.0306060434643238,0.36800432515390913,-0.04558314995284496,-2.3613445378151257,-1.8823529411764706,0.0,0.04347826086956519,2.5310537334263783,0.020979020979020824,-0.0030874785591765708,0.0,-0.07284768211920534,-0.02905856189770195
2005-12-31,0.021366962555665392,0.01307734040000419,0.04153040251648443,0.08522308782353583,-0.02744719871482737,0.0732903643186702,10.117738187451588,7.87696335078534,7.857142857142856,7.857142857142856,-0.6333784584144175,0.11959780868859471,-1.0016877797163013,-1.2958153642007488,-0.07957674655787861,-0.05830039525691699,1.4382716049382718,1.577777777777778,-0.028163427211424064,-0.05833333333333335,0.0,0.020547945205479534,-0.04783207157604963,0.0,0.021428571428571352,-0.06649870209192255
2006-04-01,-0.04128717111315405,-0.11859587476938016,-0.04665460784278941,-0.13192128064389808,-0.028872274193557645,-0.0129610269121323,-0.4173808030841404,-0.4080257695710364,-0.4032258064516129,-0.4032258064516129,0.6603586346957144,-0.5424066690830012,-504.07865168539325,-1.7122717077859662,0.06158065320368977,-0.012591815320041944,0.4177215189873418,0.3103448275862071,-0.032653061224489854,0.017699115044247815,0.0,0.020134228187919323,0.013010480664980006,0.0,0.05594405594405605,0.015375807638832173
2006-07-01,0.014369926875666295,0.06619034543999347,-0.010372345498880775,-0.017148344347805877,0.0797910019542396,-0.15786266106108549,-2.0919998405548688,-2.0111128142244024,-1.9729729729729728,-1.945945945945946,0.09854750156369452,0.04180418041804179,-1.936972350024568,20.88753936122357,1.269662334951203,0.3312079348211121,-0.5035714285714286,-0.5197368421052632,0.03502109704641354,0.38260869565217415,0.0,0.019736842105263275,0.06457367106671419,0.0,-0.0066225165562914245,0.08473620620217481
2006-09-30,0.013796988388731668,0.037467329304175845,0.008667494896046346,0.024578127259900828,0.024812382455733584,0.09969029143766805,0.14528198576382545,0.15083756537557802,0.13888888888888884,0.17142857142857149,1.3886252925918896,0.9403167898627245,-1.0727021357742181,0.43659569220651107,0.8036400009197728,0.11974454497072906,-0.7266187050359711,-0.7945205479452055,0.02079086832450061,0.08176100628930816,0.0,0.019354838709677358,0.01072386058981234,0.0,-0.00666666666666671,0.012623449914606066
2006-12-30,0.005223369386980092,0.10744376941273659,-0.021069573078264958,0.10115416055975879,0.06456346412941327,0.005520817460593186,0.8498167330677291,0.8780214713824672,0.878048780487805,0.878048780487805,-0.8096670816007627,0.5586346518057339,-2.3059016393442624,-1.2266412967281364,-0.10098357311779294,0.09386882129277563,-7.276315789473684,-11.0,0.057507987220447365,0.06976744186046524,0.0,0.018987341772152,0.05901856763925739,2.769230769230769,-0.020134228187919434,0.0057197330791229906
2007-03-31,-0.034663020620175344,-0.1021673524592197,-0.06392971916089418,-0.12665617112400196,0.02651381617248605,0.07951418044536407,0.008632275405768608,0.008820228659605744,0.0,-0.012987012987012991,-3.237365022820884,-0.6072012178941046,-9.513181019332162,3.495171064259563,-0.5049278547878187,0.12165978709537262,0.8637316561844866,0.9066666666666667,0.021525679758308103,0.059782608695652106,-0.5601778656126483,0.01863354037267073,0.06355666875391353,0.9489795918367347,0.006849315068493178,0.027998541742617622
2007-06-30,0.004128933514937927,0.04285475256491633,-0.009621867450529398,-0.009155533986690223,0.029884349192534243,-0.12471446931004293,-0.53132099967543,-0.540630268898507,-0.5454545454545454,-0.5394736842105263,-2.5043100767479753,0.18276205376191146,-0.8023475286068185,-1.5685097419694576,0.579827419528089,-0.0991671508812707,-0.03487064116985383,0.0034965034965035446,0.02920517560073943,-0.11794871794871797,-0.54369804538306,0.018292682926829285,0.025610833088018703,-0.010471204188481575,0.013605442176870763,0.05248599191432013
2007-09-29,0.013885816226324899,0.03520868499572649,0.006948888434646028,0.04678341356564797,0.0274461176712697,0.0857252591777311,0.8198352529523254,0.8540184652641138,0.8571428571428574,0.8285714285714287,-1.075163722960905,0.22351491101491106,2.700387943897344,-1.9211930344572064,-0.3320898397661084,-0.2354332401634056,0.06993006993007,0.11149825783972123,0.02765804597701149,-0.2558139534883721,-0.23535204332840964,0.017964071856287456,0.013490241102181555,0.10052910052910047,0.006711409395973256,-0.011051957679088842
2007-12-29,0.028604241855982204,0.08476696980297871,0.013247448235339743,-0.010267674371754798,0.0564502630957906,-0.05059823714300893,0.43141260590037844,0.43791583329931827,0.4307692307692308,0.421875,-5.307040704070407,-0.09464606009975673,-1.1122983870967742,-1.0708683586051562,0.03587352647759423,-0.22300337457817776,0.03376906318082784,0.06583072100313503,0.049283467319119145,-0.2421875,-0.29426915647134566,0.01764705882352935,0.02690455961483984,0.07692307692307687,-0.00666666666666671,0.09601362862010232
2008-03-29,-0.02031631339667539,-0.05626023664886981,-0.04351731646948498,-0.0941892115686116,0.01925153122218659,0.047699962649102146,-0.11369964600036375,-0.11478248527428858,-0.11827956989247324,-0.10989010989010983,2.637863656100738,-0.10508318180584575,-19.07181328545781,10.108967082860387,0.3847166807523732,-0.22620340209916756,-0.009483667017913588,0.014705882352941124,0.018987341772152,-0.2680412371134021,-0.26642335766423375,0.01734104046242768,0.04054054054054057,0.0401785714285714,-0.020134228187919434,0.04190499875652809
2008-06-28,-0.15672328525910462,-0.01656250120153946,-0.016299704256532377,-0.01423804549441332,-0.3894553912741696,-0.13820708569681717,-15.117108441343163,-15.354669061056953,-15.378048780487804,-15.555555555555554,-1.0547091121003187,0.022077331311599613,-0.714404927478641,-1.9440584448758558,-0.2622883340666827,-0.16697848456501407,-4.713829787234043,-4.463768115942028,-0.3896698267407649,-0.18309859154929575,-0.1828358208955223,0.017045454545454364,-0.27617280678505174,0.0,0.013698630136986356,-0.0023869196801528103
2008-09-27,-0.09651224163504324,0.009050910393543443,-0.00438379909638309,0.07767306003227326,-0.3422379601002008,0.0562802038252761,-0.5170282480821274,-0.5166887828503517,-0.5165394402035624,-0.5165394402035624,-15.385780287474333,0.06658160994570217,-1.2840545429247252,-2.417627216479968,0.5040276548530676,-0.28747894441325095,0.9699226582641076,0.7866108786610879,-0.342260310658811,0.1724137931034484,0.0,0.016759776536312998,-0.27169534968875875,0.0,0.04054054054054057,-0.0636439765522192
2008-12-27,-0.11016260023930358,-0.10156665082919114,0.03755774570235482,-0.09213103046192128,-0.6890631784919721,-0.10171456211477448,-0.0850021880926084,-0.08481493892926883,-0.08070175438596494,-0.08070175438596494,-1.2056399093617856,-0.735749853951651,-7.248591721773206,-1.8109531868327629,-0.27176550353714746,-0.4562647754137116,0.0,0.536768149882904,-0.6905537459283387,-0.17647058823529405,0.0,0.016483516483516425,-0.6505781799899446,0.0,0.06493506493506485,-0.010412674076913264
2009-03-28,-0.04283202226959426,-0.07666834140514156,-0.041023546828619195,-0.15553529062499216,0.005272359251456082,0.015195615336127677,-1.0352226372313829,-1.0331998303013161,-1.032442748091603,-1.032442748091603,-1.1339638193570778,0.1078008211390673,-0.44283306549602164,-0.6622732693152577,-0.12603423137505199,-0.2536231884057971,0.0,0.15330691862237122,0.0052631578947368585,1.4285714285714284,0.0,0.0,0.050359712230215736,0.0,0.06707317073170738,0.09340907623781547
2009-06-27,0.003927836548330177,0.08374207070898732,-0.00023168600443712606,-0.014824637913336547,0.056765638077466596,-0.13278381188916388,-2.2176162080609236,-2.3473796303339167,-2.352941176470588,-2.352941176470588,34.98413212435233,-4.106813646298584,-0.5565247977488568,-7.810258316298086,0.9821044521121571,0.20194174757281558,0.0,-0.4799154334038055,0.05759162303664933,0.19117647058823528,0.0,0.0,0.05205479452054784,0.0,0.02285714285714291,0.1000708466170741
2009-09-26,0.030808792196306056,0.07902531370068755,0.026226559313748066,0.10171135007844567,0.08587676617512918,0.10499505995012903,-1.3704271890488553,-1.3192954725076211,-1.3043478260869565,-1.3043478260869565,1.2941981119340529,-1.1621142140519378,-0.5415609137055837,0.7130587240080772,0.8487961357359914,0.5137318255250403,0.0,-0.5116869918699187,0.08415841584158423,0.43209876543209846,0.0,0.0,0.05338541666666674,0.0,0.0,-0.020608597649331872
2009-12-26,-0.015611491822828394,0.009196087506371908,-0.0613751904181884,-0.005345498510786251,0.5041519946911861,-0.011706670553242038,-1.4112774769034724,-1.572842998585573,-1.5714285714285714,-1.5714285714285714,-1.0399797590701725,1.650566037735849,11.854325259515571,-1.2404393346262748,-0.11038749712037388,0.28495197438633935,-0.9912752653773448,-1.0020811654526536,0.35844748858447506,0.18534482758620707,0.0,0.0,0.5278121137206429,0.0,-0.005586592178770999,0.014630938681571504
2010-03-27,-0.009290259737547157,-0.01571040143746516,-0.01640675932014235,-0.07264686376743623,0.04114698844982878,0.05896323724759056,-10.855925639039505,-8.64783950617284,-8.25,-8.25,-7.282182103610675,-0.3714407744874715,-0.9189480201351314,-1.880714191069299,0.10928335080255658,0.24335548172757493,-4.783333333333333,14.0,0.03865546218487381,-0.08363636363636362,0.0,0.0,0.05097087378640763,-0.944206008583691,0.0,0.06135234391877309
2010-06-26,-0.008928438553829632,-0.012222177545009538,-0.013677714069381453,-0.024073869203780407,0.022870733211045602,-0.13773918322767875,-0.511160012574662,-0.5253642197021672,-0.5172413793103448,-0.5172413793103448,-0.9381520584744174,1.1682899207248019,-0.5307206908003985,-1.3486854477752286,-0.034351470326673406,0.13560454241816955,2.616740088105727,2.4000000000000004,0.01941747572815533,0.09126984126984117,27.750380517503803,0.0,0.0323325635103926,3.153846153846154,0.0,0.01216161204966415
2010-09-25,0.02091759522109493,0.04544938769009543,0.013587895870449618,0.06895159168107279,0.06824064208045422,0.09690032440645968,0.722266881028939,0.6976447580988012,0.6428571428571428,0.6428571428571428,21.21969696969697,0.07437584874125136,1.2986553432413306,-4.5992125559570685,0.128036484824531,-0.25058823529411767,0.21559074299634573,0.37254901960784315,0.06825396825396846,-0.2654545454545455,-0.8533538038011541,0.0,0.04623415361670413,0.37037037037037046,0.0,-0.021969735056055484
2010-12-25,-9.290791477378768e-05,-0.019613225652115318,-0.00818168752865811,-0.011043074904108052,0.049459168628985584,-0.026002472749571792,-0.3208401400233373,-0.3928678753881599,-0.34782608695652184,-0.4347826086956522,-1.771008069098761,0.8858531842489061,5.4030172413793105,-2.88227713425142,-0.2136457029336526,0.25274725274725274,0.23146292585170336,0.30714285714285716,0.04903417533432375,0.1732673267326732,-0.07075812274368232,0.0,0.04989308624376321,0.29729729729729715,-0.005617977528089901,-0.008687159453068749
2011-03-26,-0.027550369226823967,-0.054270346912007494,-0.03849990972248574,-0.11987852258648846,0.03584263397501508,0.05479913532561742,-0.18198061988866743,-0.062365946213496115,-0.1333333333333333,0.0,-1.0128388437670435,-0.5633120230975459,-0.8205991248737798,-0.8548284372263355,-0.03944186569649988,-0.02318295739348375,-0.21887713588283153,-0.1803278688524591,-0.025495750708215303,-0.06751054852320681,-0.23348873348873345,0.0,0.012898845892735933,-0.1875,-0.005649717514124353,0.0745657246564686
2011-06-25,0.012042445922189948,0.029168963290760574,0.005666433929230941,0.08490270477251372,0.0463073961349707,-0.11561185420727094,-1.206502562379232,-1.2657927151152562,-1.3076923076923077,-1.3076923076923077,28.59816303099885,-0.3439197166469894,-0.08630393996247654,-1.7787770770496298,0.031977680250218965,-0.3450930083386786,-0.29375000000000007,-0.2466666666666667,0.05087209302325579,-0.330316742081448,-0.17840851495184995,0.0,0.038203753351206515,-0.26923076923076916,0.0,-0.05139217294793219
2011-09-24,-0.0028246377966878455,-0.004866016232295656,-0.005310410754027828,0.0010678704357311997,0.010015127895993903,0.07717271500155376,-9.963791700569569,-8.12280701754386,-7.25,-7.25,1.0206361520558573,0.1990282526543099,0.21443238486359628,0.9107105133441307,0.05920679392177908,-0.3496571988246818,0.014749262536873253,0.017699115044247815,0.009681881051175623,-0.3783783783783784,-0.08945095619987664,0.0,0.01355713363460298,0.05263157894736836,0.0,-0.005900905483772534
2011-12-31,0.016561157797151616,-0.006161980854906934,0.04631420675595499,0.014948261027647902,-0.13479037035685393,0.034379724211685225,-0.8449598329778061,-0.8648573287480249,-0.84,-0.84,-1.481148736850188,1.10063034669068,0.6115942028985508,-3.149148669565858,-0.12013159575300869,-0.25903614457831325,-0.20058139534883723,-0.24347826086956526,-0.14109589041095894,-0.2717391304347826,-0.29065040650406504,0.0,-0.154140127388535,-0.2333333333333334,0.005681818181818121,-0.020826936853955536
2012-03-31,-0.0034598300680096505,-0.0021201934631408514,-0.009998051585557999,-0.03284907446059959,0.036761436432434236,0.02022515733068664,0.5772833723653397,0.6705639614855572,0.5,0.5,-4.451484200446856,-0.501982638516772,-0.9463429256594724,-2.2727085655491726,0.17376747496552425,0.09552845528455278,-0.18727272727272737,-0.19540229885057459,0.03349282296650724,0.28358208955223874,0.35434574976122235,0.0,0.04216867469879504,-0.19565217391304346,0.0,0.031774235693754926
2012-06-30,-0.01770641912252824,-0.01775009393429927,-0.021672670019155738,-0.050266577552384395,0.005592378498415096,-0.14443444219482815,1.0876020786933926,1.2064635652531908,1.0,1.0,-1.0505155592546354,0.22265260741697146,88.10055865921788,-1.7656498423563018,-0.11334871910461997,-0.06679035250463816,0.5592841163310962,0.48571428571428554,0.006172839506172645,-0.09302325581395343,0.1445698166431595,0.0,0.024566473988439474,0.5135135135135134,-0.005649717514124353,0.03423998379172377
2012-09-29,-0.06306231898283698,0.026460666796806587,-0.20719258895682358,0.07878674578540168,0.7606408533923119,0.08872946126401726,37.540896159317214,39.39425319526075,40.66666666666667,40.0,-18.320823798627003,-0.08946905250806692,-0.8918427487616778,-2.082586889573251,0.1383969548080557,0.24652087475149087,8.658536585365853,10.009615384615385,0.7960122699386505,0.23076923076923062,-0.17806531115218738,0.00216216216216214,0.9203102961918193,10.428571428571429,0.011363636363636465,-0.048484254860668985
2012-12-29,0.013966059078969861,0.016955025814944458,0.023134108178436863,0.052343230247668515,-0.009627279238013542,-0.02526970690349939,-1.0769397565904204,-1.0782219286535824,-1.078,-1.079268292682927,-0.6383897902023992,1.496005154639175,-1.2521739130434781,-1.1782567703761502,-0.021670994541739264,0.40829346092503993,-0.21761734997029125,-0.06375545851528386,-0.010247651579846417,-0.21875,-0.8710644677661169,0.0021574973031284195,-0.022769004774146118,-0.06406250000000002,0.0,-0.03366102218333422
2013-03-30,-0.04225441063970625,0.0061490490371411965,-0.0796304067503969,-0.11873947726805978,0.0571118929051706,0.03895044616446741,-2.7042033938957846,-2.66332044052083,-2.666666666666667,-2.641025641025641,0.20054071827846998,-2.481361970158501,-7.172413793103448,-8.669159219405435,0.16987977117740205,0.36693091732729344,-0.03113726979305098,0.15485074626865658,0.056945642795513285,0.3866666666666667,0.4883720930232558,0.0021528525296019563,0.10522360015031929,0.14190317195325552,0.011235955056179803,0.1417310252996007
2013-06-29,-0.02027639801336001,-0.03254123200287762,0.0355149403606454,0.11639367853123361,-0.14941451262428573,-0.1322670313330454,-1.1676929031350058,-1.178095322623591,-1.1846153846153846,-1.1875,-1.3690809494826537,-1.265766315239174,-0.3230912476722533,-1.4419143876337692,-0.06417096602642469,0.0,-0.12541642171271805,-0.016155088852988553,-0.15428571428571436,0.0,0.0,0.0,-0.13532811968718106,-0.03508771929824561,0.022222222222222143,-0.13342041425639117
2013-09-28,-0.0344234636591465,-0.027144239014710525,-0.060603620962664806,-0.10314566080424492,0.03934968405637851,0.0859789869730192,-4.24013848090642,-4.0279079039170735,-3.9166666666666665,-3.7500000000000004,-6.317612137203167,-2.935676349091863,36.14910591471802,0.01681689761872729,-0.06972440501779553,0.0,-0.9020838001344387,-0.8973727422003284,0.037644787644787625,0.0,0.0,0.1589688506981739,0.07864726700747138,-0.9030303030303031,0.005434782608695565,0.0847868217054264
