Quarter end,Assets,Current Assets,Liabilities,Current Liabilities,Shareholders equity,Revenue,Earnings,Earnings available for common stockholders,EPS basic,EPS diluted,Cash from operating activities,Cash from investing activities,Cash from financing activities,Cash change during period,Cash at end of period,Price,ROE,ROA,Book value of equity per share,P/B ratio,P/E ratio,Cumulative dividends per share,Equity to assets ratio,Net margin,Asset turnover,Current ratio
1995-02-28,0.06092022800995189,0.08279216534026035,0.029098523412397492,0.0379988320031146,0.06764530847054151,0.0,0.0,0.0,0.0,0.0,0.8137585845652426,-0.2612509534706331,-0.09567198177676539,-0.9007257473866436,-0.5371410178462859,0.14880952380952372,0.019154557463672228,0.017794970986460212,0.07894736842105265,0.1279527559055118,0.0928364921297784,0.2656625743576764,0.006420351302240945,-0.14356743318831566,0.1823899371069182,0.04314340087316704
1995-05-31,0.06092022800995189,0.08279216534026035,0.029098523412397492,0.0379988320031146,0.06764530847054151,0.0,0.0,0.0,0.0,0.0,0.8137585845652426,-0.2612509534706331,-0.09567198177676539,-0.9007257473866436,-0.5371410178462859,0.14880952380952372,0.019154557463672228,0.017794970986460212,0.07894736842105265,0.1279527559055118,0.0928364921297784,0.2656625743576764,0.006420351302240945,-0.14356743318831566,0.1823899371069182,0.04314340087316704
1995-08-31,0.10444854752815602,0.10446067026783346,0.0976319943869497,0.13165297625745476,0.10583712088728814,0.10977883970978186,0.3054129225502782,0.3054129225502782,-0.12903225806451601,0.0,0.8137585845652426,-0.2612509534706331,-0.09567198177676539,-0.9007257473866436,-0.11520630505331475,0.21761658031088094,0.019154557463672228,0.017794970986460212,0.09756097560975618,0.1279527559055118,0.0928364921297784,1.0,0.0012036591237361005,-0.14356743318831566,0.1823899371069182,-0.024038461538461564
1995-11-30,0.06635488899639852,0.03554794270928241,-0.028828944004090973,-0.0201849458088893,0.0856005480089439,0.027030575138172308,0.04736540195034,0.04736540195034,0.03703703703703698,0.0,-0.22776280323450138,-0.32188951987609704,0.7111670864819479,0.7062374245472838,-0.22216400314383022,0.22765957446808494,0.019154557463672228,0.017794970986460212,0.0888888888888888,0.11867364746945896,0.0928364921297784,0.5,0.01803318105313778,-0.14356743318831566,0.1823899371069182,0.05689215341308951
1996-02-29,0.08918507465696113,0.13311560335604478,0.26156782728888306,0.26926459644137735,0.058004143153082444,0.085757746190817,0.007432908223143686,0.007432908223143686,0.0,0.0,1.3422255464140282,0.17691282832127908,-0.2082924435721295,-5.948899371069182,1.4134950039294938,0.12305025996533803,0.019154557463672228,0.017794970986460212,0.04081632653061229,0.03120124804992197,0.0928364921297784,0.3333333333333335,-0.028578176665092103,-0.14356743318831566,0.1823899371069182,-0.10726398801473191
1996-05-31,0.019170068405024443,0.02676042339611384,-0.2331089894088798,-0.2501998827354619,0.07358269754461766,0.011749331889193693,0.12402920161540854,0.12402920161540854,-0.2142857142857143,0.0,-0.8545273914277605,-0.20401067356675018,-0.8903005887821506,-1.484352660841938,-0.2836674884867656,0.24074074074074048,0.019154557463672228,0.017794970986460212,0.07843137254901977,0.19213313161875933,0.0928364921297784,0.25,0.05336737174811579,-0.14356743318831566,0.1823899371069182,0.3693828081297783
1996-08-31,0.1379604737339244,0.17175664883962916,0.552010340839513,0.5021326508850501,0.07416802054399674,0.9320913671325011,0.17964485593864432,0.17964485593864432,0.09090909090909083,0.0,5.359268292682927,1.3365501828524988,10.725988700564972,-0.8230567399147262,0.2286512111176051,0.18283582089552253,0.019154557463672228,0.017794970986460212,0.0181818181818183,0.09708121827411165,0.0928364921297784,0.19999999999999996,-0.056087709174841405,-0.14356743318831566,0.1823899371069182,-0.21994144880174293
1996-11-30,0.050740657972448755,0.051047593477969055,0.006027265155832184,0.002437235276022909,0.06069417745728467,0.020820033485503764,0.05827915422011354,0.05827915422011354,0.04166666666666674,0.0,-0.37172553983047596,-0.5875396721881657,0.5068658154661527,-1.592215013901761,0.03377378435517975,0.17770767613038907,0.023979261179520428,0.017794970986460212,0.0714285714285714,0.156737998843262,0.0928364921297784,0.3333333333333335,0.009536618168480393,-0.10449927431059514,0.13297872340425543,0.048483526074623695
1997-02-28,0.11662989027850035,0.14794492285171112,0.2396461950720028,0.2539656311962988,0.09065693967856792,0.15376491896707356,0.06741199911445639,0.06741199911445639,0.08000000000000007,0.0,1.1028020267382943,-0.20649309581532627,-1.09912070343725,42.09546165884194,1.4079451914719567,-0.12499999999999989,0.025632911392404978,0.01900418091980227,0.08333333333333348,-0.1835000000000001,-0.1868018812463258,0.25,-0.023252997456703395,-0.09481361426256085,0.12676056338028174,-0.08453342212603021
1997-05-31,3.0859658789437168,3.881169603656188,15.691815609567495,16.80861397134951,0.06086179046944262,0.04108160071997635,0.0745100072591518,0.0745100072591518,-0.2962962962962963,0.0,-0.27657783196887886,1.002922422954304,-11.846774193548388,-0.8868472655966301,0.06616132662377638,-0.048979591836734726,0.01820425794507874,-0.44199925400969786,0.06153846153846132,-0.12186160440906302,-0.12976685342490513,0.19999999999999996,-0.7403595784252945,-0.08415398388540729,-0.3916666666666666,-0.7259149806774268
1997-08-31,0.03580302716255335,0.03617989919879783,0.02616076758747532,0.02510340395350341,0.07221060498843146,0.0736114658441227,0.11344882497707864,0.11344882497707864,0.10526315789473673,0.0,0.18889201011276535,0.3383074678339302,-0.05665427509293686,-0.004172015404364515,0.06179674586262518,0.17274678111587982,0.008181818181818068,-0.2774064171122995,0.07246376811594213,0.10460251046025104,0.09968847352024923,0.08333333333333348,0.03486150907354335,0.00782013685239491,-0.2808219178082191,0.010782118271543517
1997-11-30,0.05443715272587579,0.05416141395852536,0.05005191724432301,0.04964446130938871,0.0702839388074421,0.07611753887539296,0.07124902487648432,0.07124902487648432,0.09523809523809534,0.0,-0.30216701545939373,-0.20318152534813416,-0.07802648171500626,-1.4041250402835965,-0.02352014404681524,0.06861848124428183,0.008115419296663706,-0.19796484736355224,0.06756756756756754,-0.0037878787878787845,-0.003021718602455259,0.23076923076923084,0.015228426395939021,-0.0019398642095052043,-0.20000000000000007,0.004348896364979149
1998-02-28,0.3209229371558877,0.3350308400451063,0.38944020480550323,0.391929394729164,0.0780047252495999,0.1536172365562598,0.06707662432235617,0.06707662432235617,0.04347826086956519,0.0,1.2738221921253747,3.5871011878848185,0.06736194221234393,25.30781499202552,-0.6336675502285736,0.17636986301369872,0.009540846750149212,-0.2029988465974626,0.07594936708860756,0.10202788339670477,0.08448569804887285,0.1875,-0.18409090909090908,-0.006802721088435382,-0.19047619047619035,-0.040849673202614234
1998-05-31,-0.10579547251068289,-0.11097738032614413,-0.14190695002064047,-0.1420295828504724,0.059219934507148686,-0.011309907685504217,0.06350470124355478,0.06350470124355478,-0.25,0.0,-0.16075645089238233,-0.8993437822007702,1.4874259170270703,-1.5001212488632918,0.8650901845637584,0.17976710334788937,0.007088009450679333,0.013024602026049381,0.05882352941176472,0.09660724554341571,0.09834061135371175,0.10526315789473673,0.18495821727019512,0.006849315068493178,0.0,0.036115843270868586
1998-08-31,-0.012150056749734017,-0.011937559255006502,-0.03787146158763466,-0.038497606238586446,0.08306862414936567,0.050323162595141024,0.11942533243021636,0.11942533243021636,0.05555555555555558,-0.20833333333333326,-0.19869715096826523,0.1403556034482758,-0.4076244445875459,-0.15461543123825683,0.39211717410249913,0.10734114743985179,0.007917888563049758,0.03142857142857136,0.07777777777777772,0.04562139486103822,0.01415394402035619,0.1428571428571428,0.0963798777621061,0.01652089407191437,0.014705882352941124,0.027622492601118154
1998-11-30,0.025655847943475862,0.022922063478484134,0.012228591872023964,0.012192221480759047,0.06981206598559608,0.0006884632719039718,0.07028438584758456,0.07028438584758456,0.10526315789473673,0.05263157894736836,-0.16765254800240403,2.9460193716040632,0.4185237525818024,-2.44414969888156,-0.40677315777782264,0.1331476323119778,0.00756473668897284,0.03601108033241007,0.07216494845360821,0.05165496489468402,0.05018033558099422,0.16666666666666674,0.04288164665523153,0.03441682600382423,0.0,0.010639999999999983
1999-02-28,0.24843224103398542,0.2567105820420883,0.3041051024718806,0.30554614064107266,0.07520377891068297,0.08771512974278406,0.07712449416805534,0.07712449416805534,0.04761904761904767,0.09999999999999987,1.6890130353817505,-0.04322447391265305,0.04253199478887271,-2.250508861639279,0.8574686819172113,0.026548672566371723,0.009529309846953549,0.045454545454545414,0.06730769230769229,-0.0424415832141154,-0.0389726743317903,0.1428571428571428,-0.13856907894736847,0.048983364140480656,0.0,-0.03744162115095395
1999-05-31,-0.044498074815898514,-0.045350026433462975,-0.07253071880916462,-0.07268520256945787,0.061296057277841376,-0.005770829597509075,0.04668508287292816,0.04668508287292816,-0.2727272727272727,-0.31818181818181823,-0.35782124484142686,0.0819384913806589,-0.06431931784769185,-1.0743578546190797,-0.03432603317144689,-0.028735632183907955,0.004004576659038861,0.025575447570332255,0.06306306306306286,-0.09013944223107562,-0.10254816656308263,0.125,0.11073985680190934,0.04229074889867834,-0.014492753623188248,0.029523026315789513
1999-08-31,0.0506342156669608,0.05369133131078785,0.04744030651895459,0.047540521218484955,0.061167966957319964,-0.45435406384757904,0.13584059118500913,0.13584059118500913,0.0625,0.13333333333333353,0.33364144548615693,-0.11268868197328086,0.050121769188467225,-9.833956219967966,0.3140135124876642,-0.04585798816568043,0.015954415954416046,0.01995012468827939,0.05932203389830515,-0.10235358511220582,-0.09729916897506918,0.11111111111111116,0.009883970777825546,0.20202874049027897,-0.1470588235294119,0.005831136672258319
1999-11-30,0.03021122552267741,0.027887763014086575,0.017330604648196912,0.017225728624461034,0.07214292355829843,0.035855089186980216,0.06396821339777392,0.06396821339777392,0.11764705882352944,0.0588235294117645,-0.39502953892867754,1.0847971321492587,0.3526595346749457,-3.7434425238728393,-0.6556081920332766,0.22997416020671824,0.012619181155356207,0.017114914425427896,0.07200000000000006,0.1609756097560977,0.1411584196394322,0.1499999999999999,0.040851063829787426,0.20534458509142062,-0.15517241379310343,0.01048284625158824
2000-02-29,0.21811553528216954,0.2249539927686004,0.26753061221824814,0.2685569320358834,0.06547335726675008,0.11502222119077743,0.083664555579821,0.083664555579821,0.05263157894736836,0.11111111111111116,1.6084833606110203,-0.4415838179203402,0.04584923400254404,-1.9030907849227856,1.7191864122457536,0.23529411764705865,0.016062032677928606,0.016826923076923128,0.05970149253731338,0.15231092436974802,0.14621848739495813,0.13043478260869557,-0.12551103843008993,0.23103850641773627,-0.18367346938775508,-0.0343445457403333
2000-05-31,-0.005680260608477927,-0.00688996816263876,-0.02533170695021225,-0.02542289718660773,0.06653441431959761,0.026032479459681568,0.03905604481973368,0.03905604481973368,-0.29999999999999993,-0.29999999999999993,-0.4128959394313322,0.5058645690451531,0.06039132734003183,-1.4318436844416256,-0.27303012076065336,0.129591836734694,0.010357045516489416,0.007092198581560405,0.06338028169014098,0.06608933454876942,0.04340175953079162,0.1153846153846152,0.0724637681159419,0.23696682464454977,-0.17500000000000004,0.019044518596891047
2000-08-31,0.02253034622819805,0.02275356337894041,-0.0007155899785692421,-0.0009374942035936806,0.10059599028809152,-0.9116925136672989,0.1371438546131616,0.1371438546131616,0.1428571428571428,0.1428571428571428,0.31076002351139054,0.002751236197345408,-0.06338519848394175,-1.0489747500423656,0.018393584521384954,0.23276121650105375,0.004855678446183065,0.0199530516431925,0.10596026490066213,0.15904232578024802,0.13546936481169203,0.10344827586206917,0.07672188317349615,0.3601532567049808,-0.2727272727272728,0.02372015014775175
2000-11-30,0.03700940936762964,0.03672384423994712,0.025267202985417292,0.025585409532054237,0.07281277061687352,-0.003445701487394426,0.059628176701347346,0.059628176701347346,0.0625,0.0,-0.22068215790188883,-0.17426124355789552,0.5041797561365209,-18.810841983852363,-0.3216882278190947,0.2427943331704936,0.0026845637583892135,0.017261219792865434,0.06586826347305386,0.1239395057174475,0.13799504950495067,0.140625,0.03441295546558698,0.47408450704225347,-0.29166666666666663,0.010844125448588038
2001-02-28,0.025847319466831387,0.023820900741656326,0.007827435331064336,0.00786020960903766,0.07835698062270113,0.4928254480493286,0.0680230499307859,0.0680230499307859,0.0588235294117645,0.125,1.184812554489974,-0.5483364015984913,0.09543362831858415,-5.807343608340888,2.2798746967230734,-0.06269654088050325,-0.004016064257028162,0.05429864253393668,0.0786516853932584,-0.12077453232687885,-0.1258292550299076,0.12328767123287676,0.05127201565557726,0.768775081215364,-0.4117647058823529,0.015821563633557023
2001-05-31,0.0883764218228158,0.08832506349566538,0.10012284131972526,0.10019265054095072,0.05638626634568866,30.236672457054624,0.02123523028695451,0.02123523028695451,-0.05555555555555547,0.0,-0.6113376802687971,2.9355800775424994,-0.013281199508821784,-1.821876473361622,-0.5712948050488782,-0.22981757181799123,-0.007258064516128981,0.02253218884120156,0.05729166666666652,-0.28592758491974624,-0.28601642199552124,0.10975609756097571,-0.02941176470588247,-0.6834485738980121,2.3,-0.010788633946208992
2001-08-31,-0.03953878582661785,-0.04097556921161061,-0.08041439427846697,-0.0807004434095423,0.07639059328989428,-0.7098145543793393,0.03589085166983952,0.03589085166983952,0.11764705882352944,0.05555555555555558,0.3978521119530176,-0.6560700212185511,-0.10587850008187327,-1.221939946240084,0.2957583435261226,0.08086033215355304,-0.02382886542106699,0.018887722980063026,0.07389162561576379,0.02247778358599062,0.01725039205436496,0.09890109890109877,0.12044495588799409,-0.16382252559726962,0.21212121212121215,0.043241167434715955
2001-11-30,-0.007058467923168776,-0.011004897831408678,-0.02557380035061707,-0.025740892302899332,0.03780399002616042,-0.007776367678247409,-0.02129842007037741,-0.02129842007037741,-0.052631578947368474,-0.052631578947368474,-0.0042747598201956505,-1.262458227755132,0.3905574683173394,1.7298574699062108,0.6230931310577328,-0.17229219143576835,-0.03467406380027738,0.009268795056642576,0.0366972477064218,-0.22955010224948869,-0.20726276121959575,0.1100000000000001,0.045190003423485114,-0.14489795918367354,0.17499999999999982,0.015092394905396489
2002-02-28,0.18123994604225735,0.18948418094461061,0.24131709353426434,0.24227879560565002,0.04456325037917619,0.042113756931687396,-0.0251099013071705,-0.0251099013071705,0.0,0.0,1.0874112978180368,-6.7538827480061565,-0.02375872514157773,0.712565940754768,0.657441063454149,0.08520998174071814,-0.0482758620689655,-0.048979591836734726,0.04424778761061954,0.04711347047113468,0.05553154710458075,0.09909909909909898,-0.11562397641663935,-0.1408114558472554,0.1063829787234043,-0.04250072526834925
2002-05-31,-0.0983073463337033,-0.10622567549715978,-0.15126841639209998,-0.15171915338183595,0.044875143899454795,0.006210873146622831,0.025293775103399918,0.025293775103399918,0.0,0.0,-0.8128997604087893,1.1897964642657395,-0.07940533685886197,-2.5432904193981516,-0.6121620351514772,0.06309590577678081,-0.04468599033816423,-0.0010729613733906351,0.04237288135593231,0.017743979721166037,0.06305015353121801,0.0901639344262295,0.15888888888888886,0.5972222222222221,-0.3846153846153846,0.05362823814573536
2002-08-31,0.03930208342151831,0.035861199598944626,0.03346616765906352,0.03316981367061289,0.05211795480643011,0.034247752836583434,0.10591696156814767,0.10591696156814767,0.11111111111111116,0.11111111111111116,3.3727571487931103,-1.0397108305293667,0.16093200468933166,-1.8160351286617944,1.2880268833707613,-0.27697177525718797,-0.023072060682680195,-0.002148227712137518,0.04878048780487809,-0.3063511830635117,-0.27691122665126133,0.08270676691729317,0.012144455097475193,0.0020869565217391806,0.0,0.002588066139467937
2002-11-30,0.08076570058619081,-0.023256324455292132,0.10469814020028623,0.10268583636048789,0.029140954412804065,0.06384485999802125,-0.016973926784303428,-0.016973926784303428,0.0,0.0,-0.49046302695231514,-18.50559284116331,-0.003054707025826109,-1.5406835998745687,-0.3043736142689695,-0.060926669098869124,-0.02038175347783877,-0.022604951560817987,0.03100775193798455,-0.10412926391382404,-0.07376830892143793,0.07638888888888906,-0.047679191664035336,-0.014925373134328401,0.0,-0.11422630144844403
2003-02-28,0.10797529588323007,0.1252696909510258,0.1361122046904193,0.13600880448414432,0.04282504352971506,0.0706157205727529,-0.04192844034239329,-0.04192844034239329,-0.050000000000000044,-0.050000000000000044,1.2964871829648716,-0.6066453674121406,0.006457330969865893,-2.6491207720502947,0.7215782207966219,0.04118104118104138,-0.02509907529722588,-0.015418502202643292,0.041353383458646586,0.01002004008016022,0.013801035077630752,0.07096774193548372,-0.058687002652519915,-0.027484143763213398,0.0,-0.009390431474135874
2003-05-31,0.004247145849421097,-0.05361101098945675,-0.007010623273323913,-0.011910421714466879,0.032646066225698656,0.00701555653621222,-0.0025307252415374126,-0.0025307252415374126,0.0,0.0,-0.5311540278762108,3.662443144899285,-0.033035601962510985,-2.2622842432512273,-0.5290708301150333,0.04216417910447756,-0.028455284552845628,-0.044742729306487594,0.032490974729241895,0.0,0.02864435621100414,0.06626506024096401,0.02817893624515677,-0.03260869565217395,0.0,-0.04224891721827251
2003-08-31,-0.02125483942025308,-0.025060986427016485,-0.04220651011015486,-0.043066637037323274,0.02956827313896504,0.06709614641417772,0.12619848612279227,0.12619848612279227,0.10526315789473673,0.10526315789473673,0.7702651634439757,-0.7921921817294962,-0.04714820982514567,-1.5789239067445282,0.6503987680134216,0.17257429287504467,-0.018131101813110173,-0.024590163934426257,0.027972027972027913,0.13591269841269837,0.1577060931899641,0.062146892655367214,0.05207262761219589,-0.03483146067415743,0.0,0.018856655290102387
2003-11-30,0.013335415088740366,0.014141047222168579,0.0011182093947965654,0.0005722734522062289,0.04090506271484551,0.009202820991227156,0.004244302552804946,0.004244302552804946,0.0,0.0,-0.3719424332449789,0.22487216028166657,0.06411796832332062,-0.9534342034342034,0.018350920580493035,0.12824427480916034,-0.015625,-0.0036014405762304635,0.04081632653061229,0.09781659388646302,0.11383662776851633,0.06382978723404253,0.027027027027027195,-0.016298020954598313,0.03125,0.013566702956201215
2004-02-29,0.1678876265261542,0.20620080168060118,0.22891582611971395,0.23216977072911216,0.03543391650788141,0.09774783001547593,-0.002057409151752565,-0.002057409151752565,0.0,0.0,1.0094887409715336,-0.1605584642233857,0.10285362348593718,29.74948325754444,0.5541128443510779,-0.02922868741542639,-0.004689754689754744,-0.010843373493975905,0.035947712418300526,-0.06762132060461412,-0.04126576865512077,0.06000000000000005,-0.11350665821179451,-0.015384615384615441,0.0,-0.021069156407502176
2004-05-31,-0.07598930728957853,-0.09298084957312314,-0.10693770193697127,-0.10836444232465081,0.0037314556441090385,-0.03565903691120409,-0.23737549367843214,-0.23737549367843214,-0.19047619047619035,-0.19047619047619035,-0.5407710198040736,-0.4409114997350292,-0.05589166046165306,-0.8538510143446756,0.05210884810254002,-0.010315026484527423,-0.05726712577020654,-0.047503045066991434,0.0,-0.04436860068259396,-0.034567350579839506,0.05660377358490565,0.08655221745350494,-0.06209935897435892,0.0,0.01721809588116141
2004-08-31,-0.002898078908856072,-0.0024706998771814037,-0.024305967137293938,-0.02614420866577538,0.046166872087955335,0.04414795892115042,0.4285644491490921,0.4285644491490921,0.3529411764705881,0.3529411764705881,0.9243861264579496,5.501275975209625,0.04961305269384342,-1.5849507864961825,-0.02897144315054767,-0.046197183098591554,-0.006920415224913601,0.002557544757033181,0.04731861198738163,-0.046428571428571375,-0.022407022407022414,0.05357142857142838,0.04904542462146133,-0.0034173430158052076,0.030303030303030276,0.024311317623630924
2004-11-30,0.024460013379862477,0.029855986935350964,0.02309733645923817,0.021379682134165412,0.027372762814528384,0.006696137401261071,-0.009758210690712588,-0.009758210690712588,0.0,0.0,-0.40109894491718034,-0.897717714349801,0.10841336558104575,-3.952350998584683,0.08808584311204748,-0.05936207914943881,-0.007742934572202875,-0.0025510204081631294,0.027108433734939874,-0.10205992509363293,-0.08223062381852542,0.05508474576271194,0.002823972387825613,-0.006429489927132437,0.0,0.008262454434993849
2005-02-28,0.14722520920810567,0.1765770802194988,0.20121645160091828,0.20288001867465355,0.032298107750817096,0.07652504427199558,0.06811719334599675,0.06811719334599675,0.08695652173913038,0.04347826086956519,1.2234280540094278,6.936951754385965,0.0038344208117955247,1.5143815915627998,0.20355142363102452,0.00879120879120876,0.010924697619976609,0.015345268542199308,0.032258064516129004,-0.017726798748696537,-0.015190525231719931,0.052208835341365445,-0.10012515644555686,0.015530629853321765,0.0,-0.02185265525829505
2005-05-31,-0.05401600504626647,-0.06961794027055468,-0.09228437121525002,-0.09668366038800713,0.04077239518668829,0.013804595825721355,0.09375740984242631,0.09375740984242631,0.040000000000000036,0.12500000000000022,-0.3987662823776015,-0.28458934862195207,-0.012894375857338769,-0.9611905518483211,0.0065636733640974665,-0.01089324618736387,0.08220764183712848,0.09445843828715383,0.03977272727272729,-0.04140127388535042,-0.044967320261437904,0.04961832061068705,0.10013908205841449,0.08411214953271018,0.0,0.02997946611909641
2005-08-31,-0.06468748487137588,-0.07802535598402849,-0.11877033821611982,-0.1218026639255102,0.052146426831688464,0.06514925254998394,0.13349296912722575,0.13349296912722575,0.15384615384615374,0.11111111111111094,0.6104232451116136,0.185517041614367,-0.06138025398725788,29.773471615720524,0.20066988438977162,0.006293266205160464,0.0342368045649073,0.06444188722669719,0.051912568306010876,-0.032115171650055285,-0.09745414727621138,0.04727272727272713,0.1251580278128952,0.03213166144200641,0.02941176470588225,0.04984051036682624
2005-11-30,0.0059050129375106675,0.006189527373781756,-0.014784058130890787,-0.015896252451130244,0.04333875425002387,-0.009660280148124256,-0.021003581736620647,-0.021003581736620647,0.0,0.0,-0.5477695581176704,-0.24390800104248112,0.09787486048789384,-1.381449882044096,-0.06375233086585186,0.18417761100687913,0.02172413793103467,0.05945945945945952,0.04155844155844157,0.12585812356979398,0.10433727631179845,0.05555555555555558,0.03707865168539315,0.029233105542900484,0.028571428571428692,0.022483858716293215
2006-02-28,0.3882417789393664,0.46691665587951436,0.5925926638475361,0.6050568077676746,0.03909755850630914,0.07696309543163715,0.017067452846943443,0.017067452846943443,0.0,0.0,2.0513451780121184,2.078137791374036,0.183298755186722,-2.0777493606138107,-0.570262431289105,0.03934512806971213,0.007424907188660068,-0.011224489795918391,0.03740648379052369,-0.00203252032520318,-0.026091733040373377,0.05263157894736836,-0.2516251354279523,0.014385835485061005,-0.02777777777777779,-0.08610058688061817
2006-05-31,-0.029773611593128524,-0.11471652230657692,-0.05908328209316005,-0.05939568476488766,0.046978027192377425,0.02297798813709684,0.07164684722440495,0.07164684722440495,0.10000000000000009,0.06666666666666665,-0.5008583864128413,-0.5845563790846928,-0.11824318400981848,-0.9264356905552918,0.012562814070351758,-0.0030487804878047697,0.0023450586264657236,-0.01547987616099078,0.04567307692307687,-0.03971486761710796,-0.05414551607445017,0.04999999999999982,0.07926167209554835,0.009454545454545382,-0.02857142857142847,-0.05877093155584456
2006-08-31,0.05684282455703449,0.060065238605576,0.05769915667362269,0.059002358291484036,0.054827557659548276,0.04289411551035238,0.10054586931725606,0.10054586931725606,0.09090909090909083,0.09375,0.7952943289479593,-2.081908387944541,0.14628860034598645,120.10733137829912,1.5025723496066887,-0.07135575942915406,-0.0030080213903743713,-0.042976939203354214,0.05517241379310356,-0.11134676564156931,-0.10942158616577213,0.04761904761904767,-0.00201207243460777,0.009726224783861648,-0.02941176470588236,0.0009499956818379562
2006-11-30,0.0011081480167918212,-0.02658148614093625,-0.018337207094834218,-0.01953137204493649,0.04699485670616088,-0.00961961277738832,-0.017878161991693897,-0.017878161991693897,-0.02777777777777779,0.0,-0.6052922492059125,-4.604428457981035,0.07670691090757709,-2.0394889775677036,-0.624120775433179,0.0321075740944019,-0.005363727790814621,-0.0383351588170866,0.045751633986928164,-0.022673031026253176,-0.008704385671242099,0.05965909090909083,0.04603494623655924,0.009275775954334708,-0.06060606060606066,-0.00716134598792062
2007-02-28,-0.016934245054578745,-0.03104567645518974,-0.04324181824656648,-0.04365099776612591,0.04127200213174942,0.06667033003264056,-0.04572384785853201,-0.04572384785853201,-0.05714285714285705,-0.05714285714285705,2.211626197597202,0.0614955935717989,-0.09689060737876587,-0.7747505148107081,-0.37401078371457963,0.07896835947886194,-0.022581732389619247,0.021640091116173155,0.03750000000000009,0.03174603174603163,0.03816278284363395,0.05630026809651478,0.05910697076774807,-0.0067161541180628115,0.032258064516129004,0.013209350829929578
2007-05-31,0.08224537381142216,0.09399454186330525,0.10998123955419525,0.11176381692799975,0.0258597315027147,0.004246971379822773,-0.04344391785150081,-0.04344391785150081,-0.06060606060606066,-0.030303030303030276,-0.6094237697446562,-0.8863480048023116,0.2955437419723135,-0.9675684619839497,-0.019376923171982585,-0.049038935436175324,-0.04275862068965508,-0.032329988851728,0.02610441767068261,-0.0828402366863904,-0.06994144437215355,0.05329949238578702,-0.05216863815589923,-0.02775800711743781,0.0,-0.016039111416073393
2007-08-31,-0.11023451621615177,-0.12372321174561884,-0.08859617848989965,-0.09250330975794518,-0.15783138207850644,0.04059111764078227,0.2475227085053675,0.2475227085053675,0.2903225806451615,0.25,1.5581980380072942,-9.620998352789515,5.371287333213996,-20.93686224489796,0.39394855897067527,0.11194610002591321,0.04502881844380413,0.04493087557603692,-0.14090019569471635,0.08387096774193559,0.11192724728926207,0.07228915662650603,-0.05343999999999993,0.0054904831625182116,0.03125,-0.034344490934449134
2007-11-30,-0.09564376134526176,-0.007102813918106743,-0.03369372338753873,-0.034781003201152516,-0.24311517028541674,0.0013073570879260643,-0.026232003971537354,-0.026232003971537354,0.0,0.0,-0.5852069206557325,0.6773997923156803,0.22444467497438958,-2.8453664310162825,-0.5215253042110402,-0.03635516196690736,0.11616683902102709,0.06504961411245858,-0.22095671981776766,0.12142857142857144,-0.07077697389116078,0.0674157303370786,-0.16294793779580807,0.0,0.06060606060606055,0.02861527351507509
2008-02-29,0.16824517965802266,0.1935571273339065,0.24804174784185062,0.25220247107825444,-0.07426806738288239,0.04800972049634389,-0.031526999836859027,-0.031526999836859027,-0.025000000000000022,-0.025000000000000022,1.2101189172720437,-0.7139814874428602,-0.5750247549655548,-2.8524476494244904,2.0191210369194725,-0.1288996372430471,0.15812229771463882,0.024844720496894457,-0.0643274853801169,0.11783439490445846,-0.15910629654705477,0.06315789473684208,-0.20759289176090456,0.005096468875136484,0.028571428571428692,-0.046774901272487845
2008-05-31,-0.09574634942179128,-0.11535883353399601,-0.12857455809546736,-0.13136783674171926,0.03875985142245031,-0.024322963252482288,-0.04906158316605136,-0.04906158316605136,-0.05128205128205132,-0.05128205128205132,-0.4214732198629222,0.49845027012051535,0.25814155359241764,-0.9583863602335679,0.0278302772388761,-0.062187673514714104,0.17333333333333334,0.06969696969696959,0.03749999999999987,0.002849002849002913,-0.09943639291465378,0.05940594059405946,0.14882772680937806,0.009779065555957978,0.05555555555555558,0.01841281531946226
2008-08-31,-0.015100594354843677,-0.020267085483790415,-0.03249675613501968,-0.03308917506672826,0.04469423603717737,0.028613634087530038,0.09761300227333125,0.09761300227333125,0.10810810810810811,0.10810810810810811,0.5976216361118143,-1.2881549830422299,-0.11749151602382113,-24.084101641556106,-0.6250418602385577,-0.026050917702782783,0.07704545454545442,0.011331444759206777,0.04216867469879526,-0.06155303030303039,-0.05721949038891372,0.05794392523364489,0.06033717834960073,-0.01685796269727402,0.026315789473684292,0.013198336647983977
2008-11-30,-0.022516019358996164,-0.03543584586552084,-0.03828334570930658,-0.03898217119119851,0.027675632436756414,-0.018583184324592494,-0.056936701880854534,-0.056936701880854534,-0.04878048780487798,-0.04878048780487798,-0.46943151045672127,-8.720991317947586,-0.1402034167124897,-3.620924455701135,4.36898769120847,-0.11094224924012153,-0.020257438278117768,-0.015873015873015928,0.028901734104046284,-0.1473259334006055,-0.11664295874822195,0.05477031802120136,0.05146443514644372,-0.019700839109814017,0.0,0.0037473233404710093
2009-02-28,0.12981732676559998,0.15461570285336257,0.1612646738279815,0.16370456893601193,0.036136972717075944,0.00843444749694755,-0.06739778383080675,-0.06739778383080675,-0.07692307692307698,-0.07692307692307698,1.063864926120491,-2.5848302512017325,-3.0583027339331395,-0.6365967790493252,0.29571760834520444,-0.14905982905982906,-0.055136765022614664,-0.016129032258064502,0.03651685393258419,-0.17278106508875735,-0.14331723027375187,0.051926298157453976,-0.08276959808993245,-0.01898027540007441,0.0,-0.007822222222222175
2009-05-31,-0.11220787648723873,-0.12991497648108807,-0.14814013125520464,-0.15204023596044303,0.00775946193852084,-0.06176536803252486,-0.1298723143971252,-0.1298723143971252,-0.11111111111111105,-0.11111111111111105,-0.4660378482833769,-2.113500767694246,-2.607721330360068,-0.5462801971894369,0.10355106242428347,-0.025713137806347985,-0.06587645315705493,-0.030858244937319146,0.008130081300813163,-0.06008583690987124,-0.006892230576441172,0.0493630573248407,0.1349240780911063,-0.028072837632777015,0.0,0.026070596667263857
2009-08-31,-0.08184865083087678,-0.1499960139873665,-0.11702677567006525,-0.11946293423391763,0.01743151956275102,0.008632214432191532,0.08625355875013185,0.08625355875013185,0.0625,0.0625,0.487612397168548,-0.6357450315289132,-0.22223025659296813,-4.549118615030882,-0.3330294499004799,0.08412371134020624,-0.06759394826744758,-0.023880597014925398,0.016129032258064502,0.07610350076103511,0.12050473186119892,0.047040971168437196,0.10818042813455664,-0.031225604996096723,0.025641025641025772,-0.034663406967606836
2009-11-30,-0.010750586852340871,-0.011560631088421869,-0.02331491907728689,-0.022372006354048568,0.02002253707700863,-0.007272887204276546,0.01803915224073771,0.01803915224073771,0.02941176470588225,0.02941176470588225,-0.5040510561682152,-1.1689694736671998,-0.7620844236191404,-0.4282547667136669,-0.2854818709704018,0.12248003042982125,-0.04736979848207279,-0.006116207951070374,0.0185185185185186,0.1046676096181045,0.17849099099099086,0.04492753623188395,0.031045187995860646,-0.015310233682514052,0.0,0.011034732272069414
2010-02-28,0.24283163973020305,0.32404779510224846,0.3448664631714744,0.35324434553424533,0.0035411833154956884,0.022641045882201283,-0.10999602701628919,-0.10999602701628919,-0.11428571428571421,-0.11428571428571421,1.4185601763313995,26.652926549349655,-8.010174212066957,-1.5993956831335607,0.2394853176153109,0.03998644527278894,-0.04972527472527477,-0.03897435897435897,0.0051948051948051965,0.020486555697823317,0.07023411371237454,0.04299583911234395,-0.19237203077952492,-0.02782324058919805,-0.025000000000000022,-0.021560207550545774
2010-05-31,-0.09705062049598556,-0.11818304597171103,-0.12903723168153491,-0.13223308566900793,0.00347786875858902,-0.0228585381799421,0.031381967198478744,0.031381967198478744,0.032258064516129004,0.032258064516129004,-0.5179387522616096,-1.475146901663214,-1.6612011335119816,-0.9063142873028522,0.018101346052617373,-0.007494297816878492,-0.007227522405319431,-0.0010672358591249376,0.0025839793281652312,-0.012547051442910906,0.03035714285714275,0.04122340425531923,0.11143330571665278,0.0033670033670032407,0.0,0.01618359696443261
2010-08-31,-0.03583778884445765,-0.038281442912041164,-0.05813321060999077,-0.059317862485429584,0.024979689424734497,0.04451533722549472,0.14177386125586477,0.14177386125586477,0.125,0.125,0.800624611934351,-0.6860976754850474,-0.420281857673218,-3.255192878338279,-0.04015250636615597,-0.1172028890347997,0.004368083867210215,0.0010683760683760646,0.023195876288659933,-0.11944091486658204,-0.11741767764298083,0.03959131545338446,0.06298919120387625,0.008389261744966348,0.0,0.02240417491452229
2010-11-30,-0.003234768803333954,0.0035000875021875544,-0.007995558023320415,-0.009800579512527663,0.00869867780097433,-0.012155122515917438,0.015163002274450443,0.015163002274450443,0.0277777777777779,0.0277777777777779,-0.3571796191456511,-1.2544927536231885,-0.6808566895822317,2.482456140350877,-0.14547453279589595,0.004834510970620931,0.006378660481298981,-0.0010672358591249376,0.010075566750629594,-0.017316017316017285,-0.010309278350515538,0.038083538083537816,0.011921458625526071,0.008735440931780358,0.0,0.013376749097949281
2011-02-28,0.18717024707826457,0.21198834051670445,0.2578640994066943,0.2595748343230915,0.012901000344946567,0.03769531249999991,-0.02464525765496639,-0.02464525765496639,-0.027027027027027084,-0.027027027027027084,0.8710968775020016,21.73120728929385,-7.3545981772990885,-1.070528967254408,0.012006861063464935,0.1558105107327905,0.0247767214059349,0.029914529914529808,0.012468827930174564,0.14390602055800295,0.13888888888888884,0.03668639053254452,-0.14691614691614696,0.02597938144329892,0.0,-0.03777681285280077
2011-05-31,-0.09542496813577517,-0.12475333004440059,-0.13282605793619007,-0.13715977679079827,0.019070971257321823,-0.01618671183888576,-0.08958652373660025,-0.08958652373660025,-0.08333333333333326,-0.08333333333333326,-0.30509199828840394,-1.460767611985169,-1.963754889178618,-42.785714285714285,-0.4957627118644068,0.03522254242715328,-0.009558616811920162,-0.0020746887966806016,0.017241379310344973,0.021822849807445532,-0.0013066202090592505,0.035388127853881235,0.12672623883021927,-0.006430868167202508,0.0,0.014440433212996595
2011-08-31,-0.074585635359116,-0.09969703374903116,-0.11427545155993435,-0.11910355568460784,0.028806309316936174,0.07729098909508325,0.25231286795626584,0.25231286795626584,0.2424242424242422,0.2424242424242422,0.15270935960591125,-0.13440626359286645,-0.2003517316017316,-0.9495726495726495,-0.049579831932773155,-0.1122796164553046,0.015327845586148303,0.03534303534303529,0.029055690072639306,-0.12688442211055273,-0.11862189271696466,0.034178610804851184,0.11175198269646724,0.01132686084142387,0.025641025641025772,0.021975088967971512
2011-11-30,-0.011920264449564288,-0.024364793655762496,-0.02285499102021904,-0.026639896916484385,0.012603131293445147,-0.03090037293553538,-0.05708529214237745,-0.05708529214237745,-0.04878048780487798,-0.04878048780487798,-0.41239316239316237,-0.907537688442211,-0.7228895279986466,1.8813559322033897,-0.15030946065428819,-0.036236933797909376,-0.006150405367626566,0.017068273092369468,0.0117647058823529,-0.06330935251798564,-0.06877783275606142,0.03411513859275028,0.024643320363164634,-0.0036000000000000476,0.02499999999999991,0.0023504831548706306
2012-02-29,0.23578669910786698,0.30272727272727273,0.33385705392345777,0.3460993781171111,0.023545262077372175,0.04361370716510904,-0.035612535612535634,-0.035612535612535634,-0.05128205128205132,-0.05128205128205132,1.4127272727272726,-34.31521739130435,-7.172161172161172,-3.9647058823529413,0.5244536940686784,0.11135213304410696,-0.01181434599156117,0.001974333662388972,0.023255813953488413,0.09831029185867912,0.0961742826780021,0.03298969072164959,-0.17151898734177218,-0.00843034925732633,0.0,-0.0322216432169532
2012-05-31,0.06311834484569068,0.04180862854562628,0.08347594177130802,0.08537645229164759,0.005703898708787847,-0.03160667251975413,-0.08936484490398822,-0.08936484490398822,-0.08108108108108103,-0.08108108108108103,-0.45742275810097965,-0.6304241435562805,-0.7315529179030662,-1.748015873015873,-0.25733788395904433,-0.0019518542615484247,-0.009109023626529988,-0.040394088669950756,0.004545454545454408,-0.025174825174825277,-0.008725157537566641,0.031936127744510934,-0.05423987776928951,-0.004858299595141724,-0.024390243902438935,-0.04011487032217531
2012-08-31,-0.11863386628804251,-0.15278078764357061,-0.16811962831531657,-0.17405229997682115,0.03172327827983801,0.0484134179510427,0.2416869424168695,0.2416869424168695,0.23529411764705865,0.23529411764705865,0.5118055555555556,-2.7035974398587506,-4.498157700810612,-2.06631299734748,0.36948529411764697,0.019556714471968828,-0.01062912956047124,-0.023613963039014307,0.02941176470588225,0.015781922525107683,0.013202933985330123,0.030947775628626717,0.1708400646203554,0.0008136696501219731,-0.025000000000000022,0.025710545998504086
2012-11-30,0.002328879861317912,-0.0073481536601246455,-0.007274072247565044,-0.007934280684746331,0.025854778301316994,-0.015219647180906293,-0.03396472893533642,-0.03396472893533642,-0.023809523809523836,-0.023809523809523836,-0.5025264124942581,-1.0444358077471174,-0.8942489993680219,-1.6567164179104479,-0.1771812080536913,0.05434782608695632,-0.008130081300812941,-0.019978969505783373,0.026373626373626502,0.024011299435028333,0.04729729729729737,0.030956848030018858,0.023456364263539253,0.0028455284552846294,-0.02564102564102566,0.0006380457569958864
2013-02-28,0.31153698333391566,0.48041604197901044,0.46587183308494784,0.480352826209947,-0.054351666470380366,0.04197400772743243,-0.02298850574712641,-0.02298850574712641,-0.024390243902438935,-0.024390243902438935,1.5891043397968607,54.778425655976676,-17.04183266932271,-0.15909090909090906,-0.1810766721044046,-0.020618556701030966,0.014637002341920446,-0.039699570815450724,-0.05567451820128477,-0.04551724137931035,-0.033640552995391704,0.060054595086442175,-0.2790697674418605,0.0056749087961085465,-0.052631578947368474,0.0
2013-05-31,-0.17899433899433903,-0.2352997025128173,-0.2561339297817541,-0.2585425171545209,0.10448969425244403,-0.01348390359008933,-0.1453287197231834,-0.1453287197231834,-0.15000000000000002,-0.15000000000000002,-0.7542796005706134,-1.7094396822078193,-1.8812243884266733,-1.3108108108108107,0.06872509960159356,0.10495356037151704,-0.024812463935372175,0.013407821229050265,0.09977324263038545,0.16907514450867045,0.083929422985217,0.0,0.3454885460495558,-0.014107214832728587,0.0277777777777779,0.031335398068865095
2013-08-31,-0.02149682820383858,-0.02779042337458093,-0.024419134396355346,-0.02759945644534001,-0.014263967976546166,0.038612677259525,0.3182186234817814,0.3182186234817814,0.32352941176470584,0.2941176470588234,2.8708272859216257,-0.9773078906652913,-0.7934192911998873,-0.37681159420289856,0.040074557315936676,0.07312972821518637,0.0032544378698224907,0.00330760749724357,-0.012371134020618513,-0.023485784919653807,0.07303123625164987,0.030042918454935563,0.007296733842946379,0.004088307440719641,0.0,-0.00017664723547072825
2013-11-30,-0.001956492903568141,-0.007343081540131524,-0.005557112169608636,-0.007541441788743275,0.006863417982155173,0.004277019246586633,-0.02518427518427513,-0.02518427518427513,-0.04444444444444451,-0.022727272727272707,-0.49943757030371205,4.308441558441558,-0.3328785811732605,22.58139534883721,0.9086021505376345,0.0550913838120104,0.009436744323208401,0.007692307692307665,0.008350730688935215,0.06835443037974676,0.042230422304223136,0.029166666666666563,0.008968609865470878,0.00122149837133545,0.0,0.00017667844522972764
2014-02-28,0.17443599029803636,0.2263175950941292,0.24000939187602732,0.24757835449491394,0.015791865485117018,0.042588042588042496,0.008821676118462518,0.008821676118462518,0.023255813953488413,0.023255813953488413,1.2891385767790262,-7.657492354740061,-5.300613496932515,-0.42504930966469423,0.27370892018779336,0.0618658747834695,0.0,0.043620501635768694,0.01863354037267073,0.05213270142180115,0.048387096774193505,0.028340080971659853,-0.13538461538461533,0.008540056933712847,0.05405405405405417,-0.01704645822292894
2014-05-31,-0.09891928593657173,-0.1237738884129177,-0.13029235779747028,-0.1362159216953044,-0.006263281512135066,0.003927729772191579,-0.08869456589631486,-0.08869456589631486,-0.09090909090909083,-0.09090909090909083,-0.4270287958115183,-1.5310978410656868,-2.0366143604374702,-3.0377358490566038,-0.437891632878732,-0.028664646935446236,0.0365176745544844,0.02925809822361547,-0.0060975609756097615,-0.0461711711711712,-0.052157598499061764,0.02755905511811041,0.10320284697508875,0.014516129032257963,0.0,0.014466708599155442
2014-08-31,-0.013108114472300314,-0.027816578201700137,-0.02005181685571833,-0.02137917051521776,0.0048396173325830905,0.04350547730829413,0.17409184372858122,0.17409184372858122,0.17499999999999982,0.17499999999999982,0.5025699600228442,-0.379173153433662,-0.6423165137614679,-3.6102693602693603,2.03344262295082,-0.007197696737044068,0.00817361894024815,0.003045685279187804,0.006134969325153339,-0.0011806375442738881,-0.04196357878068102,0.029118773946360088,0.017921146953405076,-0.009936406995230573,0.025641025641025772,-0.006643046944198483
2014-11-30,-0.0019247287882162567,-0.0024835796387520093,-0.013508109309042449,-0.014894106813996277,0.027273745519713177,0.014247150569886013,0.009924109748978394,0.009924109748978394,0.02127659574468077,0.0,-0.4618015963511972,-1.8475898578991363,-0.4882975312600193,-2.039019671073847,-0.6964980544747081,0.0850652489125181,0.012021246854906353,0.012145748987854255,0.026422764227642226,0.0791962174940899,0.06611570247933884,0.028294862248696928,0.029225352112676184,-0.0032115616218385545,0.0,0.012661613909942027
2015-02-28,0.17048370388078737,0.2258276919278175,0.23242196297464068,0.2497371065361158,0.020552799433026125,0.04140174478781611,-0.020809248554913284,-0.020809248554913284,-0.02083333333333337,-0.02127659574468077,1.0346045197740112,2.5565417488494413,-6.756265664160401,-1.3876474239602732,0.8896011396011396,0.05478841870824058,0.0027624309392264568,0.0040000000000000036,0.01980198019801982,0.027382256297918905,0.03139534883720918,0.027516292541636345,-0.12795073554567227,-0.011276681433749491,0.02499999999999991,-0.01919521000264157
2015-05-31,-0.11733068271561231,-0.14338469802262732,-0.14166148898066588,-0.14491398653702314,-0.046207264957264904,-0.017180178901036514,-0.04840613931523019,-0.04840613931523019,-0.06382978723404253,-0.0434782608695653,-0.29746615758417216,-1.6860153433773917,-2.1319255469685423,-1.7630104083266613,-0.3592159819072748,0.05278716216216206,0.02203856749311295,0.018924302788844605,-0.04077669902912617,0.03198294243070343,0.04096204434423156,0.026779422128259345,0.08042369556688889,0.0032586558044807035,0.024390243902439046,0.0017954933117874106
2015-08-31,-0.07705360586193599,-0.10091707164132313,-0.10747285501383863,-0.11515416575552151,0.002968356202744271,0.04449581045940487,0.29714640198511155,0.29714640198511155,0.3181818181818181,0.3181818181818181,0.375,0.023848019401778497,-0.2765650543321473,-4.0,1.6817647058823528,-0.08363417569193743,0.055256064690027085,0.06842619745845546,0.006072874493926905,-0.044421487603305776,-0.10361010830324913,0.028826355525051417,0.08678286129266533,0.03491676816889977,0.023809523809523725,0.01613047764136577
2015-11-30,0.005649339796088837,0.003116690641210118,-0.0080387386097992,-0.009020363780150253,0.037692651329015,-0.0008298755186721962,-0.09516977522716408,-0.09516977522716408,-0.10344827586206884,-0.10344827586206884,-0.49119655048508803,-1.0147387814186077,-0.768709291506048,-1.1525008744316194,-0.09563500767712219,0.06938060844823823,0.019157088122605304,0.032936870997255285,0.03621730382293764,0.06270270270270273,0.009262988320579923,0.028018679119413026,0.03207484129635807,0.006276971361318218,0.023255813953488413,0.012258576594055937
2016-02-29,0.17462770908123915,0.1957848995111353,0.24886377299507023,0.2566896930098008,0.008502394661787704,0.04180509413067557,-0.046511627906976716,-0.046511627906976716,-0.03846153846153855,-0.03846153846153855,1.6221751412429377,116.16964285714286,-5.493103448275862,2.6513761467889907,-0.3861266068396798,0.028857961522718023,0.014786967418546348,0.025686448184233823,0.009708737864077666,-0.007121057985757906,0.0031923383878691425,0.027255029201816994,-0.14146973130462936,-0.0019493177387914784,0.022727272727272707,-0.048440494859731564
2016-05-31,-0.08867350548284403,-0.11628752089541394,-0.12791235029075365,-0.1336124781711383,0.02006296355584003,0.0017273452032953163,-0.012749445676274895,-0.012749445676274895,0.0,-0.020000000000000018,-0.3886345273363857,-1.3813914501257334,-2.0860833972883093,-0.2361809045226131,-0.48044251284077444,0.05072607917246863,0.005680414917263565,0.025043177892918767,0.019230769230769162,0.040983606557376984,0.029832935560859086,0.02653190145293749,0.11915535444947212,0.0015625000000001332,0.022222222222222143,0.019959714338033452
2016-08-31,-0.05339398832443176,-0.07044164816185539,-0.09279989401867916,-0.103689960832818,0.039964429565308324,0.0419153733916966,0.2206625491297025,0.2206625491297025,0.19999999999999996,0.22448979591836737,0.29823788546255514,-0.24015984015984015,-0.2032740548816394,-0.9876644736842105,-0.011406844106463865,0.0927678909503975,-0.015225933202357544,0.005897219882055715,0.037735849056603765,0.0718503937007875,0.06682116647354186,0.028307692307692367,0.09871967654986524,-0.010140405616224646,0.021739130434782483,0.037073608617594234
2016-11-30,-0.05261690367235805,-0.06752930767529308,-0.036093263239875384,-0.03299090258611881,-0.08676625924249282,-0.017950350095480627,-0.07037718491260347,-0.07037718491260347,-0.06666666666666654,-0.06666666666666654,-0.5972175093315235,-0.16486983960031554,-0.40679970436068,-24.333333333333332,0.26923076923076916,-0.009009009009008917,0.022443890274314038,0.02680067001675046,-0.08000000000000007,-0.044995408631772316,-0.018464880521361415,0.02752842609216044,-0.036185219257896306,0.0007880220646176994,0.02127659574468077,-0.03566173288323371
2017-02-28,0.2656117449490141,0.3643760229617856,0.3668981189243783,0.39364710234930356,0.0446684291694206,0.031630801140783094,0.0019792182088074206,0.0019792182088074206,0.0,0.0,1.9983150800336986,-6.1794710327455915,-4.274358335409918,-0.2885714285714286,0.15090909090909088,0.04248251748251741,0.025365853658536608,0.018760195758564358,0.04347826086956541,0.13269230769230766,0.022869789745481484,0.02679091438555603,-0.1743557111040408,0.013779527559055094,0.0,-0.0210035005834307
2017-05-31,-0.06519568280371535,-0.08341736499878294,-0.09886212501847202,-0.10402563664979048,0.03089576633099589,0.003518471977883797,-0.03555555555555556,-0.03555555555555556,-0.017857142857142905,-0.0535714285714286,-0.4630514189379039,-1.3176291793313069,-1.5471080669710808,-1.21285140562249,-0.027909426013691396,0.0028509139694783414,0.015699333967649887,0.006405124099279513,0.030303030303030276,-0.038200339558573826,-0.024161557879552875,0.026091888825864995,0.10250481695568414,0.007378640776699141,0.0,0.02292105986980819
2017-08-31,0.1149889518123417,0.13306145675265557,0.16343473269924558,0.15462106622082072,-0.00588145041681587,0.022789882294014463,0.16641065028161806,0.16641065028161806,0.14545454545454528,0.18867924528301883,0.7980115122972267,-2.3607655502392344,-1.5803310613437196,-10.39622641509434,0.2697724810400868,-0.03193979933110358,0.0187353629976581,-0.04375497215592683,-0.005514705882353033,-0.06090026478375987,-0.04915003695491493,0.027639579878385945,-0.10835372247465935,0.002698535080956077,-0.04166666666666663,-0.018643004391861506
2017-11-30,0.008543867707854869,0.0032644178454841466,0.007047588843666963,0.008431548655534638,0.012912851116370083,0.011875612144955916,-0.04741000877963131,-0.04741000877963131,-0.04761904761904767,-0.04761904761904767,-0.4883585564610011,-0.9436005625879044,-1.270613614573346,-0.5421686746987953,0.09726962457337884,0.07376058041112454,-0.00206896551724145,-0.04742096505823623,0.012939001848428777,0.07988721804511267,0.05946366109599688,0.026896180742334685,0.004312034496275929,0.00038446751249510136,-0.0434782608695653,-0.005114622339939756
2018-02-28,-0.10954376285037604,-0.15756716168863671,-0.16068023164266843,-0.15958703673410035,0.03890497231956935,0.048396854204476814,0.19999999999999996,0.19999999999999996,0.19999999999999996,0.19999999999999996,1.6706484641638224,-20.33915211970075,9.436669619131974,1.9254385964912282,0.2593312597200621,0.08510296010296026,0.04860631190969822,0.08558951965065487,0.038321167883211604,0.07136640557006091,0.06639765223771099,0.02619172341540077,0.16666666666666674,0.04611837048424294,0.045454545454545414,0.0023868539428992808
2018-05-31,0.0907377097094757,0.1457206805712361,0.1338044316594751,0.1434997945368428,-0.010266438523588328,0.005308713214079663,-0.12250384024577576,-0.12250384024577576,-0.09722222222222221,-0.125,-0.38764643237486685,-1.9070277240490006,-1.3820758720190105,-0.4857571214392804,0.10589688175362766,-0.05989621942179402,0.027899824253075467,0.014481094127111849,-0.008787346221441283,-0.09504467912266445,-0.12039903680770558,0.028586013272077437,-0.09267313482770156,0.014695077149154967,0.0,0.0019232530451507301
2018-08-31,-0.0554282728405483,-0.12243275015559085,-0.14270480953081333,-0.16829323649568773,0.179056557174611,-0.009528182757433168,0.06608315098468265,0.06608315098468265,0.04615384615384621,0.06349206349206349,-0.04800000000000004,-2.305800398066534,-3.4662372278987115,1.3877551020408165,0.22864321608040195,0.0987225989591547,-0.036546270570634753,0.03727200634417138,0.17907801418439728,0.108617594254937,0.055924912006257266,0.027791563275434417,0.24852507374631272,0.0032585083272991255,0.021739130434782483,0.05521023765996347
2018-11-30,-0.00675177304964536,0.04211811985343372,-0.018250053613553474,-0.02060308364033292,0.015710096355257663,-0.004520166898470124,-0.03201970443349755,-0.03201970443349755,-0.02941176470588236,-0.02985074626865669,-0.1834124954329558,-0.8690255851932499,-0.7538503107268306,-0.13919413919413914,0.1601908657123381,-0.0031577436486291965,-0.03260869565217395,0.04434250764525993,0.015037593984962294,-0.15465587044534412,-0.018148148148148135,0.02704007725736357,0.022445363260484408,0.010104655359076009,0.042553191489361764,0.06401593901593894
2019-02-28,0.4799211698846111,0.3784499054820416,0.6961925773826427,0.5207810903687193,0.0715611466281707,0.2462451973454418,0.3765903307888041,0.3765903307888041,0.36363636363636354,0.3846153846153846,1.3516778523489932,-14.11221945137157,-9.431759970728137,16.76737588652482,6.257148452800627,-0.0037437005039597793,0.0038981884888786844,-0.051244509516837566,0.07111111111111112,-0.018199233716475027,-0.022632968691060018,0.0263281617301363,-0.27585210860774123,0.007145409074669429,-0.061224489795918324,-0.09362533583000898
2019-05-31,-0.16279069767441856,-0.2213795940756994,-0.2200257566001288,-0.2602714628150907,0.00827559661277899,-0.0840807174887892,-0.2902033271719039,-0.2902033271719039,-0.28888888888888886,-0.28888888888888886,-0.5268264840182648,-0.30917966273614805,-1.837224440201354,-3.2116397892383843,-0.7476184050735393,0.17675964734788274,-0.057560529922338954,-0.03549382716049376,0.008298755186721962,0.09853658536585375,0.10266306445387885,0.02840128263857089,0.2042281611487835,-0.027314650585313904,0.0,0.052636306476241845
