Quarter end,Assets,Current Assets,Liabilities,Current Liabilities,Shareholders equity,Revenue,Earnings,Earnings available for common stockholders,EPS basic,EPS diluted,Cash from operating activities,Cash from investing activities,Cash from financing activities,Cash change during period,Cash at end of period,Price,ROE,ROA,Book value of equity per share,P/B ratio,P/E ratio,Equity to assets ratio,Net margin,Asset turnover,Current ratio
1999-03-31,-0.02357232438579382,-0.07027815843007768,0.44902355713444053,0.5146212018614673,-0.0820907525958704,1.2578956733565074,-0.16920965700559354,-0.44122985706593665,-0.6296296296296297,-0.6296296296296297,-0.029389493155040025,2.2630324959222503,-139.75417308402785,-5.878799341531021,3.667743361988661,0.46335842679367034,-1.0937728937728939,-0.6742549668874172,-0.082592121982211,-0.17788007554296503,-0.8955334987593052,-0.05990110137109461,2.1999999999999997,0.09345794392523343,-0.3861682117425769
1999-06-30,-0.02357232438579382,-0.07027815843007768,0.44902355713444053,0.5146212018614673,-0.0820907525958704,1.2578956733565074,-0.16920965700559354,-0.44122985706593665,-0.6296296296296297,-0.6296296296296297,-0.029389493155040025,2.2630324959222503,-139.75417308402785,-5.878799341531021,3.667743361988661,0.46335842679367034,-1.0937728937728939,-0.6742549668874172,-0.082592121982211,-0.17788007554296503,-0.8955334987593052,-0.05990110137109461,2.1999999999999997,0.09345794392523343,-0.3861682117425769
1999-09-30,0.3040634431448612,0.27637229676121056,0.3052496378974643,0.30557842692740844,0.303831578560011,0.36444066213599347,6.1697003335783895,6.1697003335783895,6.1,6.1,-0.008964846482861666,3.8742832059057397,-0.5437639384977477,-1.2435939103598883,-0.191407255809946,-0.24577427821522313,-1.0937728937728939,-0.6742549668874172,0.2673130193905817,-0.17788007554296503,-0.8955334987593052,-0.00023909145248057762,2.1999999999999997,0.09345794392523343,-0.02238030095759236
1999-12-31,0.6545976438472039,-0.09604463140830177,-0.10197806662078102,-0.10187571369417814,0.8026457653192196,0.11162037597499208,8.014833457166251,8.014833721313575,7.28169014084507,7.28169014084507,-0.22302638283903586,-1.3805104309902239,-0.9807699219397967,-1.6476452606459255,0.15330810336901024,-0.26248806872414887,-1.0937728937728939,-0.6742549668874172,0.5519125683060109,-0.4180904522613066,-0.8955334987593052,0.089561162262346,2.1999999999999997,0.09345794392523343,0.006492779581327657
2000-03-31,0.09240166015669193,0.030140880990275676,0.9734267515923567,0.9734267515923567,0.006517052623213004,0.8544517144707435,-0.9852765844561802,-0.985276584887597,-0.9863945578231292,-0.9863945578231292,-0.5717261109574678,-1.4122245038066885,7.05298447577562,-1.4133326644992827,-0.0549439822184844,0.18148727351164795,-1.0937728937728939,-0.6742549668874172,0.0021126760563381364,-0.2385886997285961,-0.8955334987593052,-0.07868744512730463,2.1999999999999997,0.09345794392523343,-0.477996515033552
2000-06-30,0.02096673620361411,-0.043407099729049436,0.30311011270769583,0.30311011270769583,-0.9202413265557914,0.12204348020063871,-0.6667649443502617,-0.13672882730154046,-0.12499999999999989,-0.12499999999999989,-2.7305727836556004,2.4851879512073687,-0.7952231793265466,3.157578242449091,-0.24171467164594174,-0.21823866359341837,-1.0937728937728939,-0.6742549668874172,-0.9184820801124385,-0.22002592352559946,-0.8955334987593052,-0.921858248957713,2.1999999999999997,0.09345794392523343,-0.265909090909091
2000-09-30,-0.42055401572119033,-0.13200864593367934,-0.05987021350374,-0.05987021350374,-6.225350369705782,-0.03056277425126741,41.451227604512276,16.000768442622952,15.999999999999996,15.999999999999996,-0.04964688521134186,-0.9709761904761904,-0.392925430210325,-1.2980506886690115,0.09500806840329434,-0.5506188696870622,-1.0937728937728939,-0.6742549668874172,-6.181034482758621,4.513502285002078,-0.8955334987593052,0.0,2.1999999999999997,0.17948717948717952,-0.07672213622291024
2000-12-31,-0.3168892017102457,-0.2754473825155017,-0.11051511191670527,-0.16434472874425665,0.47370321908359436,-0.33153743840344063,-0.45219933097820986,-0.4719832456946558,-0.4789915966386554,-0.4789915966386554,-4.630989352262644,-12.153404429860542,-0.6433070866141732,-3.061100694827396,-0.2629352829159529,-0.7661426529816812,-1.0937728937728939,-0.6742549668874172,0.23960066555740434,0.0,-0.8955334987593052,0.0,2.1999999999999997,0.22826086956521752,-0.13297705124174786
2001-03-31,0.23315801884374454,0.3602722083781045,0.039417096143593344,0.046508695158707036,-1.292599243894306,0.18203612234790878,-0.868987492271841,-0.868987492271841,-0.8870967741935484,-0.8870967741935484,-0.8088706967651281,-2.6177552221241545,109.21192052980132,-2.159781678082192,0.28139281262982974,-0.5908333333333333,-1.0937728937728939,0.20018482153170836,-1.2912751677852348,0.0,-0.8955334987593052,3.614329268292683,2.1999999999999997,0.15929203539823011,0.2998549673676576
2001-06-30,0.11680564677713012,0.18196180370758386,0.2616947066064834,0.2882087124179069,0.41340107098723045,0.35243081303948043,-1.2044431537679687,-1.2044431537679687,-1.1428571428571428,-0.8571428571428572,-5.392999840179,-0.97617640372812,-1.0275808196130274,0.18049275629786843,0.2592352428620641,1.3584521384928716,-1.0937728937728939,0.1979788257940327,0.29032258064516125,-0.8793610127345339,-0.8955334987593052,0.2659398744631647,2.1999999999999997,0.23918575063613234,-0.0824732682473267
2001-09-30,-0.10040906569989694,-0.11850942510866014,-0.3339566902458194,-0.34184580269779796,0.3854456080359052,-0.17207941747359878,0.7674005681818181,-2.2734375,-3.0,1.0,-1.583148397424237,24.74236641221374,-4.084241103848947,-1.9876885796920192,-0.20333268964629392,0.031088082901554293,-1.0937728937728939,-0.6225596529284165,0.36071428571428577,-0.2011242973141788,-0.8955334987593052,0.5399269311064718,2.1999999999999997,0.010266940451745254,0.3393291447101743
2001-12-31,0.08484183958458313,-0.0035757302017465076,0.2225703628348592,0.24074021433241422,0.028720681555236105,-0.2208193013652815,-1.2656218605585694,-0.6313441160066927,-1.0,-2.0,-2.42834861812964,0.4951441915634962,-1.4231222039086413,-1.036801076332555,0.009392706008301888,-0.18927973199329984,-1.0937728937728939,-0.9386973180076629,0.007874015748031482,-0.40422204847537135,-0.8955334987593052,-0.051686154889001856,2.1999999999999997,-0.058943089430894324,-0.1969129497219385
2002-03-31,0.07613181280750592,0.12564283825568912,0.12434819269088249,0.13380910923753664,0.14060295410705392,0.1129645054907693,-5.342662632375189,-3.9402420574886534,-inf,0.0,-0.3852369512994104,0.20319317731059106,-2.2593210907067336,-9.486021505376344,-0.07896501005573175,0.03202479338842967,-1.0937728937728939,-2.6076388888888893,0.13802083333333348,0.023622047244094446,-0.8955334987593052,0.05986418870621879,2.1999999999999997,-0.04751619870410362,-0.007207461842849039
2002-06-30,-6.0251425655022395e-05,0.010518039828566472,-0.07070119002980013,-0.06347939420269355,0.042715684927004505,0.1625560837772304,0.0989374673401846,0.6231026498585026,0.5,0.5,-0.8059680284191829,-1.1082172587158987,-0.6606274856385329,-1.7761023821591486,0.06614811354575179,-0.19319319319319317,1.6171875,0.2699784017278617,0.04347826086956519,-0.291025641025641,-0.8955334987593052,0.04282583038273491,2.1999999999999997,-0.0634920634920636,0.07900355871886133
2002-09-30,-0.20669610894114143,-0.15445376397138355,-0.24260700595686846,-0.24128854079012663,-0.20327015766217538,-0.21182699634758384,-4.7760342368045645,-4.853701061974956,-4.666666666666667,-4.666666666666667,-6.42255584035152,-2.7844630616907846,-16.16015625,-6.083755102040817,-0.3187589158345221,-0.47766749379652607,-3.9373134328358206,-1.848639455782313,-0.1864035087719298,-0.49909584086799275,-0.8955334987593052,0.004203718674211654,0.0,-0.03874092009685226,0.11446789797713275
2002-12-31,-0.0565459435791581,-0.04860546145171152,-0.07412132512722736,-0.07110965760436805,-0.053007142908523264,-0.17778916837525627,-0.6889140746337573,-0.6951836466088102,-0.7272727272727273,-0.7272727272727273,-0.9201161455871429,-1.3269312846777637,-1.000515331100232,-1.010437407669086,0.0048611214981229,-0.1876484560570072,0.42886178861788626,0.539078156312625,-0.0539083557951483,0.0,0.0,0.003864112059249747,0.0,0.012594458438287104,0.02422759736416369
2003-03-31,-0.01375247440353855,-0.04387620305718065,-0.027013112867569133,-0.022823641067246325,-0.00850740600075961,0.016147916128149475,0.043179058156793904,0.08325462150856833,0.3333333333333335,0.3333333333333335,-0.2899408284023669,-10.108355091383812,1.3333333333333335,-45.99076923076923,-0.2176475841743324,-0.08382066276803113,0.6529160739687054,0.8385416666666667,-0.011396011396011319,-0.032490974729241784,0.0,0.005292702485966361,0.0,0.012437810945273853,-0.02153561659667902
2003-06-30,0.09962642491524942,0.11563702753380056,0.1293379812630333,0.13248010526975373,0.09528077836512683,0.19492036890172426,-1.9945673263484673,-1.9577727952167414,-6.0,-6.0,-11.48452380952381,-1.230829869571449,332.07142857142856,-2.144303104910409,0.3183409436834095,0.8882978723404256,0.014199655765920749,0.015580736543909346,0.0835734870317002,0.9104477611940298,0.0,-0.003988513082322953,0.0,-0.012285012285012442,-0.014883061658398367
2003-09-30,0.5819585513043326,0.7118080895198922,1.6193553721285947,-0.10725796411824107,0.11021424524540624,0.01617508327559003,0.26544414098062163,0.11015736766809736,0.09999999999999987,0.04999999999999982,0.2619507210173726,-29.404843216392425,26.133819429551792,1.7498207028448483,0.6640016163482076,0.7222535211267607,-1.023759015697921,-1.0627615062761506,0.10372340425531923,0.5878906250000002,0.0,-0.2982540445298735,-0.8125,-0.1318407960199004,0.9174660271782578
2003-12-31,-0.06761106111880932,-0.08433427533306415,-0.07826539845541969,-0.23125551991818905,-0.060589450870693784,-0.25991513344095696,-0.7710174717368962,-0.738987816307404,-0.5454545454545454,-0.6190476190476191,-0.9143422710095375,-0.8855965548900451,-1.0977751432523217,-1.4688111280156488,-0.1870739449445803,-0.18024206738632653,11.803571428571429,3.655555555555556,-0.04578313253012056,-0.25707257072570733,0.0,0.007532526820360763,12.444444444444445,-0.1289398280802293,0.19112037519541425
2004-03-31,0.045665277218577494,0.06005368360533736,0.05417591762886187,0.1945821743862619,0.03979021776308289,0.2440180499203517,1.290394973070018,0.9438958707360863,0.19999999999999996,0.375,10.203781512605042,-7.785229769752556,-1.0414679492361167,-4.818266110338433,0.8786753723381555,-0.09058260175578614,1.0976290097629011,0.8424821002386635,0.03787878787878807,-0.04635761589403975,1.1653206650831351,-0.005663797009515137,1.1239669421487606,-0.08881578947368418,-0.11262774744505111
2004-06-30,0.40033804348133817,0.3843694162820799,0.678780069193661,0.41730782209624073,0.10341202270381844,0.15730978757958525,1.2341759749167158,1.6324174555529902,1.5,1.6363636363636362,-0.04715919744984065,-2.861519832162318,198.51072124756334,-1.2402379796017484,-0.11236172000999478,0.13602457218078112,0.11170212765957444,-0.04663212435233166,0.07299270072992692,0.09375,-0.526656428258008,-0.2118933697881067,0.13618677042801552,-0.1552346570397113,-0.023231048355289108
2004-09-30,0.08742408190662587,-0.3294212091131744,0.10179024668702774,0.03148772038428116,0.06826910149468346,-0.09062450605075778,-0.12253311113060261,-0.1874396982720814,-0.19999999999999996,-0.2068965517241378,0.5213027649316146,-0.2590407467078143,-0.9659107563337209,2.9939856464166583,-0.5055788005578801,-0.1429123213595983,-0.01016746411483238,-0.09375,0.0680272108843536,-0.20158730158730154,-0.25469293163383555,-0.01763515466897947,0.03767123287671237,-0.10683760683760679,-0.34988895618816873
2004-12-31,0.007862743165883535,-0.023129115158118885,-0.035599813834224614,-0.1415991505666736,0.08968985291542642,-0.17344265353015487,-0.5000999600159937,-0.4601683937823834,-0.5,-0.3913043478260869,-0.6295194360002587,-1.1606982441812985,-0.7454858125537402,-1.3035621638721924,0.31041264993982987,0.03199639477241978,0.024169184290030232,-0.019490254872563617,0.07855626326963905,-0.03379721669980118,0.002798507462686617,0.081224249558564,0.08250825082508251,-0.09090909090909094,0.13801242236024835
2005-03-31,0.03268140244464868,0.09422629574457164,0.04030728232398184,0.21700256799817152,0.022275450304555022,0.19706621531517676,-0.001799640071985631,-0.17736452709458106,-0.08333333333333326,-0.2857142857142857,2.9617667597765363,-2.563841951467412,0.28716216216216206,-1.0499812414023093,-0.011839636614989657,0.039301310043668325,-0.07079646017699126,-0.10091743119266061,0.021653543307086576,-0.034979423868312765,-0.04155038759689922,-0.0100707675557975,-0.018292682926829396,-0.08947368421052626,-0.10088964086890073
2005-06-30,0.01332087645900848,0.06561444805466987,0.005423794088385447,0.029464078570876184,0.027497924638592464,0.14209998628916165,1.4791666666666665,2.0082644628099175,1.9090909090909092,1.8999999999999995,-0.3844357290794518,-1.1758469412624908,0.36657917760279957,-16.178482068390323,0.18186087877606893,0.03403361344537803,-0.017142857142857237,-0.00170068027210879,0.02312138728323676,0.010660980810234477,0.04755742478162417,0.014022546054440532,0.024844720496894457,-0.023121387283236983,0.035117006100707115
2005-09-30,0.3676935417052296,-0.27361663965764094,0.11211869718636835,-0.054655305631868156,0.8124172351644778,-0.029111972298607847,12.863122171945701,12.78425985778927,12.625,11.793103448275863,-0.10924189276254559,-12.635019635019635,11.318822023047375,-1.99901093466674,-0.1537245286209521,-0.10889882161722875,4.008397932816537,4.405451448040886,0.8097928436911488,-0.12869198312236296,-0.10870907967881416,0.32510845986984815,5.103030303030303,-0.07692307692307687,-0.23161505981703034
2005-12-31,-0.02810276980424864,-0.031012688387244913,-0.030680113243486518,-0.19384500119194925,-0.026495848236423702,-0.2120696916888527,-0.9779040624817859,-0.9777776475139806,-0.981651376146789,-0.9703504043126685,0.08792091939242952,-0.5269218551461246,-1.4537470117451408,0.08618887849953238,-0.19730439908481456,-0.014135886912904683,-0.15168321939894236,-0.0854081311062087,-0.03329864724245579,-0.4552058111380145,-0.8232848232848233,0.0016369961121340815,-0.015392254220456758,-0.0705128205128206,0.201984354130891
2006-03-31,0.025733792379062814,0.09008324317557959,0.04448607892066203,0.24266704217418855,0.0077979575745588114,0.18635307041203641,-1.0261144816671064,-1.2542864679504089,-1.25,-1.1818181818181819,0.5030656718623032,-0.38249118683901295,-0.48757301569121525,-1.0792991695361556,0.01949191570928921,0.06475485661424596,-0.14991637524707302,-0.09889731219848386,0.008611410118406937,0.10222222222222221,0.0725490196078431,-0.01756894790602659,-0.03530005042864348,-0.06896551724137923,-0.1228014477109658
2006-06-30,0.07078191747949392,0.1764370550214902,0.046903067680722055,0.17543740368053662,0.09825540598307825,0.2717370635845797,-127.43434343434343,-13.984439834024895,-17.0,-15.000000000000002,0.23369538506905196,-1.4382221014000272,-1.8638801966919982,22.54022988505747,0.4500714224669442,0.2245873153779323,-0.12985154712931501,-0.08260038240917789,0.08964781216648898,0.21370967741935476,0.25959780621572204,0.02557704304429209,-0.03972817564035547,-0.04444444444444451,0.0008686210640609371
2006-09-30,0.24917016531490255,0.5256246230647754,0.7331196518074306,0.005880651691892336,-0.22385830915923088,0.018904537934217647,2.900055923943437,2.815131421267077,2.78125,2.75,0.38773802884232333,5.240384615384615,28.597412677878395,4.151340060763889,1.598866726726221,0.11351543100390216,-0.6462487153134635,-0.6802834514380992,-0.1469147894221351,0.019933554817275656,0.1161103047895502,-0.3785482562854826,-0.678279804028307,-0.023255813953488413,0.5167064439140812
2006-12-31,0.0687401284056397,0.1495761259511459,0.05626024482467673,-0.0351543032394096,0.09937233874783158,-0.17034009959581076,-0.7289673679251081,-0.7229132638103615,-0.7024793388429752,-0.7142857142857143,-0.08721113822305149,-0.08422386798548631,-0.6196653670647062,-0.39490465984549683,0.37226487834904587,0.28671551449506216,0.16618245206275417,0.03780964797913944,0.06429391504018356,0.511400651465798,2.698309492847854,0.028711256117455175,0.0930626057529611,-0.04761904761904767,0.19145030159979015
2007-03-31,0.05434912377176104,0.10468127905797986,0.052704196486924815,6.273005403687222,0.031991989809385,0.15887200033836923,-2.112236414481143,-2.2296704957678353,-2.2222222222222223,-2.466666666666667,-0.41022737994150393,-0.8475128226003419,-0.8544405626551439,-0.7266398043635287,0.07415652880113877,0.21193364694231254,-0.20428500249128045,-0.2726130653266332,0.008629989212513456,0.13793103448275867,0.06891701828410679,-0.021249603552172647,-0.25077399380804966,-0.050000000000000044,-0.8481179837112041
2007-06-30,0.001651313029760626,-0.006083637875099135,-0.05311351100005879,-0.05905040781875692,0.12647793898923299,0.18079956468218805,-3.3492796955694484,-3.124761846229488,-3.090909090909091,-2.795454545454546,-0.5256758918573028,-8.257163196298274,-0.6624032843833886,-1.9062748718601763,-0.06256648526994113,0.25372829417773235,0.3882279273638072,0.2642487046632125,0.12620320855614975,0.2424242424242422,0.6963815789473684,0.1244329228775114,0.3305785123966942,-0.0350877192982455,0.056389986824769256
2007-09-30,0.17388992038805684,0.1402134793219063,0.10723035578412277,0.1046604117558263,0.3199910168261755,0.17254973586602218,2.0187724169848433,2.0187724169848433,1.9999999999999996,1.8734177215189871,5.934907251264756,0.8182843690225121,1.6318989710009353,-0.8941581480310535,-0.007064130488299569,0.23382760306338612,0.48759585024808283,0.5614754098360655,0.32003798670465344,0.0960365853658538,-0.13631956563893743,0.12449567723342936,0.5807453416149069,0.009090909090909038,0.03217760039910211
2007-12-31,-0.014483745273431436,-0.026709133691741438,-0.08042460330515078,-0.08700388143873394,0.08272024798873723,-0.19754749129496008,-0.6851339050447947,-0.6851339050447947,-0.6847826086956521,-0.7356828193832599,0.08097461336445866,0.5131497316106062,-0.049760085303003354,11.661466976435447,-0.09007858175052186,0.31946645536185936,0.003941782898726487,0.08748906386701649,0.08273381294964022,0.0,-0.23170184104176028,0.09866735007688376,0.08349705304518662,0.009009009009008917,0.06597390043499263
2008-03-31,0.05724888515134108,0.11516802610114185,0.03304169929496381,0.03462940549160032,0.08612916093226297,0.20405073270957708,-0.44755180913544934,-0.44755180913544934,-0.45977011494252873,-0.3833333333333333,-0.3494098768764715,-1.6470934274560136,-1.2537871703759118,-4.220949435109701,0.3188611139223425,0.09318386547893098,0.0682573240712776,0.14963797264682221,0.08504983388704312,0.009735744089012455,-0.008766803039158333,0.02729181245626311,0.13961922030825025,0.01785714285714257,0.07787349807299937
2008-06-30,0.044360313151392106,0.0579097656809997,-0.0019560059000833796,-0.008991452278117373,0.10720605419843077,0.2748052978818394,1.9798391539054752,1.9798391539054752,1.978723404255319,1.9189189189189193,1.0723341478032364,-2.099435261707989,33.71849668386146,-1.302475666525603,-0.07312955620923389,0.1843984618201795,-0.028837998303647083,0.039188243526941946,0.09675443968156783,0.09090909090909083,-0.05365566037735847,0.060172570390554014,-0.0015910898965791898,0.03508771929824572,0.06751498580292337
2008-09-30,-0.0237558881858152,-0.11617082765820641,-0.06481220883534133,-0.07856369860802503,0.045955291090382655,0.092675533487945,0.6261461106181603,0.6261461106181603,0.5857142857142859,0.6759259259259258,0.13363440190429587,0.14135732093862363,0.0030989323541272817,0.5519681437834638,-0.12244941282362631,-0.2968460111317255,-0.14614264919941777,-0.09158249158249154,0.002233389168062594,-0.35858585858585856,-0.34392523364485983,0.0713214821160848,-0.15139442231075695,0.07627118644067798,-0.0407841591961382
2008-12-31,-0.07701050673951815,-0.02398884807219337,-0.1567941425848538,-0.16728436529371526,0.002693501002169141,-0.27700410784015217,-0.6219648053837759,-0.6219648053837759,-0.6351351351351351,-0.6077348066298343,-0.2115762000078496,-0.4118241092401923,0.547197359233162,-0.15335806664123985,-0.11813656001896533,-0.34388742304309583,-0.052165018752130865,0.002965159377316562,-0.007242339832869038,-0.3464566929133859,-0.2659069325735992,0.0863654538184726,-0.03661971830985922,0.03937007874015741,0.17202423744479822
2009-03-31,-0.011867018557609299,0.036140735029390525,-0.09175759254883109,-0.09575012988153342,-0.03520760369231446,0.13795897458631035,-0.24754172304916555,-0.24754172304916555,-0.24691358024691368,-0.25352112676056326,-0.07702263761153905,1.05999925350851,-0.5742146364146118,0.5007371611106561,-0.201042381017693,0.28887399463806984,0.007913669064748108,0.05395417590539542,-0.050505050505050386,0.3012048192771086,0.2535575679172055,-0.02355539197644463,0.004873294346978474,0.045454545454545414,0.14589905362776023
2009-06-30,0.12372404798694014,0.23300355051555965,0.0520193147949104,0.049418381177803505,0.20262762411181456,0.30663466491219715,1.6779762618391079,1.6779762618391079,1.639344262295082,1.6037735849056602,0.26822986893910783,-0.5901905184675176,-0.6540648186811422,-1.5756446991404012,0.14484996223305635,0.28198127925117,0.01106352605281935,0.06451612903225801,0.1849881796690307,0.349537037037037,0.2321981424148607,0.07029777610252541,0.01745877788554795,0.050724637681159424,0.17488720654584378
2009-09-30,0.20417573242504883,0.19242655223683958,-0.0702476449086874,-0.07932713624218779,0.4180449158182411,0.21022093911130768,3.760143856978705,3.760143856978705,3.6521739130434785,3.6521739130434785,1.075114026600891,0.8521531523565302,6.737140204271124,-0.3120481642134205,0.0870417964966157,0.3815028901734103,0.8002117896223087,0.963768115942029,0.3635910224438903,0.16466552315608918,0.2876884422110553,0.17749603803486536,0.92278360343184,0.020689655172413834,0.2951705285082009
2009-12-31,0.020694076245550974,0.07637437681379011,-0.12564346227650802,-0.14410537953214908,0.09977657117893024,-0.2585429611584047,-0.7540425478553648,-0.7540425478553648,-0.7636849132176236,-0.7694704049844237,-0.2506109776154197,2.1277690251121935,-0.4752367123090401,-6.524117971334069,-0.4423281182322545,0.41532702048007053,-0.05803921568627457,0.01811472660181157,0.0607168983174835,0.038291605301914444,-0.3063414634146342,0.07746373560640052,0.03767972235994055,-0.020270270270270285,0.25760088446655605
2010-03-31,0.20026834236167446,0.44348598795042915,0.8165523174083633,-0.15943879735300237,-0.0037839666048490317,0.0787093011021629,-0.31330937085755073,-0.31330937085755073,-0.34463276836158196,-0.28378378378378377,-0.28419649266741875,0.18857347828907445,-9.209728320526894,-1.9145647780854727,0.7254045443527044,0.18090348010995272,-0.07930890924229805,-0.0675453047775948,-0.0431034482758621,0.11347517730496448,0.08813877168307571,-0.1700208188757808,0.006688963210702337,-0.07586206896551717,0.7172827172827174
2010-06-30,0.11091130338882271,0.054906504871661266,0.17561940754481187,0.3556078139188339,0.05153771604431934,0.3132219016622346,1.1337726218097446,1.1337726218097446,1.077586206896552,1.132075471698113,0.7891534618948013,-0.6529437449032665,-1.1839357094109946,-0.9504889725438848,0.020815712135330733,-0.017831261803329057,-0.019669907302735767,-0.03321554770318014,0.030990990990990896,0.026751592356688114,-0.06807410598879804,-0.0533444816053511,0.02420503084954917,-0.052238805970149294,-0.22180337405468298
2010-09-30,0.12299186462660172,0.18128416949352744,0.046615564786468555,0.08706545635670371,0.182389251157832,0.3053245925734813,0.9396817940621276,0.9396817940621276,0.904564315352697,0.9513274336283188,0.630181668704189,-0.726926243536018,0.7936606493821177,23.392011019283746,0.4973836841883523,0.18946474086661014,-0.2333948339483395,-0.2551169590643275,0.16532680880810924,0.15384615384615397,0.096162736939436,0.052817523405758626,-0.24745134383688605,-0.007874015748031482,0.08665490536136122
2010-12-31,0.05803946412674832,0.06380559743225489,-0.017324035021679673,-0.06944299062467285,0.10771967484402856,-0.26996766680941586,-0.3912951834245224,-0.3912951834245224,-0.40087145969498905,-0.5124716553287982,-0.4108113595577737,12.27978590060639,-1.3244961541384173,-1.9834430728572559,-0.3266688050179978,0.4156015037593985,0.03188929001203378,0.005397448478900779,0.10647870425914818,0.2139784946236558,0.7241670181358077,0.046979865771812124,0.05295566502463078,-0.04761904761904767,0.14319914146556223
2011-03-31,0.054852229199852776,0.07571326982258686,0.22600083299262153,1.3063875305623474,-0.04904496463975794,0.10666402302701306,-0.23367150719448315,-0.22794686470835268,-0.229090909090909,-0.04651162790697683,0.5352579244874025,-1.1404340749886481,-4.829989852470533,-2.103086923068089,0.5351661851925107,0.21001195060416933,0.02857142857142847,0.010248901903367358,-0.058552453239360314,0.09388839681133754,0.12818003913894316,-0.09855769230769229,0.022222222222222143,-0.008333333333333304,-0.533590083042484
2011-06-30,0.09614690128471426,0.1285885252674921,0.01522504075074882,0.03634595139763097,0.15380761203455573,0.36252162309099,1.4638939363348813,1.4464929859719438,1.4339622641509435,1.448780487804878,-0.19164503527997712,-3.8188588763146902,-0.9412424081848938,-0.686763105977398,0.10919586117290958,0.1123279854267718,0.13917233560090692,0.15024154589371985,0.15116613878491214,0.18137651821862355,0.010841283607979202,0.052622222222222126,0.12986270022883284,0.01680672268907557,0.08897146101047637
2011-09-30,0.13556185501811724,0.2127312550101308,0.035079573153884436,0.048897480272031446,0.2013804597545168,0.31747793629547405,0.8452143579018017,0.8313479061349311,0.8275193798449612,0.8266932270916336,1.5101284020727062,3.755885063248723,-0.9151346976529079,-4.158836726215206,-0.3109747418809683,-0.01783705925297452,0.21473003234635502,0.2381352372952541,0.20085042521260643,-0.14667580534612756,-0.21664521664521652,0.058098294207059586,0.1944303797468354,0.03305785123966953,0.15620112790862994
2011-12-31,0.040648678455372345,0.06414589706996265,-0.05881990925801106,-0.06388342627073951,0.07697614398868091,-0.31802913538233646,-0.5221787069187922,-0.5192449824174279,-0.5196182396606575,-0.5212649945474372,-0.4971336505676496,-0.9097385853828404,-8.56675749318801,-2.1135661789849696,0.5025809300845747,-0.031078610603290646,-0.0026628430970914163,0.011194029850746245,0.07665069777129774,-0.19277108433734924,-0.2817634173055861,0.03479648842777339,0.02797795676133963,-0.016000000000000014,0.13677911218592453
2012-03-31,0.28261117579371353,0.37048444589943275,0.7694706896782635,0.16678543459112793,0.006745147700632614,0.046909979107158994,-0.1953442057046757,-0.1938027769655405,-0.19426048565121423,-0.1936218678815489,-0.35289755571403736,4.576837048712752,130.5327691753691,1.6420324089384417,0.8837028866878622,0.25046651461745806,-0.02444033682481006,-0.06071787990607158,0.006964596633778353,0.16119402985074616,0.11437285550895915,-0.21502390868425103,0.019793814432989665,-0.08130081300813019,0.1745871493473714
2012-06-30,0.0659710215956677,0.0892770556322986,0.06446489917383635,0.0592189448539755,0.12969607498517366,0.2791157747383217,0.9396202754433054,0.936291696433478,0.9369863013698632,0.9435028248587569,1.3665204518039258,0.9670821882040694,-1.0725429241389506,-1.6782234429286942,-0.31817545037015293,0.14281213729066478,-0.012421052631578888,-0.03749999999999998,0.12891450528338133,0.1345329905741217,0.06602805336982542,0.059736686971900044,0.03396684189243837,-0.07079646017699104,0.028395137524557912
2012-09-30,0.14533637783335784,0.17199182491139187,0.0484721864955131,0.07954208695079523,0.22203698561404916,0.2860738084309207,0.7013077974445208,0.6931774642610835,0.693069306930693,0.6947674418604652,0.5637989277257498,-0.18130664378678463,-1.0119822624775923,-1.2259068942152291,0.1054201228859748,-0.09423559624508515,-0.008953314858239247,-0.02486085343228217,0.22106875425459505,-0.19788519637462243,-0.16463414634146334,0.06693862414240681,0.04810324599139637,-0.06666666666666676,0.08560938479448366
2012-12-31,0.05660080584656102,0.059012670971642534,0.002296224075725828,-0.009227703444629753,0.08919036609552511,-0.30221354853455706,-0.5173216128059096,-0.5161418471100563,-0.5162907268170427,-0.5197255574614066,-0.26391187430086893,-1.2303941806414733,-15.674015748031495,6.4445520750665235,0.7099613787883847,-0.0123021721022617,-0.06001290600129061,-0.07001522070015209,0.0890592334494773,-0.1911487758945386,-0.10526315789473695,0.030935001737921297,0.006716417910447747,-0.08163265306122447,0.06887734059226269
2013-03-31,0.043439300964938976,0.06125554895620233,0.06404787301789461,0.09824891942812819,0.02408534825088693,0.09353960894980862,-0.15643279902207918,-0.15378486331812524,-0.15544041450777213,-0.15000000000000002,-0.6314211010448474,-1.116091120139292,6.6166559347499465,-0.882640751615902,0.048726558874318204,0.09987025624391821,-0.05766590389016013,-0.029459901800327426,0.020220117737394405,0.010477299185098987,0.0519536281665951,-0.0185434929197571,-0.005930318754633013,-0.022222222222222254,-0.03367289190718736
2013-06-30,0.43941476211892216,0.14852916497801494,0.4998550534357198,0.10346599690158897,0.46777804644892607,0.29049348239493944,0.7906439834296661,0.7903312304776253,0.7627811860940694,0.7626050420168069,2.2404528252428775,59.61523559555056,-8.390435664769205,1.0171250717997355,0.09372086816740222,0.12437700905364357,-0.12141816415735796,-0.10202360876897132,0.426743602609132,0.10253456221198154,0.07714285714285718,0.01958090003435231,-0.006338553318419038,-0.09090909090909083,0.0408358844669241
2013-09-30,0.05860568129038635,0.08127126903113568,0.009806691803972978,0.03071348289552489,0.09200977864881188,0.35094135473665045,0.9042360095098756,0.904732396427379,0.8816705336426915,0.8736591179976161,0.6354793370880816,0.25306170841215914,-1.860913150077977,-5.411273873539773,-0.37800176369044847,0.2137620814918757,-0.010226644555002884,0.004225352112676051,0.09354668542289435,-0.14942528735632177,0.1534672224327398,0.031671159029649676,0.0502814258911819,-0.050000000000000044,0.049054963042533206
2013-12-31,-0.0001144016339807985,-0.0010823807087870785,-0.12701847576939973,-0.24322943252545126,0.08021530739193272,-0.3210489611230083,-0.5461200568074729,-0.5461200568074729,-0.5487053020961775,-0.5477099236641221,-0.42865165529066507,-1.0321911823508794,-0.10202165377435168,-1.291088692728037,0.17690088623785916,0.1729279439888496,-0.08684724937168375,-0.058906030855540026,0.06544460524200035,0.07248157248157239,0.03449408672798948,0.08033964728935317,-0.004644515898535095,-0.052631578947368474,0.319964892605505
2014-03-31,0.035351181391857445,0.050127250034454285,0.0196744815942147,0.03563899272296989,0.04337073132680014,0.06530759762333793,-0.12394036135496211,-0.12394036135496211,-0.13251366120218588,-0.1209563994374121,-0.6807707498832225,-2.044190563819455,-0.6500128239274758,-1.0095100567302733,-0.001429464013010917,0.14356380920798117,-0.08195718654434248,-0.05365126676602083,0.03757923332327184,0.0733104238258877,0.09558590028580505,0.007708585247883981,-0.003948312993539038,-0.04166666666666674,0.014000480227553735
2014-06-30,0.0727447741213818,0.08309877621264938,0.047725548133813245,0.053289018993157855,0.08525289659665591,0.2934415964897108,0.7403975629343815,0.7403975629343815,0.7322834645669292,0.7424000000000002,2.8981096472396106,-39.57951291151634,-0.6383026698704173,-1202.599240780911,1.720101696231029,-0.041460251484175537,-0.003997335109926836,0.02729658792650924,0.08494545454545466,-0.07684098185699029,-0.07942028985507243,0.01169941502924865,0.00756756756756749,0.01449275362318847,0.02828831126250031
2014-09-30,0.3089618280456501,-0.14160631415227531,0.7083611935626783,0.054337549635261606,0.11619060351491406,0.3357178343124212,0.8427463912804385,0.8427463912804385,0.8427272727272728,0.8393021120293849,0.872706639748051,-2.1532547967663307,-42.26972005221017,-0.3050544082384783,0.43946044106864957,0.037505462368482956,0.024080267558528545,-0.0010219724067450642,0.11811234749966482,-0.042774566473988584,-0.027392947103274556,-0.1473684210526316,0.0311158798283262,-0.02857142857142847,-0.18583929710196279
2014-12-31,-0.01605709288097379,-0.27882374605773796,-0.01199763953417532,-0.13161416988380548,-0.019055866803937338,-0.3512783549568358,-0.5746484123838671,-0.5746484123838671,-0.5732609768130241,-0.5756365451822267,-0.41547767565542837,0.1366617869298974,-1.2342193412436462,-2.2307067361550823,-0.37572892569062066,-0.09027288411537415,-0.02155453951665598,-0.05677749360613815,-0.011151079136690778,-0.18719806763285007,-0.17902233732599548,-0.002956007650843251,-0.004856052722858162,-0.05882352941176472,-0.16951328300080504
2015-03-31,0.12729968743480424,0.13291385802489053,0.2884430163217977,0.23423558559439872,0.007404373262311026,0.0003244394181394217,-0.2622750541684834,-0.2622750541684834,-0.2578034682080925,-0.2517647058823529,-0.7233039402605657,-0.44784800985802464,-3.4472221438446997,-1.0565482174037624,0.034034575441990844,0.0037484196093093836,-0.041388518024031984,-0.10249457700650755,0.009397356614526453,0.014858841010401136,-0.02681388012618291,-0.1063829787234043,-0.022307424189612957,-0.07812500000000011,-0.08210636625622214
2015-06-30,0.010975454226132442,-0.21349209155420856,0.03129597106412807,0.1338042805627413,-0.008361408438464113,0.23887892284105883,0.5511254713839564,0.5511254713839564,0.5607476635514017,0.5597484276729559,2.3609240943043215,0.26145754807945165,-1.544133488381286,-13.75500872502636,-0.41982281543110267,0.05753315296935302,-0.04526462395543185,-0.10694864048338382,0.013814643522133352,0.04831625183016097,0.05510534846029169,-0.01912568306010909,-0.04171122994652421,-0.06779661016949146,-0.3063135061080031
2015-09-30,-0.024230200055839535,-0.08405591512123967,-0.04503091784393687,-0.18037432928010178,-0.0036447917232660387,0.36068456501214485,1.3146188243667702,1.3146188243667702,1.3632734530938126,1.349798387096774,0.8648131485130472,-0.9345957462184593,0.9111626379381064,-0.9654018502192975,-0.025035615043074166,0.052985631725954274,0.06345733041575508,0.03382949932341006,0.014752058771254184,0.03910614525139677,0.07603686635944706,0.02109033028253071,0.025669642857143016,0.0,0.11751152073732718
2015-12-31,0.048499317173815726,-0.1734653312419734,0.06640816014150341,-0.09065982144380202,0.03151203861062091,-0.35544350270923886,-0.5786282977308203,-0.5786282977308203,-0.5713682432432432,-0.5718575718575718,-0.32732325545884866,11.966851885299024,-0.9835269614248493,6.705335053181367,-0.1978613836010812,0.07079927989931334,0.014060356652949135,-0.0163612565445026,0.03497197571228394,0.05510752688172027,-0.0024982155603140432,-0.016173031956352224,0.0032644178454843686,-0.018181818181818188,-0.09105301914580266
2016-03-31,0.05246503057447871,0.36910738011565236,0.07618144055273057,0.3809214137329693,0.02920799334293611,0.07406218515546281,-0.25749153725491747,-0.25749153725491747,-0.2571428571428571,-0.25150300601202413,-0.6091953892530917,-1.1206690160174817,5.440699966347772,-2.0425557022226,0.25716442209082335,-0.1386859684882389,0.004058167061210538,-0.0059880239520957446,0.028713262255316785,-0.16815286624203818,-0.16422182468694102,-0.02218261041790448,-0.016630513376717282,0.0185185185185186,-0.008547008547008628
2016-06-30,0.07377461105390881,0.21577700701966362,0.12176946813889278,0.11173269523549823,0.024561310870405473,0.1898325930732887,0.5507499519261585,0.5507499519261585,0.5530503978779842,0.5528781793842035,1.805493034237803,-6.340847671686788,-6.036611854627425,1.2020347459857859,0.45044624467939043,0.09776910254527871,0.0037049511620073083,-0.01338688085676043,0.028953717920596533,0.0673813169984685,0.07363013698630128,-0.04577678752278713,-0.004411764705882448,-0.018181818181818188,0.0936018957345972
2016-09-30,0.017606085587720255,-0.013675788536819944,-0.020720837957198368,0.3151289502278867,0.0569144786815321,0.44393329634704304,-0.1285155294693079,-0.1285155294693079,-0.125533731853117,-0.12672413793103443,0.5609141548663725,0.9874721575248422,-1.3233561065251864,-1.324485119293099,-0.10077112748995998,0.07286216690400704,-0.28557046979865763,-0.2930800542740841,0.058676188445960564,0.043041606886657036,0.038277511961722466,0.038632986627043175,-0.30169867060561295,0.0185185185185186,-0.25004669929390666
2016-12-31,-0.009724124009722779,-0.07406478558114038,-0.020243490302264133,-0.01627886809801593,0.0017925911266127859,-0.36366348448687347,0.3317892481873139,0.3317892481873139,0.3349609375,0.32773938795656443,-0.2661696689467282,-0.2767018362649861,0.21393183036880536,0.2564717497577813,-0.14047242482152067,0.1084743774016601,0.056834194457491716,0.051823416506717956,0.00538635791593256,0.04676753782668519,0.4815668202764978,0.011649294911097341,0.05076679005817031,0.0,-0.05873268905051321
2017-03-31,0.10863863769561055,0.2936883124913565,0.11715562296321047,0.13626231779114062,0.10090251240766168,0.03022057686976809,-0.32390919828819364,-0.32390919828819364,-0.32260424286759326,-0.3226765799256506,-0.656019065366843,-0.2104015232785511,-4.184215593368798,-2.034811239987334,0.16951960296002855,0.07777395538384191,-0.008000000000000007,-0.00821167883211682,0.10149208892449435,0.07227332457293034,-0.009849663037843293,-0.007070707070707116,0.01258178158027179,-0.018181818181818188,0.13855517332627687
2017-06-30,0.06656607371780598,0.18384511930796776,0.062080716714130846,0.15662710320396012,0.07202373800286543,0.2501244108053058,0.5807125627986296,0.5807125627986296,0.5831533477321815,0.5795828759604831,2.2085082681323533,-0.2779996729441967,-1.501555608252312,-0.43212888273110805,0.08231181938998278,0.12498772343351017,0.0044802867383513245,0.015639374425022945,0.07386699395427065,0.02083333333333326,0.08324607329842926,0.00528992878942014,0.01988071570576544,0.0,0.02352066192534763
2017-09-30,0.09935867964645206,0.10299399098466377,0.08850821992382563,-0.03531583423277629,0.11107521707479306,0.46600988707102786,1.3887385467274083,1.3887385467274083,1.3956343792633015,1.3926337734537872,0.5448462843591961,2.2665107072161237,-1.9481338590867399,0.06023699638268676,0.08063298819559894,0.048261073583814484,0.4125780553077607,0.42028985507246364,0.11767693870640028,-0.024009603841536498,-0.013774770420493021,0.010524185387573493,0.4230019493177388,0.0,0.14337617512148593
2017-12-31,-0.013100412806009487,-0.009840436753631221,0.09959034981472126,-0.034877872126149345,-0.12552587972006513,-0.36782258302776094,-1.3228673016773511,-1.3228673016773511,-1.3246013667425969,-1.3311065930874237,-0.37791975049175996,-0.7345324349174025,-3.244292795308573,-2.3389773080217227,-0.09990972203446014,-0.06515753257095869,-0.3646984527944427,-0.38265306122448983,-0.11683835782457208,-0.16359163591635928,-0.3834844400882137,-0.11395954336070502,-0.36780821917808215,-0.03703703703703709,0.02593740069907846
2018-03-31,-0.016985522486644422,0.05202757558132132,0.010115591658183876,0.27145878575177784,-0.05543710911267763,0.04463212601222999,-2.0931699606450893,-2.0931699606450893,-2.101754385964912,-2.0824561403508772,-0.45435497792709845,-3.925909295015716,1.4499285097703316,-1.2855691842687942,0.031698084648121405,0.09772774093685443,0.06858846918489059,0.03305785123966953,-0.053175522106436834,0.24264705882352944,0.6840222575516692,-0.03910488245931287,0.023835319609967653,0.019230769230769162,-0.17255797746718804
2018-06-30,0.011083314414348067,0.055604162247876454,0.03117383106070748,0.1742793253129078,-0.015391662341088463,0.20794098492555668,0.6096111724115216,0.6096111724115216,0.6194267515923566,0.6312803889789302,1.5763716572320905,-0.9219591859694433,-0.46348714446565153,5.932507107429879,0.21299564318757436,0.06055702931226015,0.1306976744186048,0.08299999999999996,-0.000815254314053937,0.12071005917159772,-0.008260561718196668,-0.026111503175723305,0.06190476190476191,0.018867924528301883,-0.10106681639528359
2018-09-30,-0.03659739646025839,-0.056364588821267936,-0.0243140164371608,-0.247441638882953,-0.0497317197816175,0.37092483264510356,0.8085007550860881,0.8085007550860881,0.8382497541789578,0.8390461997019376,0.19039678902975066,-0.6658649137789199,0.862777630335599,-1.3788637053580146,-0.06652647027741987,-0.0560614466359306,0.08720691073632247,0.0313942751615881,-0.026336068174606764,-0.05491024287222823,-0.15373631603998095,-0.01352657004830915,-0.01295465869456891,0.03703703703703698,0.2539038101186759
2018-12-31,-0.0690785030214428,-0.11204733240830778,-0.03583313463256588,-0.09547140315666491,-0.11724600851503397,-0.3374808469217936,-0.6346186702934751,-0.6346186702934751,-0.6255683337790854,-0.6253376553214479,-0.4481521857015055,8.594799287188145,-0.16571404717859928,0.635971303928138,-0.11670571640008653,-0.08148148148148149,0.5183503594400303,0.47000895255147745,-0.09138733705772828,-0.05698324022346368,-0.12232845894263222,-0.05190989226248777,0.3891973750630995,0.0714285714285714,-0.018347862183478836
2019-03-31,-0.014149072155860143,-0.15820149875104084,0.11142281686088329,0.5684950773558368,-0.21286283437677855,-0.11691877177937604,0.18450390189520616,0.18450390189520616,0.21500000000000008,0.21485219899062735,-0.8615996132170524,4.153971539519891,0.38576017212142033,-0.16650197203914863,-0.11001890359168243,-0.010066854949031367,0.1467729877896835,0.0688185140073081,-0.1815852846236614,0.09004739336492884,-0.31015700096123033,-0.20144628099173556,0.04614825581395343,0.016666666666666607,-0.46329499323410006
