Quarter end,Assets,Current Assets,Liabilities,Current Liabilities,Shareholders equity,Revenue,Earnings,Earnings available for common stockholders,EPS basic,EPS diluted,Cash from operating activities,Cash from investing activities,Cash from financing activities,Cash change during period,Cash at end of period,Price,ROE,ROA,Book value of equity per share,P/B ratio,P/E ratio,Cumulative dividends per share,Equity to assets ratio,Net margin,Asset turnover,Current ratio
1994-01-02,0.09343112244897966,0.18462401795735128,0.22301425661914465,0.16666666666666674,0.0343546889507893,0.0,0.0,0.0,0.0,0.0,-0.9769585253456221,4.375,-4.777777777777778,-1.2576112412177987,3.4160000000000004,0.18552036199095023,0.026293469041560602,0.03593556381660479,0.029197080291970767,0.041884816753926746,0.0716318785578749,0.0,-0.05401077303828783,0.003007518796992459,0.01680672268907557,0.0154042063752875
1994-04-03,0.09343112244897966,0.18462401795735128,0.22301425661914465,0.16666666666666674,0.0343546889507893,0.0,0.0,0.0,0.0,0.0,-0.9769585253456221,4.375,-4.777777777777778,-1.2576112412177987,3.4160000000000004,0.18552036199095023,0.026293469041560602,0.03593556381660479,0.029197080291970767,0.041884816753926746,0.0716318785578749,0.0,-0.05401077303828783,0.003007518796992459,0.01680672268907557,0.0154042063752875
1994-07-03,0.017206182560513206,-0.0028422548555187,-0.020815986677768517,-0.03395784543325531,0.037701974865349985,0.06370656370656369,0.25,0.25,0.23913043478260843,0.0,-0.9769585253456221,4.375,-4.777777777777778,-1.2576112412177987,-0.19927536231884058,0.06870229007633566,0.026293469041560602,0.03593556381660479,0.02127659574468077,0.041884816753926746,0.0716318785578749,1.0,0.02000615574022757,0.003007518796992459,0.01680672268907557,0.032201949917067596
1994-10-02,0.020928899082568897,0.04988123515439424,-0.04761904761904767,-0.046060606060606024,0.0557958477508651,-0.06715063520871145,-0.040000000000000036,-0.040000000000000036,-0.36842105263157887,0.0,6.5,-0.8953488372093024,-2.4705882352941178,-2.0545454545454547,0.2624434389140271,0.0625,0.026293469041560602,0.03593556381660479,0.05208333333333326,0.04020100502512558,0.0716318785578749,1.0,0.034248642124321105,0.003007518796992459,0.01680672268907557,0.10056829316088578
1995-01-01,0.00561639988767193,0.019909502262443368,-0.03839285714285712,-0.03684879288437104,0.025809094633346907,-0.0038910505836575737,-0.11111111111111116,-0.11111111111111116,-0.11111111111111105,0.0,-0.09333333333333338,1.5555555555555554,-1.18,-0.6896551724137931,0.06451612903225801,-0.043697478991596594,0.026293469041560602,0.03593556381660479,0.02310231023102327,-0.09178743961352653,0.0716318785578749,0.25,0.019985412107950573,0.003007518796992459,0.01680672268907557,0.05893664755528638
1995-04-02,0.13571628036861205,-0.15661047027506658,0.37697307335190344,0.32189973614775735,0.03194888178913735,0.181640625,0.234375,0.234375,0.21875,0.0,2.661764705882353,36.21739130434783,-6.777777777777778,-16.416666666666664,-0.9343434343434344,0.014059753954305698,0.026293469041560602,0.03593556381660479,0.029032258064516148,-0.010638297872340274,0.0716318785578749,0.40000000000000013,-0.09124713958810082,0.003007518796992459,0.01680672268907557,-0.3619854721549637
1995-07-02,0.012048192771084265,0.03945291951604424,-0.03776129467296019,-0.02594810379241519,0.04063467492260053,0.1338842975206611,0.1898734177215189,0.1898734177215189,0.17948717948717952,0.0,-0.6104417670682731,-0.9649532710280374,-2.4615384615384617,-0.9837837837837837,-0.23076923076923073,0.32409012131715786,0.026293469041560602,0.03593556381660479,0.034482758620689724,0.28494623655913975,0.0716318785578749,0.1428571428571428,0.02817123072080574,0.003007518796992459,0.01680672268907557,0.06715159181952357
1995-10-01,0.0021865889212828726,0.011639676113360364,-0.06797477224947446,-0.08913934426229508,0.03941985868352549,-0.023323615160349864,0.010638297872340496,0.010638297872340496,0.021739130434782483,0.0,0.10309278350515472,0.33333333333333326,-0.9078947368421053,-7.666666666666667,2.0,0.13089005235602102,0.0380165289256198,0.03593556381660479,0.036363636363636376,0.09623430962343105,0.0716318785578749,0.25,0.037195775294657896,0.005997001499250532,0.03305785123966953,0.11063913859527807
1995-12-31,0.00969696969696976,0.03701850925462735,-0.06390977443609025,-0.093363329583802,0.04472271914132375,-0.04701492537313434,0.24210526315789482,0.24210526315789482,0.23404255319148937,0.0,-0.383177570093458,-0.09999999999999998,-1.8571428571428572,-0.4,0.3999999999999999,0.07407407407407396,0.11863057324840787,0.1208133971291867,0.040935672514619936,0.03435114503816794,0.0017706949977867037,0.09999999999999987,0.03468122786304595,0.10581222056631878,0.008000000000000007,0.14382282308992256
1996-03-31,0.08163265306122458,0.08104196816208398,0.18393574297188753,0.2196029776674937,0.03801369863013693,0.23649177760375872,-0.11864406779661019,-0.11864406779661019,-0.1206896551724137,0.0,5.818181818181818,7.555555555555555,-2.0,2.7777777777777777,1.0793650793650795,0.046336206896551824,0.02348754448398571,0.03735325506937026,0.03370786516853941,0.007380073800737907,-0.09677419354838701,0.18181818181818188,-0.04036514049351014,-0.005390835579514808,0.04761904761904767,-0.11360808709175751
1996-06-30,0.1587125416204218,0.13476126729138782,0.4097693351424694,0.09664292980671418,0.03662157703728153,0.05129829005699804,0.08653846153846145,0.08653846153846145,0.07843137254901977,0.0,-0.9733333333333334,0.6428571428571428,-45.666666666666664,-2.6617647058823533,-0.8625954198473282,0.06900102986611745,0.006258692628650753,-0.01748971193415627,0.03532608695652173,0.03296703296703285,0.005381604696673259,0.0769230769230771,-0.10538049940546967,-0.005420054200541924,-0.015151515151515138,0.034739889463988094
1996-09-29,0.9362068965517241,0.6366496264254817,2.2844080846968238,0.9007421150278294,0.04455760661998731,0.47530120481927707,0.17699115044247793,0.17699115044247793,0.16363636363636358,0.0,1.25,4.57905138339921,9.746268656716419,-1.3716814159292037,2.3333333333333335,0.019267822736030782,0.04561161022805793,-0.18324607329842935,0.044619422572178546,-0.014184397163120588,-0.023844282238442926,0.1428571428571428,-0.46054161820900485,-0.08446866485013638,-0.10769230769230775,-0.1389571852479864
1996-12-29,0.041753240328485264,0.05670350792888024,-0.17802197802197806,0.06979014153245489,0.49878123095673366,0.12127398938342182,0.15037593984962405,0.15037593984962405,0.09375,0.0,4.296296296296297,-0.9103790294013461,-0.9590277777777778,-0.9047619047619048,0.06666666666666665,0.13421550094517953,-0.0746860541969595,-0.15000000000000002,0.2889447236180904,0.08633093525179869,0.04935194416749766,0.0625,0.4388666461348938,-0.11309523809523803,-0.04310344827586188,-0.0122095313115399
1997-03-30,0.016335834362237733,0.03251477944520231,0.00837789661319066,0.13549270072992692,0.025411669038422513,0.04624908958485063,0.08496732026143783,0.08496732026143783,0.014285714285714235,0.0,0.9370629370629371,-0.10671936758893286,-1.6610169491525424,-4.375,-0.2109375,0.0691666666666666,-0.015000000000000124,-0.0678733031674208,0.01949317738791434,-0.17218543046357615,0.015676959619952413,0.11764705882352944,0.008989726027397227,-0.025167785234899376,-0.04504504504504503,-0.09070972886762363
1997-06-29,0.019717783384730403,0.03501431402774724,-0.0024748099699487547,0.013660104459622291,0.0446074544012689,0.10337626174730241,0.17469879518072284,0.17469879518072284,0.14084507042253525,0.0,-0.776173285198556,-0.34513274336283184,-1.0897435897435896,1.925925925925926,-0.7821782178217822,0.11925175370226038,0.013778100072516342,-0.008090614886731351,0.043977055449330615,0.10000000000000009,0.03320860617399446,0.05263157894736836,0.02439541790411548,-0.008605851979345935,0.0,0.021102828327121292
1997-09-28,0.006964809384164328,0.026382978723404227,-0.021619705830232094,-0.010305192231470417,0.03757828810020869,0.0034700315457412145,0.06153846153846154,0.06153846153846154,0.061728395061728225,0.0,5.661290322580645,0.46621621621621623,-19.714285714285715,-1.8227848101265822,2.9545454545454546,0.10863509749303635,-0.003576537911301858,0.09135399673735733,0.0347985347985349,0.06181818181818177,0.008148483476686286,0.09999999999999987,0.030234002899151013,0.04513888888888884,0.04716981132075482,0.037039025175801044
1997-12-28,0.12277029486712787,0.060323383084577076,0.20431081325846767,-0.0172206647977573,0.04042436436802643,0.026092423766111317,0.04347826086956519,0.04347826086956519,0.03488372093023262,0.0,-0.44309927360774815,4.502304147465438,-8.732824427480917,-0.24615384615384617,0.5632183908045978,-0.022613065326633097,0.04881550610193819,0.0433482810164425,0.04070796460176984,-0.05821917808219179,-0.09250112258643906,0.045454545454545414,-0.07316582914572867,0.04318936877076407,0.0,0.0789378332211812
1998-03-29,0.033152306071168036,-0.001368523949169087,0.021657392089035943,0.07905460472697645,0.04658931082981721,0.08823529411764697,0.125,0.125,0.12359550561797761,0.0,2.347826086956522,-0.5829145728643217,-1.1559723593287266,1.3265306122448979,0.838235294117647,-0.12210796915167099,0.05338809034907599,0.05014326647564471,0.03911564625850339,-0.15636363636363637,-0.1707075705096487,0.08695652173913038,0.012795489047928932,0.04140127388535042,0.009009009009008917,-0.07455382843983882
1998-06-28,0.07688686646791143,0.03582615505090048,0.10908287943471229,0.08874622356495476,0.04014782462623878,0.04166666666666674,0.004115226337448652,0.004115226337448652,0.0,0.13636363636363646,-0.8012987012987013,0.8734939759036144,-4.949367088607595,-2.3684210526315788,-0.624,0.05783308931185949,0.014944769330734298,-0.0027285129604366354,0.04091653027823239,0.01724137931034475,-0.02863961813842486,0.040000000000000036,-0.034047109207708814,0.015290519877675823,-0.017857142857142905,-0.04862623120787979
1998-09-27,0.018650735829812026,0.023247023247023213,-0.00026546323334220023,0.01803676725633019,0.04166666666666674,-0.017837837837837878,0.03688524590163933,0.03688524590163933,0.050000000000000044,0.030000000000000027,0.3594771241830066,-0.7781350482315113,-1.0592948717948718,-0.7692307692307692,-0.3829787234042553,-0.1910034602076125,0.008322663252240625,-0.009575923392612706,0.04088050314465397,-0.22033898305084743,-0.23218673218673225,0.0769230769230771,0.02261139436931936,0.018072289156626287,-0.027272727272727337,0.005122057541412373
1998-12-27,0.02388785581461872,0.035094200221647665,0.014206054168879545,0.028620102214650833,0.03519379844961246,-0.006053935057787507,0.015810276679841806,0.015810276679841806,0.0,0.01941747572815533,-0.05769230769230771,-0.3719806763285024,1.3243243243243241,-0.4444444444444444,-0.3448275862068966,-0.1505560307955517,0.0019047619047618536,0.0055248618784529135,0.030211480362537735,-0.18478260869565222,-0.18720000000000003,0.03571428571428559,0.011055712117927552,0.01775147928994092,-0.009345794392523366,0.006288626260435803
1999-03-28,0.01257334450963965,-0.006245538900785164,-0.015316140856132976,0.008943358728055628,0.04448105436573302,0.04457364341085279,0.08560311284046684,0.08560311284046684,0.07619047619047614,0.08571428571428563,0.7908163265306123,0.9230769230769231,-1.1046511627906976,-6.5,2.8947368421052633,0.007049345417925457,-0.0038022813688212143,0.004120879120879106,0.04398826979472137,-0.020000000000000018,-0.03543307086614167,0.06896551724137945,0.03151801029159529,0.02034883720930236,-0.018867924528301883,-0.015030707897855877
1999-06-27,-0.004001103752759416,0.0010773927096425773,-0.03363467162988565,-0.05613919894944186,0.0279609979925437,-0.048502517890273045,-0.2007168458781362,-0.2007168458781362,-0.19469026548672552,-0.20175438596491213,-0.2934472934472935,-0.7,-18.22222222222222,-0.8363636363636364,0.12162162162162171,0.040000000000000036,-0.055979643765903364,-0.03283173734610123,0.028089887640449396,-0.006802721088435382,0.006122448979591688,0.032258064516129004,0.032009977135730505,-0.012820512820512775,-0.019230769230769273,0.06060274572006774
1999-09-26,0.006718382047375071,0.016502242152466318,-0.019947723208144197,0.0003478260869564931,0.03375645138792027,-0.0030640668523677084,0.04484304932735417,0.04484304932735417,0.0439560439560438,0.0439560439560438,0.5685483870967742,0.8400000000000001,-0.34838709677419355,7.333333333333334,0.9036144578313252,-0.12019230769230771,-0.052560646900269514,-0.028288543140028266,0.032786885245901454,-0.14383561643835618,-0.10141987829614607,0.0625,0.026988922457200415,-0.015873015873015928,-0.009803921568627416,0.0161415089474497
1999-12-26,0.6932920536635707,0.47856008470089995,1.402442448062886,1.9301112656467314,0.011604371879638364,0.13076278290025156,-0.45493562231759654,-0.45493562231759654,-0.4526315789473684,-0.4526315789473684,0.007712082262210762,46.94927536231884,-61.86138613861386,-1.52,-0.24683544303797467,-0.2546448087431694,-0.15576102418207682,-0.26346433770014555,0.007936507936507908,-0.28,-0.23927765237020304,0.02941176470588225,-0.40262796626789576,-0.156891495601173,-0.12871287128712872,-0.49538164839626475
2000-04-02,-0.018486916951080734,-0.10263754624656884,-0.04072451066316096,-0.2980894743087694,0.03227957849806584,0.36422041018038054,1.1259842519685042,1.1259842519685042,1.1153846153846154,1.0961538461538463,0.9668367346938775,-1.0374792201904186,-1.1758581421831789,-0.20512820512820518,-0.26050420168067223,0.12170087976539601,-0.03622577927548443,-0.1324110671936758,0.02887139107611536,0.11111111111111116,0.28931750741839757,0.05714285714285716,0.051871306631648295,-0.11304347826086969,-0.022727272727272707,0.2784873780549131
2000-07-02,0.02376122862938268,0.046149753956643114,0.02162260933122173,0.0366863905325443,0.028298229745445047,-0.0047092917949647095,0.04814814814814805,0.04814814814814805,0.04545454545454519,0.0366972477064218,-0.5603112840466926,-2.943548387096774,-1.2257169287696577,-2.629032258064516,0.5738636363636365,0.4339869281045752,0.04283216783216792,-0.0546697038724373,0.025510204081632626,0.3999999999999999,0.4556962025316458,0.027027027027026973,0.004369538077403146,-0.039215686274509665,-0.011627906976744207,0.009125235997482495
2000-10-01,0.008127451376814587,0.036867531146707266,-0.0029213617122756386,0.04321591650358769,0.03141492837396331,0.03075523202911734,0.08833922261484095,0.08833922261484095,-0.4608695652173913,-0.4601769911504424,-0.1887905604719764,-0.7136929460580913,-1.8688524590163933,-1.7425742574257426,-0.2707581227436823,0.4567000911577028,0.055322715842414105,-0.0337349397590363,0.028606965174129417,0.4214285714285715,0.3691699604743084,0.05263157894736836,0.022995649471721613,-0.026530612244898055,-0.0117647058823529,-0.006080449017773604
2000-12-31,0.026472003850473325,0.002820009808729873,0.009925855058598332,-0.013756448335157101,0.06018518518518512,0.024717514124293682,-0.1428571428571429,-0.1428571428571429,-0.14516129032258063,-0.16393442622950816,0.49090909090909096,2.8840579710144927,-2.2547169811320753,-2.8666666666666667,0.693069306930693,0.23153942428035035,0.09610802223987291,0.1296758104738156,0.026602176541717037,0.1959798994974873,0.14780600461893756,0.02499999999999991,0.03280680437424066,0.048218029350104885,0.0714285714285714,0.016784313725490163
2001-04-01,0.005353235386058142,0.055263479642988056,-0.010597986974541174,0.040893961008083624,0.03631349115145954,0.08545830461750525,0.49242424242424243,0.49242424242424243,0.4528301886792452,0.4901960784313726,0.8292682926829269,-0.6380597014925373,-2.8684210526315788,-0.5785714285714285,0.17251461988304095,-0.08638211382113814,0.06811594202898541,0.0927152317880795,0.03180212014134276,-0.10924369747899154,-0.1886317907444668,0.04878048780487809,0.03088235294117636,0.07399999999999984,0.022222222222222143,0.013807466831224913
2001-07-01,0.01220412763807377,0.0304715560190012,-0.0008976123511459377,0.00928886858535094,0.036482590374805834,0.013968253968253963,0.027918781725888353,0.027918781725888353,0.025974025974025983,0.013157894736842035,-0.692,0.2268041237113403,-0.635814889336016,-4.186440677966102,-0.4688279301745636,0.12347052280311455,0.0549525101763908,0.08282828282828292,0.035388127853881235,0.08962264150943389,0.024178549287042772,0.023255813953488413,0.023965763195435086,0.05772811918063314,0.021739130434782483,0.020999771741611495
2001-09-30,0.01624236839073845,0.042050820778052556,0.013536176329659755,0.035455642727821424,0.02107628115973048,0.03553537883531632,-0.7012345679012346,-0.7012345679012346,-0.7088607594936709,-0.7012987012987013,1.54978354978355,1.0546218487394956,-0.9502762430939227,-1.4840425531914894,0.42723004694835676,-0.2851485148514852,-0.1678456591639872,-0.14925373134328357,0.02094818081587646,-0.3116883116883117,-0.34019370460048426,0.045454545454545414,0.004736695458344986,-0.16901408450704236,0.03191489361702127,0.0063343021089499185
2001-12-30,-0.0029093931837074205,0.07423392317652144,0.03338848835835018,0.052746612268687265,-0.0672673931265717,-0.053968253968254,-5.884297520661157,-5.884297520661157,-5.999999999999999,-5.999999999999999,0.1205432937181663,-0.2862985685071575,-17.666666666666668,4.065934065934066,1.5164473684210527,-0.15650969529085867,-0.723338485316847,-0.7236842105263158,-0.07343412526997839,-0.16981132075471694,-0.015596330275229331,0.021739130434782483,-0.06461453133666106,-0.7266949152542372,0.010309278350515427,0.020438388625592552
2002-03-31,-0.028041987191632867,-0.11761751707513057,-0.07754331789329216,0.006366782006920424,0.0691979330487531,0.008788750399488565,-1.8274111675126905,-1.8274111675126905,-1.8260869565217392,-1.8347826086956522,1.4606060606060605,0.7793696275071633,-10.246666666666666,-1.8329718004338393,-0.5019607843137255,0.27996715927750415,0.270949720670391,0.2857142857142856,0.06060606060606055,0.3787878787878787,3.763280521901211,0.042553191489361764,0.10020753038837826,0.28682170542635665,0.0,-0.1232220609579101
2002-06-30,0.005536278217474377,-0.01092771770062606,-0.03254602938441509,-0.05047448769082652,0.07007774742592976,-0.06605417392681767,-0.15541922290388543,-0.15541922290388543,-0.16842105263157892,-0.1874999999999999,-0.8392857142857143,-0.7053140096618358,-0.8543619322278299,-0.6770833333333333,-0.3254593175853019,0.10006414368184724,-0.00439560439560438,0.024691358024691468,0.06923076923076943,0.03296703296703285,-0.1713950303267462,0.020408163265306145,0.06413365669630822,0.03614457831325302,-0.020408163265306145,0.04163218010263203
2002-09-29,-0.009732077081152313,-0.020370583496374772,-0.03191080353710107,-0.008545770567786826,0.024251350024545815,-0.09718453188602438,-0.36077481840193704,-0.36077481840193704,-0.3670886075949368,-0.35897435897435903,1.3563218390804597,-0.2786885245901639,0.9207920792079207,-1.7661290322580645,0.36964980544747084,-0.2157434402332361,0.30022075055187636,0.34337349397590367,0.02466598150051391,-0.26595744680851063,-0.22550177095631652,0.040000000000000036,0.03443909850595084,0.40697674418604657,-0.04166666666666663,-0.011918951132300237
2002-12-29,-0.011393891934220801,-0.050281954887218094,-0.04898067249139526,-0.020014609203798384,0.04304064417177922,-0.057674243847454454,0.3712121212121211,0.3712121212121211,0.3799999999999999,0.3799999999999999,0.2829268292682927,0.25757575757575757,0.8092783505154639,-1.831578947368421,-0.22443181818181823,-0.21040892193308547,1.5297113752122238,1.6816143497757845,0.034102306920762215,-0.22463768115942018,-0.40579268292682924,0.019230769230769162,0.054834761321909564,1.8016528925619837,-0.0434782608695653,-0.03088057901085639
2003-03-30,-0.022852390193671024,-0.027832756061355712,-0.021784521158129122,-0.06857483601669645,-0.024262475875379108,-0.01574960127591707,-0.43646408839779005,-0.43646408839779005,-0.4347826086956521,-0.4492753623188406,0.0,0.0,0.0,-1.1772151898734178,0.05128205128205132,0.17514124293785316,-0.2073825503355704,-0.17892976588628762,-0.026188166828322146,0.1308411214953269,-0.5628527449974345,0.037735849056603765,-0.001392434439545065,-0.13421828908554567,-0.045454545454545525,0.043730810721101854
2003-06-29,0.011065175097276336,0.022521949357424687,-0.01693347563144787,-0.031049935979513443,0.04813035697466317,-0.024306258861656826,0.6813725490196079,0.6813725490196079,0.6666666666666667,0.6842105263157894,-0.7541191381495564,-1.1746987951807228,-0.7792022792022792,3.5,0.2195121951219512,0.10096153846153855,-0.07705334462320068,-0.048879837067209775,0.047808764940239,0.1322314049586779,0.3720657276995305,0.0181818181818183,0.03671856844062282,-0.005110732538330498,-0.04761904761904756,0.05533471140085844
2003-09-28,-0.017598717177791157,-0.04280736684917874,-0.05001085619164802,-0.013214403700033017,0.022645578720345005,-0.011210296865268865,-0.5772594752186588,-0.5772594752186588,-0.5846153846153845,-0.578125,1.5206185567010309,-5.517241379310345,1.6,-1.6984126984126984,-0.12571428571428567,0.22416302765647744,-0.12110091743119267,-0.09207708779443247,0.01615969581749055,0.16788321167883202,0.3019674935842602,0.03571428571428559,0.04102219233355742,-0.07534246575342463,-0.012499999999999956,-0.029983426246798173
2003-12-28,0.4997959683342854,0.45319812792511693,0.5325308547920158,0.05256109809173082,0.46203866432337426,0.08671005668696208,0.9172413793103449,0.9172413793103449,0.8518518518518516,0.8148148148148147,-0.5235173824130879,20.33587786259542,-7.521091811414392,-4.863636363636363,0.5555555555555556,0.20392390011890615,-0.18580375782880998,-0.17452830188679236,0.20392890551917686,0.1812499999999999,0.3436268068331143,0.01724137931034475,-0.025193798449612337,-0.08703703703703713,-0.10126582278481022,0.38063063063063063
2004-03-28,0.021984001741307102,0.06235462515655743,0.014913501690196895,0.4516539440203562,0.030532515927395032,0.3506568778979908,0.485611510791367,0.485611510791367,0.32000000000000006,0.30612244897959195,1.8025751072961373,-0.9119856887298747,-1.035007610350076,0.8470588235294119,0.6869747899159664,0.125925925925926,0.07435897435897432,0.08857142857142852,0.02874902874902885,-0.06349206349206349,0.25281173594132045,0.033898305084745894,0.008394079964656465,0.09939148073022319,-0.014084507042253502,-0.2682117342633741
2004-06-27,0.016958628401043674,0.06307368421052639,0.003918495297805746,0.03604294478527614,0.03248571095299191,0.05678729795451298,0.29782082324455206,0.29782082324455206,0.25757575757575735,0.265625,-0.11026033690658499,-0.43089430894308944,-1.3804347826086958,0.39171974522292996,0.5442092154420921,0.04517543859649109,0.0417661097852029,0.052493438320209806,0.02945619335347427,0.016949152542372836,-0.08821233411397356,0.016393442622950838,0.015115005476451282,0.04059040590405916,0.014285714285714235,0.02613575217157349
2004-09-26,-0.055917694180475874,0.024873257287705952,-0.01644223263075717,0.01416939832927988,-0.10162119414788451,-0.05590146182999456,-4.414179104477611,-4.414179104477611,-4.397590361445783,-4.4074074074074066,0.013769363166953541,-0.17142857142857137,-6.4,-0.1258581235697941,0.3080645161290323,0.1665967268149393,-1.4100801832760594,-1.4039900249376558,-0.10418195157740273,0.1333333333333333,0.07705479452054798,0.032258064516129004,-0.048338368580060354,0.0,0.0,0.01056258895797435
2005-01-02,0.02659235227241208,0.0933683722368217,-0.013492732774443184,-0.0012511729746637057,0.07740191146881292,0.06652329749103947,-1.3371584699453551,-1.3371584699453551,-1.3333333333333333,-1.3369565217391304,1.2937181663837012,-10.120689655172415,-1.253968253968254,5.143979057591623,1.446979038224414,0.13273381294964026,-0.5642458100558659,-0.5617283950617283,0.062244062244062315,0.2647058823529411,0.0,0.015625,0.04943310657596367,0.0,0.08450704225352124,0.09473684210526301
2005-04-03,-0.020852466101237144,-0.14244309345397987,-0.07245939558505554,-0.18603194487942376,0.03904289466005251,-0.006855760182820303,0.06969205834683945,0.06969205834683945,0.06382978723404253,0.06451612903225801,-0.18060695780903036,-2.510396975425331,-41.541666666666664,-2.0353642948444826,-0.6122448979591837,0.12257859637980317,-0.9358974358974359,-0.9295774647887324,0.03546646106399365,0.05813953488372081,0.0,0.030769230769230882,0.06114952463267076,0.0,0.025974025974025983,0.05356175514626238
2005-07-03,0.0050758620689654865,0.023081361800346256,-0.023094437818497182,-0.030524560728485306,0.0342619636036845,0.1567406605305901,0.17272727272727262,0.17272727272727262,0.16999999999999993,0.16161616161616155,-0.6341463414634146,-0.9055068836045056,-0.9285714285714286,-1.025514403292181,0.04028589993502285,0.07722772277227707,-13.8,-13.200000000000001,0.03201787043931503,0.04029304029304015,0.0,0.014925373134328401,0.02911830584402364,-0.8705673758865249,0.05063291139240489,0.05527347515907177
2005-10-02,0.015974090135587593,0.053662073966642465,-0.017258601553829078,-0.020637650482868142,0.04849570978603235,0.023636789141118664,0.021963824289405576,0.021963824289405576,-0.49572649572649574,-0.4956521739130435,0.0,0.0,0.0,5.758064516129032,0.2617114303560275,0.21533613445378164,11.2265625,11.704918032786884,0.038961038961039085,0.176056338028169,10.867249602543719,0.02941176470588225,0.03205381875741975,11.123287671232877,0.06024096385542177,0.07582678604056281
2006-01-01,-0.03244542900367409,-0.08572302515867558,-0.11536506860918172,-0.04255031743887616,0.04361112549852386,-0.011888431641518094,0.18457648546144112,0.18457648546144112,0.18644067796610164,0.18965517241379315,1.5382716049382714,-0.5364238410596027,11.60431654676259,-2.9856801909307875,-0.4118811881188119,0.08146067415730318,0.06773162939297128,0.1212903225806452,0.043749999999999956,0.041916167664670656,-0.9207582557438543,0.04285714285714293,0.07860429447852768,0.072316384180791,0.045454545454545414,-0.04506340579710144
2006-04-02,0.04738238168365205,0.03195048511207754,0.02815013404825728,0.08408577878103829,0.06233559978162684,0.10203609440074035,0.07150480256136604,0.07150480256136604,0.0714285714285714,0.05797101449275366,-0.8258754863813229,19.285714285714285,-1.3670091324200913,-0.2920673076923077,-0.4957912457912458,0.08791208791208804,0.058647516457211335,0.09896432681242806,0.05189620758483038,0.04022988505747138,-0.016483516483516536,0.041095890410958846,0.014219694276573103,0.04214963119072701,0.05434782608695654,-0.048079203225041556
2006-07-02,0.25714438046491783,0.5515480628951208,0.5161730924442789,0.44442998438313386,0.06222845129642618,0.17835397858492552,0.14641434262948216,0.14641434262948216,0.1333333333333333,0.15068493150684925,7.30167597765363,2.943661971830986,5.959564541213064,-1.6434634974533107,0.6327212020033388,0.07897153351698805,0.05031091011871114,0.032460732984293195,0.061353573687539464,0.027624309392265234,-0.01933820369574557,0.03947368421052633,-0.15509989484752895,0.029322548028311468,0.0,0.07411097963505009
2006-10-01,-0.0005301327452393867,-0.012380504623099808,-0.07665533761926213,-0.011712766915938366,0.08123323217662848,0.17389755011135866,0.34491746307558646,0.34491746307558646,0.3411764705882352,0.3452380952380951,0.0053835800807537915,-0.9980357142857142,-1.318435754189944,-0.712401055408971,0.11145194274028625,-0.008510638297872353,0.12378902045209905,0.12271805273833691,0.07985697258641244,-0.06720430107526887,-0.10122699386503065,0.03797468354430378,0.08193320887782618,0.07072691552062871,0.05154639175257736,-0.0006377920797818737
2006-12-31,0.02388984363397184,0.011477837723474105,-0.047407867311188956,0.19081046585832806,0.08928571428571419,0.05077028155118768,0.025193798449612448,0.025193798449612448,0.026315789473684292,0.017699115044247815,0.1298527443105757,65.9090909090909,-0.35789473684210527,0.5229357798165137,0.15271389144434222,0.2188841201716738,0.061302681992337016,0.061427280939476026,0.07781456953642385,0.12968299711815545,0.020965382740126826,0.03658536585365857,0.0638420245398772,0.015596330275229331,0.03921568627450989,-0.15061499187746585
2007-04-01,0.0896827534760356,0.06515714061601208,0.1277932960893855,0.2694839993875364,0.059113484446768005,0.10963455149501655,0.2885948330182735,0.2885948330182735,0.28205128205128216,0.26956521739130435,1.3619668246445498,4.922554347826087,-1.6612021857923498,0.5120481927710843,0.20031923383878691,0.3049295774647889,0.1155234657039712,0.10468085106382974,0.055299539170506895,0.20918367346938793,0.14899713467048703,0.03529411764705892,-0.02811317354478271,0.06684733514001806,0.037735849056603765,-0.16092896174863391
2007-07-01,0.06549147127617094,0.1090382443909863,0.02939112487100104,-0.19400554818477866,0.09632607009378735,0.08051288726894046,0.10709046454767734,0.10709046454767734,0.09999999999999987,0.1095890410958904,-0.6368196639077,-0.669419591649461,-0.2925619834710744,1.0318725099601593,0.33909574468085113,0.20010793308148944,0.08697411003236244,0.12480739599383672,0.09461426491994174,0.1371308016877637,0.009143807148794814,0.03409090909090917,0.02892638605599851,0.06858594411515684,0.05454545454545445,0.37593617714099636
2007-09-30,0.049151362638539364,0.017662682602921587,0.00469182339495533,-0.031275720164609,0.08480735833279729,0.04029877718209751,0.039752650176678506,0.039752650176678506,0.036363636363636376,0.03703703703703698,0.33770718232044206,0.4892435808466342,-0.4112149532710281,-0.7823529411764706,0.055114200595829166,0.205953772821297,0.023818384815779803,0.047945205479452024,0.08244680851063846,0.10204081632653073,0.030477759472817167,0.03296703296703285,0.034060191025410136,0.036450079239302546,0.008620689655172376,0.05052656490356178
2007-12-30,-0.006175044654248563,-0.01927008569315758,-0.12995928793805378,-0.041862979840889825,0.0857668020515252,-0.017602779386218903,0.04715378079864063,0.04715378079864063,0.040935672514619936,0.04761904761904767,0.22457408363448628,-0.8000931966449207,-10.23015873015873,-4.243243243243244,-0.16941176470588237,0.06920724886270424,0.022537259178480484,0.056862745098039236,0.07944307944307938,-0.011784511784511786,-0.0303756994404476,0.03191489361702127,0.0925409550365981,0.05428134556574915,0.0,0.023597657129984073
2008-03-30,0.035585909417685135,0.052204382152044815,-0.08014496742820443,-0.028778718258766656,0.10446701616426379,0.042319933985618396,0.13184584178498993,0.13184584178498993,0.12921348314606718,0.125,0.42495784148397986,-0.3543123543123543,0.17583834909716245,-2.2444444444444445,0.2538243626062322,-0.16858478063751137,-0.010664770707429772,0.045145330859616584,0.10166919575113798,-0.2299829642248723,-0.2464962901896125,0.030927835051546504,0.0665177859307704,0.044960116026105945,0.0,0.08335625859697404
2008-06-29,0.0613378291267912,0.15002318425157024,0.032317590145130026,0.06432602921646757,0.07572311495673678,0.03760461434064699,-0.011469534050179253,-0.011469534050179253,-0.01492537313432829,-0.010101010101010055,-0.2701183431952663,0.4296028880866427,-0.9451553930530164,3.296875,0.8698599186624492,-0.049748322147651014,-0.03449514911965501,0.014201183431952646,0.07541322314049581,-0.13716814159292035,-0.1198030634573305,0.030000000000000027,0.013460963206700649,0.02359472588480216,-0.008547008547008517,0.08054850177755202
2008-09-28,0.0011835793932597483,0.020123158126237106,-0.08725059181602979,-0.07689308274194806,0.04325144209776388,-0.008392827947027115,-0.023567802755619982,-0.023567802755619982,-0.025252525252525304,-0.025510204081632626,-0.06566680178354278,0.6944444444444444,0.14666666666666672,-0.38441558441558443,0.2863702271628805,-0.18063035225567226,-0.03982136211388165,0.009918319719953272,0.042587255843740124,-0.2384615384615384,-0.2181479179614667,0.029126213592232997,0.042060212514758,0.019661016949152677,-0.008620689655172376,0.10509494265839425
2008-12-28,0.0030954454952711874,-0.09956523301354603,-0.02842322553326626,-0.056433217876151076,0.01621323934354013,-0.11255839516350641,-0.1121425919049387,-0.1121425919049387,-0.10880829015544036,-0.10994764397905754,0.37440347071583524,6.669150521609538,-0.9186046511627907,-3.1552742616033753,-0.4798046214540672,-0.32119383687102687,-0.06085271317829466,-0.030618139803581745,0.012592137592137398,-0.35016835016835024,-0.3418124006359301,0.028301886792452935,0.013170938960487266,0.00465425531914887,-0.03478260869565197,-0.04572133378700238
2009-03-29,0.04228759284817096,0.11121308858739032,0.014164305949008416,-0.05022831050228316,0.053478138345147475,-0.03461943395057909,0.08866583019657037,0.08866583019657037,0.08139534883720945,0.09411764705882364,-0.02430555555555558,-0.9168286047415468,-11.142857142857142,-2.086922474549726,1.0025279884434815,-0.07301587301587309,-0.0610813041683862,-0.042908224076281365,0.052471944191689435,-0.08290155440414504,-0.06521739130434778,0.02752293577981657,0.010623427453172907,0.012574454003970725,-0.05405405405405406,0.1699870749208896
2009-06-28,0.03506709911625561,0.018350271124358164,-0.07643962183068331,-0.03685897435897434,0.07716366928680185,-0.11502437772645624,-0.07645024971187087,-0.07645024971187087,-0.07526881720430112,-0.08602150537634412,-0.5480427046263345,1.116822429906542,-0.21126760563380287,-0.7204610951008645,0.13994589720468897,0.2541095890410958,-0.07824175824175827,-0.0535491905354919,0.07579250720461084,0.192090395480226,0.2739018087855296,0.02678571428571419,0.04066390041493784,0.03529411764705892,-0.08571428571428574,0.05733114928955074
2009-09-27,0.0069569217058831345,0.013188518231187052,-0.10829988948990865,-0.20485465400802583,0.04483456865591817,-0.05610728524827835,-0.1376871880199667,-0.1376871880199667,-0.13953488372093026,-0.14117647058823535,0.42448103078024335,-0.4039735099337748,-3.7857142857142856,0.4291237113402062,0.17544692295522868,0.16753140360458785,-0.10443490701001434,-0.08157894736842097,0.041253683364586013,0.08530805687203791,0.20993914807302239,0.026086956521739202,0.0376129718234981,0.02146464646464641,-0.10416666666666663,0.2742109814094251
2009-12-27,0.06460638070087787,-0.1415494918557706,0.11806144413280273,-0.0018463810930575697,0.04965718987110335,0.054296904999616036,0.12349252291365165,0.12349252291365165,0.11486486486486491,0.12328767123287676,0.5035175879396985,15.283333333333335,-2.9871794871794872,-5.730387736699729,-0.7060565275908479,0.21974038124195983,-0.0591054313099042,-0.04226361031518622,0.04244918960638033,0.17030567685589526,0.3009220452640402,0.025423728813559254,-0.013961829127705827,0.03584672435105074,-0.06976744186046502,-0.13996098057511241
2010-03-28,0.027165095667797345,0.022542063652949418,0.03202846975088969,0.10223208780367488,0.025726777098465492,0.04326923076923084,0.0356376127093172,0.0356376127093172,0.030303030303030276,0.030487804878048808,-0.09124331550802134,-0.5997952917093142,-1.05,-0.7979412886008388,-0.4853479853479854,0.08734419942473637,-0.06564799094510465,-0.051608077786088336,0.021964461994076867,0.04477611940298498,0.09729381443298979,0.024793388429751984,-0.0014289425824889346,0.0023866348448688957,-0.0625,-0.07229509813591084
2010-06-27,0.030480243319801037,0.05360612188255809,-0.015093273035613364,-0.04598344148579103,0.044117647058823595,0.010194106968300476,-0.02570480928689889,-0.02570480928689889,-0.02941176470588236,-0.029585798816568087,-0.31592497241632955,-0.9229894856493321,-7.387096774193548,-2.6415094339622645,1.5480427046263343,0.04867295652940662,-0.04482132041187148,-0.037066246056782326,0.04395073653706838,0.025000000000000133,0.07633587786259532,0.024193548387096753,0.013269155717444914,-0.017857142857142905,-0.013333333333333308,0.1043660075129349
2010-09-26,0.036533150920929236,0.09129567606216837,-0.025770533203237078,-0.012431101207927786,0.05430504505090594,0.04236936687862869,0.06808510638297882,0.06808510638297882,0.06666666666666665,0.06707317073170738,-0.24569892473118282,-0.24354243542435428,-1.6313131313131313,-0.28620689655172415,0.43365921787709505,-0.021525266963760226,0.0038046924540264815,0.008190008190008147,0.051353226925746176,-0.06271777003484325,-0.012547735951991101,0.023622047244094446,0.017075362690974316,0.010303030303030258,0.0,0.10506048839970483
2011-01-02,0.04536455405372375,0.12248698230973476,0.025627430187345368,0.0288564303526897,0.05048978017740069,0.0545056693853192,0.021912350597609542,0.021912350597609542,0.022727272727272707,0.017142857142857126,1.8916607270135426,1.3804878048780487,-5.536,2.318840579710145,1.0038967364831954,0.16997507948784052,-0.01895135818066962,-0.009748172217709183,0.04444444444444429,0.11524163568773238,0.11933701657458573,0.023076923076922995,0.004922999242615411,-0.012597480503899194,0.0,0.09097772744431842
2011-04-03,0.047008347167340814,0.12150164357469806,0.029007984375897466,0.0872576177285318,0.051646157009016314,0.053197509903791795,0.05653021442495132,0.05653021442495132,0.04999999999999982,0.050561797752809,-0.2457480897214691,-0.2520491803278688,-0.12522045855379194,-0.18437651625424556,0.40860476421973746,0.05751009915534322,-0.018673535093367555,-0.009844134536505234,0.04866231303981472,0.010000000000000009,0.03603158933859807,0.022556390977443552,0.0043964326089687145,-0.010328068043742422,0.0,0.03151450625499086
2011-07-03,0.04624884154579667,0.09475154769079053,0.04393212012950776,0.07314225053078549,0.04677790965579831,0.00023882022807342196,0.05535055350553497,0.05535055350553497,0.05291005291005302,0.053475935828877,-0.3849673202614379,0.20273972602739732,-0.780241935483871,-0.5336109458655562,0.13528904227782568,0.06403667175996675,-0.0006561679790026975,0.005799502899751285,0.045600642828445004,0.01650165016501659,0.03668413530252512,0.022058823529411686,0.0005002501250626068,0.013505217925107393,0.0,0.020126954636940697
2011-10-02,0.05348929040245043,-0.20200175153259103,0.13047430618683498,0.04669106736571371,0.034309344360701655,0.06822658628305378,0.030419580419580372,0.030419580419580372,0.03015075376884413,0.030456852791878042,-0.12221041445270986,28.261958997722097,1.3027522935779818,-8.147321428571429,-0.8517251861985105,0.011814621409921733,-0.003939592908732692,-0.00658978583196046,0.0330451488952932,-0.032467532467532534,-0.03354779411764708,0.021582733812949728,-0.018125000000000058,-0.0024227740763173022,-0.013513513513513487,-0.23759295796023672
2012-01-01,0.033075684053772036,0.058321836197165355,-0.01721772858426751,-0.04148946224364425,0.046751873299199165,0.015198927134555174,0.04275534441805218,0.04275534441805218,0.039024390243902474,0.039408866995073843,0.8426150121065374,-0.8613576210493539,-0.17928286852589637,-1.1268849826001606,0.7288569964120963,0.028514289400684012,0.0013183915622940745,0.0008291873963515162,0.03979914450437039,-0.003355704697986517,-0.00903471231573949,0.021126760563380254,0.013239974538510557,0.011536126290224491,-0.013698630136986356,0.10411067980491695
2012-04-01,0.03539979211202415,0.12165205024887404,0.05597535736631842,0.05590613291264046,0.030124935314556067,0.06390356671070019,0.09371949235274979,0.09371949235274979,0.08450704225352124,0.09004739336492884,0.25,-0.5339696799550815,1.2718446601941746,1.5414908579465543,1.0714497479988143,0.07112839490685574,0.015799868334430478,0.014084507042253502,0.029153997495975803,0.026936026936026813,0.026871401151631336,0.020689655172413834,-0.005151400929765182,0.018607442977190747,0.0,0.062291535202379844
2012-07-01,0.048177823237489203,-0.08093401658830368,0.09010938924339107,0.14557848538612372,0.037209803006925224,0.019038750064669596,0.016661707825052163,0.016661707825052163,0.017316017316017396,0.013043478260869712,0.05151116951379753,10.081927710843374,-0.33119658119658124,-2.399003873824018,-0.7236295978245313,-0.016689114013000106,0.008425145819831448,0.0032679738562091387,0.03684393465415359,-0.042622950819672045,-0.06682242990654208,0.020270270270270396,-0.010482445061884227,0.004124926340601132,0.0,-0.19772572980312297
2012-09-30,0.06716060537610113,0.04127148358912458,0.1435798804197852,-0.09952722530159763,0.04611499342697023,-0.019901507843834043,-0.026338893766461813,-0.026338893766461813,-0.025531914893617058,-0.025751072961373467,-0.554111472131967,-0.33855185909980434,12.415335463258787,-1.0005933544303798,0.0015535991714137332,-0.04871367317770359,-0.010282776349614386,-0.016286644951140072,0.04475360375460946,-0.08219178082191769,-0.08813219829744612,0.019867549668874274,-0.019655392469687283,0.011150234741784004,-0.02777777777777779,0.1563359424582187
2012-12-30,0.41310495478714393,0.43930444383107914,1.4859785748235894,0.43170091427536894,0.04715764410198742,0.0583786583786583,0.01593026750826576,0.01593026750826576,0.013100436681222627,0.013215859030836885,1.1989910313901344,4.252301117685733,6.358656823053108,965.3333333333334,1.498965873836608,0.09628145736822336,-0.016233766233766267,-0.10927152317880795,0.04059040590405916,0.04850746268656714,0.06754530477759468,0.01948051948051943,-0.2589506574664757,-0.006384213580963527,-0.09999999999999998,0.005305525064032146
2013-03-31,0.01234878579260501,-0.025773788977102696,0.042974380092360986,0.08219524532119382,0.02988578346228743,0.1914643696162881,0.22544378698224854,0.22544378698224854,0.21982758620689657,0.22608695652173916,0.2431812388478205,-0.8053825692379909,-1.0157610278649793,-1.7005864091065885,-0.42023587833643694,0.07526267702147105,0.017161716171617103,-0.06040892193308556,0.03083564600678379,0.03202846975088969,0.052983539094650034,0.019108280254777066,0.017217146872803735,-0.005257009345794317,-0.0634920634920636,-0.09975735517136775
2013-06-30,-0.0032552083333333703,0.008621707806779177,-0.06452704608268933,0.03295162421126441,0.04094691007216311,-0.02768649359185016,0.05263157894736836,0.05263157894736836,0.053003533568904526,0.049645390070921946,0.05392659421775692,-0.9437208554429972,8.609856262833675,-1.0640078778926636,0.0456816559600286,0.08072225172596914,0.024659312134977407,-0.03363006923837786,0.04666467244989536,0.048275862068965614,0.022960429897410872,0.018749999999999822,0.04438687392055285,0.017615971814445075,-0.05084745762711851,-0.02355041946026082
2013-09-29,0.02018882489163354,0.023809523809523725,0.0013566475731081606,-0.1131221719457014,0.032305577376276595,-0.0021123785382340943,-0.02752293577981646,-0.02752293577981646,-0.02348993288590595,-0.023648648648648574,-0.6167315175097277,4.857142857142857,-0.9017094017094017,-2.8461538461538463,-0.08191126279863481,0.18127764127764112,0.021532615579480607,-0.023541453428863823,0.03429551300371525,0.13157894736842102,0.10936007640878698,0.01840490797546024,0.011906730610219851,0.010386612810155738,-0.0357142857142857,0.1544061831481609
2013-12-29,0.06699260811361385,0.018871521158978277,0.09483667017913588,0.0025510204081633514,0.04965281080566908,-0.0021168501270110163,0.021226415094339535,0.021226415094339535,0.02405498281786933,0.02422145328719716,2.6243654822335025,2.731707317073171,-3.391304347826087,-3.8333333333333335,0.25278810408921926,0.03373684429468793,0.01983880967141971,0.03354297693920327,0.04973749654600734,-0.0029069767441859407,-0.0249677141627207,0.01807228915662651,-0.016179114234352032,0.02398629354654469,0.0185185185185186,0.016259676599814865
2014-03-30,0.013855553131136844,0.030308699719363785,-0.01374948439433521,0.022900763358778553,0.031807884005437215,0.07339838778107755,0.11778290993071594,0.11778290993071594,0.1174496644295302,0.1182432432432432,-0.35994397759103647,-0.6875816993464052,-2.809090909090909,-0.6470588235294117,0.07121661721068251,0.04253521126760562,0.0018237082066869803,0.016227180527383478,0.0351408265332982,-0.005830903790087438,-0.016335540838852025,0.01775147928994092,0.017607973421926992,0.030674846625766916,-0.018181818181818188,0.007264492220816932
2014-06-29,0.04783170128053382,0.040493916833121535,0.06803290115711702,0.060323383084577076,0.03539434393114349,-0.0007905138339920903,-0.0020661157024793875,-0.0020661157024793875,0.0,0.0,0.04157549234135671,1.8493723849372383,-2.0753768844221105,-0.5,0.0332409972299168,-0.009727100783571974,-0.010315533980582603,-0.009980039920159722,0.044755244755244616,-0.04398826979472148,-0.04982046678635543,0.01744186046511631,-0.011916421808684463,0.009740259740259827,-0.01851851851851849,-0.018716421396869798
2014-09-28,0.0044672657252888825,0.021815008726003393,0.03184962798590263,0.14780058651026384,-0.013317499363813767,-0.002373417721519,-0.0331262939958592,-0.0331262939958592,-0.021021021021021102,-0.02114803625377637,-0.4432773109243697,-0.8722466960352423,-1.5093457943925235,1.5833333333333335,0.08310991957104563,-0.04915221204443587,-0.0012262415695892814,-0.009072580645161255,-0.006815139345259902,-0.08895705521472386,-0.07605101558809646,0.017142857142857126,-0.017677184867007978,0.006966773847802976,-0.018867924528301883,-0.10976879816704854
2014-12-28,0.004549637051426192,0.02510674637062338,-0.00847564832384562,0.21410321921308118,0.013325309491059256,-0.02498017446471057,-0.047109207708779466,-0.047109207708779466,-0.039877300613496924,-0.040123456790123524,0.8905660377358491,0.11494252873563227,2.229357798165138,-0.16129032258064513,0.06435643564356441,-0.05685824383045013,-0.009821976672805377,-0.010172939979654183,0.018747702487440288,-0.05050505050505061,-0.08231083844580778,0.016853932584269593,0.008745375042044978,-0.0037253858435338794,0.0,-0.15565880072197336
2015-03-29,-0.011348023001373941,-0.004998333888703743,0.08076039806072988,0.18981481481481488,-0.07279205904810382,0.015046766978446424,-0.696629213483146,-0.696629213483146,-0.6900958466453674,-0.6945337620578778,-0.08183632734530943,0.48453608247422686,-0.32386363636363635,0.6923076923076923,0.10232558139534875,-0.06741426522362759,-0.17792932424054564,-0.1952723535457349,-0.04907385133509745,-0.0851063829787233,-0.07855153203342624,0.016574585635359185,-0.062187395798599554,-0.18322649572649574,-0.019230769230769273,-0.16373065199319115
2015-06-28,0.04910438542310058,0.09996651038178173,0.07826702868610558,-0.2232048107534489,0.026534907127825136,-0.033653846153846145,1.9555555555555557,1.9555555555555557,1.9793814432989691,2.0210526315789474,-0.0304347826086957,1.6319444444444446,-3.004201680672269,12.227272727272727,1.2278481012658227,-0.016172632363907535,-0.04298642533936636,-0.06513409961685812,0.032001011889704056,0.0348837209302324,0.2031438935912937,0.016304347826086918,-0.021511111111111147,-0.04381948986265538,-0.019607843137254943,0.41600000000000015
2015-09-27,-0.009469139436757978,-0.06347998173237934,-0.04926647689949637,-0.08333333333333337,0.02290756751938683,-0.051824212271973424,-0.14035087719298245,-0.14035087719298245,-0.1384083044982699,-0.13588850174216027,-0.41255605381165916,-0.09234828496042213,-1.6771488469601676,-1.7285223367697595,-0.4015151515151515,-0.008764034298166634,-0.0827423167848701,-0.09289617486338797,0.02230665522735631,-0.041198501872659166,0.033668341708542826,0.016042780748662944,0.03270348837209314,-0.06361149110807118,-0.040000000000000036,0.021662822184334463
