Quarter end,Assets,Current Assets,Liabilities,Current Liabilities,Shareholders equity,Revenue,Earnings,Earnings available for common stockholders,EPS basic,EPS diluted,Cash from operating activities,Cash from investing activities,Cash from financing activities,Cash change during period,Cash at end of period,Price,ROE,ROA,Book value of equity per share,P/B ratio,P/E ratio,Cumulative dividends per share,Equity to assets ratio,Net margin,Asset turnover,Current ratio
1993-12-31,0.01647048750935598,0.06251664815475633,0.01277538418351587,-0.2246299397391549,0.024511461563634596,-0.28758073046265686,-0.4355942588223025,-0.4355942588223025,-0.43617021276595735,-0.35365853658536583,-1.6181709107916349,0.5537857254648539,-3.5238923362712935,-1.6046870104191804,5.922802901023891,-0.09135499693439597,-0.031906614785992216,-0.005221932114882422,0.02089268755935425,-0.10638297872340419,0.04676616915422871,inf,0.00794155019059728,-0.0060975609756097615,0.0,0.37041823308270705
1994-03-31,0.01647048750935598,0.06251664815475633,0.01277538418351587,-0.2246299397391549,0.024511461563634596,-0.28758073046265686,-0.4355942588223025,-0.4355942588223025,-0.43617021276595735,-0.35365853658536583,-1.6181709107916349,0.5537857254648539,-3.5238923362712935,-1.6046870104191804,5.922802901023891,-0.09135499693439597,-0.031906614785992216,-0.005221932114882422,0.02089268755935425,-0.10638297872340419,0.04676616915422871,inf,0.00794155019059728,-0.0060975609756097615,0.0,0.37041823308270705
1994-06-30,0.010424034003716054,-0.00698034286795457,0.01547585671957119,0.2846321677086978,-0.0004433869745379404,-0.28758073046265686,-0.4355942588223025,-0.4355942588223025,-0.43617021276595735,-0.35365853658536583,-1.6181709107916349,0.5537857254648539,-3.5238923362712935,-1.6046870104191804,-0.5173398738526103,-0.08434547908232115,-0.031906614785992216,-0.005221932114882422,-0.0009302325581395099,-0.10638297872340419,0.04676616915422871,1.0,-0.010715411282697818,-0.0060975609756097615,0.0,-0.22700385769395637
1994-09-30,-0.007185986454588678,-0.16138451488220806,-0.015263678791251123,-0.09921879122483868,0.010467394889505544,0.0755755603064232,0.4411055934095547,0.4411055934095547,0.4339622641509433,-0.35365853658536583,-2.055509051438664,-0.2735579000724584,-1.5704412463264272,-0.4495110126386258,-0.5900423255427948,-0.032424465733234986,-0.031906614785992216,-0.005221932114882422,0.010242085661080091,-0.031746031746031744,0.04676616915422871,0.5,0.017840076457470433,-0.0060975609756097615,0.0,-0.06898081401796596
1994-12-31,0.005491171343828816,0.012625174560747965,0.008161707176603139,0.0038322240590922263,-0.00019652833820038573,0.06773281860919744,-0.2956276912885061,-0.2956276912885061,-0.2763157894736842,-0.35365853658536583,0.09852805967938028,0.22141860340293062,-0.231402513421181,-0.7744898621599983,0.05682295965242856,-0.007616146230007725,-0.031906614785992216,-0.005221932114882422,0.0,-0.016393442622950838,0.04676616915422871,0.33333333333333326,-0.005633802816901512,-0.0060975609756097615,0.0,0.008695652173912993
1995-03-31,0.002859588549442904,-0.07087771988672509,-0.0028623723103944343,-0.18227485456703285,0.015148083274353796,0.14011104095273708,0.6124633086322369,0.6124633086322369,0.5818181818181818,-0.35365853658536583,0.38652820556554923,-0.3969092740089719,0.8697738285637182,-4.035599481840427,0.9322930480653051,0.07214121258633921,-0.031906614785992216,-0.005221932114882422,0.015668202764977046,0.07500000000000018,0.04676616915422871,0.25,0.01227573182247399,-0.0060975609756097615,0.0,0.1362777515351914
1995-06-30,0.012939983877360506,0.1780157949162,0.020961744471243327,0.16892100467685234,-0.003981919352268992,-0.20612974629661163,-0.4794394897268006,-0.4794394897268006,-0.48275862068965514,-0.35365853658536583,-1.2140266056358175,0.6941811535682407,-1.7964129558093136,-1.8442572426546127,-0.40733736474069104,0.020758768790264837,-0.03456591639871376,-0.005221932114882422,-0.004537205081669549,0.0,0.04676616915422871,0.19999999999999996,-0.01679104477611948,-0.036809815950920255,0.0,0.007690708792350787
1995-09-30,0.0012601439378803203,-0.015933154402903882,-0.0028629779362532304,-0.07072810240741478,0.010175689626662265,0.12292893352117429,0.6877840729395392,0.6877840729395392,0.6888888888888889,-0.35365853658536583,-4.326854958362851,-0.3136520520549222,-1.8453555495146872,-0.7957204635228485,-0.14040144107050956,-0.009116409537166859,-0.005828476269775118,-0.005221932114882422,0.010027347310847645,0.0,0.02186311787072248,0.16666666666666652,0.008855154965212053,-0.020928116469517755,0.0,0.05899339933993386
1995-12-31,0.009871564158786095,0.03620108456690607,0.012756687011337142,0.07811510469306349,0.0037135030121864254,0.1188261076447763,-0.18470730584317552,-0.18470730584317552,-0.17105263157894735,-0.35365853658536583,-0.10471811066647385,0.3214934725848564,-0.4225463120594207,-1.8637280058651027,0.14107591905161065,0.05095541401273884,0.025963149078726877,0.023622047244094446,0.004512635379061436,0.03875968992248069,0.050232558139534866,0.14285714285714302,-0.005956112852664619,-0.0018587360594796154,0.028571428571428692,-0.038858589793533294
1996-03-31,0.030497735221841404,0.25681545674509443,0.039374247910522575,0.2872835904656157,0.01138083748183183,0.11761351452049018,0.27463521624354814,0.27463521624354814,0.25396825396825395,-0.35365853658536583,0.5716077611257089,-0.4146428204500012,-0.5525097452583995,48.899098143236074,6.169231172851652,-0.03367003367003363,-0.033469387755102,-0.04102564102564099,0.010781671159029615,-0.03731343283582089,-0.062001771479185064,0.125,-0.01860611794386635,-0.056797020484171235,0.0277777777777779,-0.023710608977606573
1996-06-30,-0.04248095619986725,-0.18052191398930584,-0.06187171398872959,-0.04744025725681533,0.00043581609287235423,-0.28400424058116114,-0.30687672587891024,-0.30687672587891024,-0.30379746835443033,-0.35365853658536583,-1.1552602948609219,-0.018962560924568272,1.7263466113585069,-2.01538383028669,-0.8998613072976513,-0.07665505226480829,0.03040540540540526,0.03743315508021383,0.001777777777777656,-0.0852713178294574,-0.04815864022662886,0.11111111111111116,0.04498714652956304,0.035538005923000826,0.0,-0.1396990140114167
1996-09-30,0.005603177114801516,-0.05050331827561205,0.016477447791533928,0.02944835688211822,-0.01696546391471887,-0.0014484703853305803,0.15828241835020584,0.15828241835020584,0.16363636363636358,-0.35365853658536583,-5.188985139409991,-1.7602752451402028,-0.2547960530731882,-1.8365624227803674,7.299365966854866,0.009811320754717023,-0.04590163934426228,-0.046391752577319645,0.007985803016858917,0.008474576271186418,-0.02777777777777768,0.10000000000000009,-0.022447724477244746,-0.02192564346997139,-0.027027027027027084,-0.07757268669320794
1996-12-31,-0.007220706687732892,0.06269740696634596,0.006862970657477208,0.1396780882433839,-0.037444593102974544,0.12868555733055853,-0.1842485224567325,-0.1842485224567325,-0.171875,-0.35365853658536583,-0.14982207421294458,0.572556047317784,3.4217394176319758,-1.4388453191217736,-0.3859683498599785,0.034379671150971625,-0.029209621993127155,-0.035135135135135,-0.010563380281690127,0.025210084033613578,0.08265306122448957,0.09090909090909083,-0.030512739855300564,-0.013645224171539905,-0.02777777777777779,-0.06761705466910795
1997-03-31,0.0005182872271314309,0.001884028934041826,0.00344026887744886,0.013057573303860037,-0.006040995594132292,0.15072481864589826,0.09748979318916629,0.09748979318916629,0.13207547169811318,-0.35365853658536583,0.48194195915606053,-2.1512716766332654,-0.5898234373026554,-1.4099296686497864,0.2576738149105604,0.0007225433526012459,-0.07522123893805321,-0.07843137254901966,-0.006227758007117501,0.008196721311475308,0.04052780395852973,0.08333333333333326,-0.006489292667099078,-0.06818181818181823,0.0,-0.011081498106326304
1997-06-30,0.019107783469464623,0.02260444903551817,0.030420755574048552,-0.005374783586563181,-0.006529891793121578,-0.2364419653782397,-0.34415900913170006,-0.34415900913170006,-0.35,-0.35365853658536583,-1.4790277475279872,1.4904214367844824,-2.5762128802201114,-5.13301143795397,-0.8467766535811317,-0.10902527075812274,-0.06124401913875588,-0.08206686930091178,-0.006266786034019756,-0.10569105691056901,-0.03623188405797084,0.07692307692307687,-0.025146962769431846,-0.07529162248144217,0.0,0.02822695035460998
1997-09-30,0.0033929594352335446,-0.009398241462718948,0.0005984416714415186,0.011842961972301946,0.009961495582219815,0.18527119125802027,0.923518289817375,0.923518289817375,0.9487179487179487,-0.35365853658536583,-2.742290652757469,-0.5366720264012093,-1.449590599543757,-1.1149978284509954,0.6373311502251331,0.017828200972447306,0.049949031600407645,0.0331125827814569,0.00990990990991003,0.027272727272727115,0.09304511278195493,0.0714285714285714,0.006365159128978171,-0.0011467889908257645,0.028571428571428692,-0.020968409435784263
1997-12-31,0.03680804345313771,0.13206262763784893,0.05162302800033047,0.3657004830917874,0.002308136180034559,0.11386734693877543,-0.13075568181818187,-0.13075568181818187,-0.13157894736842102,-0.35365853658536583,-0.33820597451779855,1.96779616222797,-2.696000149509655,-1.1463828790584654,-0.05681818181818177,0.12579617834394896,0.04854368932038833,0.03525641025641035,0.001784121320249632,0.1150442477876108,0.06620808254514188,0.06666666666666687,-0.03328894806924099,0.009184845005740572,0.0277777777777779,-0.17105819360293073
1998-03-31,-0.009976035222649449,-0.07877330126277815,-0.01798617656299084,-0.10718075698620444,0.00959508731529457,0.08843521835121249,0.2484720924000079,0.2484720924000079,0.2424242424242422,-0.35365853658536583,0.8485804416403786,-0.8890510948905109,-2.421487603305785,0.19999999999999996,-0.07228915662650603,0.2065063649222063,0.08796296296296302,0.07739938080495334,0.00979519145146912,0.20634920634920628,0.14193548387096766,0.0625,0.019972451790633672,0.06370875995449365,0.0,0.031786503484616535
1998-06-30,0.011427606394956102,0.164490861618799,0.017035911381268587,0.05110935023771801,-0.0019007793195210398,-0.18095739084692264,-0.3612565445026178,-0.3612565445026178,-0.35365853658536583,-0.35365853658536583,-1.0853242320819112,1.6052631578947367,-1.554263565891473,-7.333333333333333,0.49350649350649345,0.0205158264947245,0.04425531914893632,0.04022988505747138,-0.0017636684303350414,0.013157894736842035,-0.06497175141242939,0.05882352941176472,-0.013166779203241052,0.013903743315508033,0.027027027027026973,0.10774299835255352
1998-09-30,-0.0005565759447876406,0.043161434977578406,0.0036174897766594327,0.0158311345646438,-0.010664635307560455,-0.08477842003853564,0.47540983606557385,0.47540983606557385,0.47169811320754707,0.47169811320754707,-9.1,-0.14646464646464652,-1.9545454545454546,-1.973684210526316,-0.32173913043478264,0.03388856978747845,0.006519967400163029,-0.002762430939226568,0.005300353356890497,0.032467532467532534,-0.01812688821752273,0.05555555555555536,-0.010263427984946949,0.02742616033755274,-0.02631578947368418,0.026918500892326058
1998-12-31,0.002227543576321267,-0.11123052122514776,0.0107349945149664,-0.0879406307977737,-0.018671799807507217,-0.2645614035087719,-0.1611111111111111,-0.1611111111111111,-0.16666666666666663,-0.16666666666666663,0.18765432098765422,0.5917159763313609,-0.4505494505494505,-2.6756756756756754,0.7948717948717949,0.10666666666666669,0.0024291497975708065,-0.005540166204986097,0.0035149384885764245,0.10062893081761004,0.09846153846153838,0.052631578947368585,-0.020739716557207077,0.11498973305954818,-0.108108108108108,-0.025488776249094736
1999-03-31,-0.019280991276323878,-0.17291414752116085,-0.004263896426079494,-0.26932465419039875,-0.05727736367202829,0.7127862595419847,0.24503311258278138,0.24503311258278138,0.3076923076923077,0.3076923076923077,0.27650727650727647,-0.6245353159851301,2.8933333333333335,-2.145161290322581,-0.5071428571428571,-0.03514056224899609,0.017770597738287597,-0.002785515320334331,-0.042031523642732105,-0.040000000000000036,-0.031512605042016806,0.04999999999999982,-0.03882809742322635,0.012891344383057168,0.0,0.13196611680784653
1999-06-30,0.04628895184135984,0.2850877192982457,0.12542821550918726,0.5389755011135857,-0.16521015397419891,-0.19999999999999996,-4.23936170212766,-4.23936170212766,-4.258823529411765,-4.258823529411765,-1.017915309446254,6.6138613861386135,-2.3493150684931505,-1.1126760563380282,0.11594202898550732,0.042663891779396446,-1.1492063492063491,-1.1396648044692737,-0.16361974405850088,0.08928571428571441,0.03109182935647148,0.04761904761904767,-0.2019831068674256,0.0,-0.030303030303030276,-0.16502560063016936
1999-09-30,0.006660529593328635,0.10921501706484649,0.005257696298858416,0.30607814761215635,0.01171485543369899,0.11838440111420612,-1.3399014778325122,-1.3399014778325122,-1.3429602888086642,-1.3429602888086642,-33.0,-0.6007802340702211,-1.0482233502538072,-0.125,0.09090909090909083,-0.013473053892215536,-0.25531914893617025,-0.30000000000000004,0.014207650273224015,0.180327868852459,0.0,0.045454545454545414,0.0046019328117810065,0.0,0.0,-0.15062893081761008
1999-12-31,0.022861753630984305,0.0476923076923077,0.03358337347739315,0.15706371191135737,-0.01552106430155209,0.033623910336239016,-0.35748792270531404,-0.35748792270531404,-0.368421052631579,-0.368421052631579,-0.21306818181818177,0.4820846905537459,-10.31578947368421,24.142857142857142,2.0833333333333335,-0.08952959028831564,0.3714285714285712,0.2571428571428571,-0.005387931034482651,-0.10185185185185197,0.0,0.04347826086956519,-0.037562986715529045,0.0,0.09375,-0.09459459459459463
2000-03-31,-0.002471732842492802,-0.09544787077826722,-0.015180771023370343,-0.13837682547282737,0.04529529529529519,0.15903614457831328,1.030075187969925,1.030075187969925,1.0833333333333335,1.0833333333333335,1.7689530685920576,-0.5186813186813186,-2.937853107344633,-1.7840909090909092,-0.5328185328185329,-0.14277777777777778,-1.0104166666666667,-1.0227272727272727,0.0455037919826653,-0.13917525773195882,0.0,0.04166666666666652,0.04807234650166592,-0.9981818181818182,0.0,0.04988754855857702
2000-06-30,0.03500632644453816,0.05627705627705626,0.04854303292542772,-0.14226173937204778,-0.012927938711994269,-0.20945945945945943,-0.4740740740740741,-0.4740740740740741,-0.472,-0.472,-1.092568448500652,-0.0182648401826484,-1.434402332361516,-1.0869565217391304,0.09917355371900816,0.09267660401814637,918.5,394.0,-0.004145077720207335,0.04790419161676662,77.82187938288921,0.040000000000000036,-0.0463215258855586,559.5,0.0,0.23135345666991247
2000-09-30,0.003871230643846868,-0.451844262295082,0.0036752853182022704,-0.32102364755425983,0.004608294930875667,0.002629848783694877,0.0,0.0,0.0,0.0,-4.28169014084507,2.3627906976744186,0.5838926174496644,-2.5,-0.13533834586466165,0.1648873072360617,-0.09081022294725405,-0.10126582278481022,0.005202913631633832,0.1657142857142857,-0.9899021352313168,0.03846153846153855,0.0009523809523810378,-0.07582515611061558,-0.02857142857142847,-0.19263008065791554
2000-12-31,0.05520600771260398,1.2514018691588786,0.07927534369780287,1.3769083969465647,-0.03524867213906324,0.23147540983606563,0.47887323943661975,0.47887323943661975,0.5,0.5,-0.11158798283261806,-0.37206085753803597,-0.5042372881355932,-0.2777777777777778,-0.11304347826086958,0.13136456211812608,0.11184210526315796,0.08732394366197194,-0.005175983436853104,0.12745098039215685,0.23524229074889869,0.03703703703703698,-0.08563273073263555,0.07722007722007729,0.02941176470588225,-0.05288932419196857
2001-03-31,0.04318138103481428,0.01411374014113731,0.04589285714285718,-0.40646326776395025,0.031781781781781815,0.49840255591054317,0.24285714285714288,0.24285714285714288,0.26262626262626254,0.26262626262626254,2.0096618357487923,-0.08810572687224671,-1.547008547008547,-7.230769230769231,0.7941176470588236,-0.03960396039603953,-0.008606777837547153,-0.04404145077720212,0.031217481789802326,-0.03478260869565197,-0.14479315263908699,0.03571428571428581,-0.010926118626430892,-0.1254480286738351,0.08571428571428585,0.7087900723888316
2001-06-30,0.09117728404167047,0.29840360212853057,0.11376700244721416,0.2948934731146433,-0.005093378607809895,-0.22850035536602697,-0.45210727969348663,-0.45210727969348663,-0.45599999999999996,-0.45599999999999996,-0.9085072231139647,2.3550724637681157,-13.296875,1.9876543209876543,1.3224043715846996,0.0937207122774133,0.0027129679869777323,-0.046070460704607075,-0.005045408678102992,0.06306306306306286,0.09341117597998316,0.0344827586206895,-0.0883745397159389,-0.07684426229508201,0.026315789473684292,0.002662793512466788
2001-09-30,0.05056606961811427,0.11317780580075665,0.060500766479305135,0.13737268216244458,0.0031691857630424813,0.10594196222938734,0.2027972027972027,0.2027972027972027,0.2058823529411764,0.2058823529411764,1.8771929824561404,-0.2318214542836573,-0.4606099110546379,-1.2231404958677685,-0.12705882352941178,-0.03384747215081396,0.04166666666666674,-0.019886363636363646,0.006085192697768749,-0.029661016949152463,-0.0389016018306636,0.033333333333333215,-0.04500865551067512,-0.05882352941176472,0.0512820512820511,-0.021245774987928567
2001-12-31,0.02123125175921836,-0.0770320022656471,0.024380842247277545,0.07784156142365095,0.005346294046172595,0.011661807580174877,0.12790697674418605,0.12790697674418605,0.15853658536585358,0.15853658536585358,2.0365853658536586,-0.14901593252108714,-0.7550058892815077,2.740740740740741,-0.5444743935309972,-0.08070953436807093,-0.029090909090909056,-0.06666666666666676,0.013104838709677491,-0.08733624454148481,-0.11984126984126986,0.032258064516129226,-0.015709969788519795,-0.0742924528301887,0.0,-0.14368524913665504
2002-03-31,-0.014529275111233586,-0.07180116600184105,-0.012699905926622734,-0.03493821900298255,-0.023930384336475652,0.002470152326060182,-0.6907216494845361,-0.6907216494845361,-0.6947368421052631,-0.6947368421052631,-0.07028112449799195,-0.4019823788546255,-0.5865384615384616,-1.0297029702970297,0.035502958579881616,0.052098408104196636,-0.25735687533440343,-0.2857142857142857,-0.025870646766169347,0.038277511961722466,0.06311992786293952,0.03125,-0.009821976672805377,-0.23184713375796184,-0.07317073170731703,-0.038167938931297773
2002-06-30,0.012705769538117417,0.06644628099173544,0.03144354454502141,0.11125827814569544,-0.08469539375928681,-0.2681724845995893,-5.4,-5.4,-5.413793103448277,-5.413793103448277,-0.4319654427645788,0.274401473296501,4.837209302325581,11.166666666666666,0.4057142857142857,0.015130674002751032,-0.7082132564841499,-0.7217391304347827,-0.08682328907048009,0.041474654377880116,0.3706530958439356,0.030303030303030276,-0.09609423434593911,-0.703150912106136,-0.052631578947368474,-0.040431266846361114
2002-09-30,0.02398800599700146,0.05734655920644771,0.029191685912240084,-0.027810885975367516,-0.00649350649350644,0.3058361391694726,-1.7727272727272727,-1.7727272727272727,-1.7734375,-1.7734375,-0.4980988593155894,-0.680635838150289,-1.0159362549800797,-2.328767123287671,-0.4024390243902439,-0.19241192411924124,0.23209876543209873,0.1875,-0.008948545861297563,-0.11504424778761058,1.8372524752475248,0.02941176470588225,-0.029492455418381525,0.2067039106145252,-0.02777777777777779,0.08770287141073663
2002-12-31,-0.008168297757571108,-0.13046027557900908,-0.02365137779373483,-0.22026971802206785,0.08578431372549011,-0.2067039106145251,0.2009803921568627,0.2009803921568627,0.15151515151515138,0.15151515151515138,4.075757575757576,1.4027149321266967,14.125,-1.1855670103092784,0.12244897959183665,-0.2673378076062639,0.2765531062124249,0.26315789473684204,-0.0011286681715575453,-0.26,-0.39847328244274816,0.028571428571428692,0.09469964664310981,0.35185185185185186,-0.05714285714285705,0.11520803443328531
2003-03-31,0.016354595602517286,0.07113958192852321,-0.008136060675706713,0.03118448637316562,0.1499874592425383,0.8223185265438786,1.759183673469388,1.759183673469388,1.6315789473684212,1.6315789473684212,0.0014925373134329067,-0.3220338983050848,1.1322314049586777,1.9444444444444446,0.3212121212121213,0.3236641221374046,2.392464678178963,2.479166666666667,0.14689265536723162,0.32432432432432434,0.10297316896301689,0.02777777777777768,0.13105229180116185,2.1643835616438354,0.09090909090909083,0.03872378746944549
2003-06-30,0.015556319993884404,-0.06547056971986154,0.015293354342385657,-0.016518424396442133,0.016793893129771087,-0.28091557669441136,-0.8076923076923077,-0.8076923076923077,-0.8066666666666666,-0.81,-1.0640834575260805,0.008333333333333304,-2.310077519379845,-2.283018867924528,-0.3119266055045872,0.16724336793540928,0.3739009717723276,0.4401197604790419,0.014778325123152802,0.015306122448979664,-0.6545036160420776,0.027027027027026973,0.001712328767123239,0.3647186147186148,0.05555555555555558,-0.049789447609611126
2003-09-30,0.013774934136243866,0.01583024587403159,0.00835311301807562,-0.1209302325581395,0.03925353925353936,0.159570070276974,0.6153846153846154,0.6153846153846154,0.6034482758620692,0.6140350877192984,-6.883720930232558,0.01377410468319562,-0.5414201183431953,-1.5882352941176472,0.27333333333333343,0.032114624505928946,-0.06028965981812051,-0.004158004158004158,0.0,0.02010050251256268,-0.302568981921979,0.02631578947368407,0.025071225071225056,-0.04123711340206182,0.05263157894736836,0.15550052137643378
2003-12-31,0.04154291654291664,0.23242705570291777,0.01969127699062967,-0.004997060552616062,0.14117647058823524,-0.09875222816399287,-0.3142857142857143,-0.3142857142857143,-0.3548387096774194,-0.3369565217391305,1.2371541501976284,-0.25815217391304346,-0.6322580645161291,7.800000000000001,1.8691099476439792,0.0004786979415987158,-0.1523297491039428,-0.10020876826722336,0.13689320388349513,0.0,0.012278308321964415,0.025641025641025772,0.09560867148415775,-0.1364764267990073,0.02499999999999991,0.23869148336153434
2004-03-31,-0.012119051862413133,-0.08124831853645409,-0.013806268312172576,-0.04963072378138844,-0.005245071441490334,0.2741297468354431,0.8819444444444444,0.8819444444444444,0.9166666666666665,0.8688524590163933,0.6784452296819787,-0.38827838827838823,-14.403508771929825,-0.9488636363636364,-0.14233576642335766,0.08325358851674647,-0.3780126849894291,-0.3596287703016241,-0.0076857386848848686,-0.049261083743842304,0.19676549865229132,0.02499999999999991,0.006595636732622978,-0.34099616858237547,-0.024390243902438935,-0.03333029778708674
2004-06-30,-0.011113115641349425,-0.047437774524158094,-0.010713481881611475,-0.04009947155735161,-0.012727272727272698,-0.2890406705991928,-0.5424354243542435,-0.5424354243542435,-0.5478260869565217,-0.5438596491228069,-1.128421052631579,-0.3053892215568862,-1.0274869109947644,-13.055555555555555,-0.4617021276595744,-0.035335689045936425,-0.04418762746431004,-0.01449275362318847,-0.015490533562822706,-0.025906735751295318,0.5180180180180178,0.025293586269195867,-0.0015120967741935054,0.0043604651162789665,-0.025000000000000022,-0.0076307112576544656
2004-09-30,0.03849381544860808,0.06547802028896399,0.041588933885425616,0.07933937823834203,0.025966850828729182,0.1995633187772925,0.967741935483871,0.967741935483871,0.9807692307692308,0.9807692307692308,-4.532786885245901,2.5775862068965516,1.1904761904761907,-1.2857142857142856,0.24901185770750978,-0.07600732600732596,0.01137980085348489,0.03308823529411775,0.02447552447552459,-0.06382978723404253,-0.061572700296735894,0.023788546255506526,-0.012115093387178089,0.05065123010130246,0.0,-0.01281564457945683
2004-12-31,0.02617525121214248,0.05106751298326606,0.025206413000742556,0.04650465046504659,0.03015616585891223,-0.003276301419730565,-0.6434426229508197,-0.6434426229508197,-0.6504854368932039,-0.6504854368932039,-0.18561484918793503,-0.8650602409638555,-8.23913043478261,-1.6129032258064515,-0.11708860759493667,0.15460852329038666,-0.08157524613220812,-0.08540925266903909,0.027303754266211566,0.13068181818181812,0.11620553359683794,0.024096385542168752,0.004087889626980035,-0.09090909090909083,0.0,0.004327339167227606
2005-03-31,-0.011024754339713061,-0.0845457040900357,-0.013592977671723183,-0.059633027522935755,-0.000522739153162588,0.20891161431701977,2.2758620689655173,2.2758620689655173,2.3333333333333335,2.2777777777777777,0.8831908831908832,2.107142857142857,0.3003003003003002,-2.394736842105263,0.1899641577060931,0.1321888412017167,0.008422664624808673,0.011673151750972721,-0.002491694352159457,0.10050251256281406,0.22521246458923527,0.0235294117647058,0.010687022900763399,0.012121212121211977,0.0,-0.026426656453466202
2005-06-30,-0.01426345854249611,0.05037481259370313,-0.010929197805520707,0.23262195121951224,-0.027719665271966565,-0.26223564954682776,-1.287719298245614,-1.287719298245614,-1.2833333333333334,-1.288135593220339,-1.13464447806354,-0.16666666666666663,-1.4549653579676676,-1.7169811320754715,-0.11445783132530118,0.07695223654283545,-0.2832194381169325,-0.2846153846153846,-0.02830974188176516,0.08219178082191791,0.0630057803468207,0.02298850574712663,-0.013595166163142047,-0.2889221556886227,0.0,-0.14791502753737218
2005-09-30,0.05766866856320019,0.3699685983442764,0.07486023759608673,0.15533020034627754,-0.012910166756320618,0.3824733824733826,-4.085365853658537,-4.085365853658537,-4.117647058823529,-4.029411764705882,-4.764044943820225,-0.4,-0.6802030456852792,-9.263157894736842,1.0680272108843538,0.12249208025343195,0.020127118644067687,0.0,-0.014567266495287057,0.1518987341772151,0.5551930396954867,0.022471910112359605,-0.06687085247575297,-0.03578947368421048,0.0512820512820511,0.18582640812557738
2005-12-31,-0.009961813049975121,0.0064596790998123765,-0.033197887037789475,0.01841147505887397,0.09391462306993636,-0.021919431279620816,-0.18972332015810278,-0.18972332015810278,-0.21698113207547176,-0.18446601941747576,-0.9014925373134328,-1.4482758620689655,-6.984126984126984,-1.9681528662420382,-0.5263157894736843,-0.030730636563185976,0.20249221183800636,0.20967741935483875,0.042608695652173845,-0.014652014652014711,-0.030769230769230882,0.0219780219780219,0.10503282275711157,0.16157205240174655,0.024390243902439046,-0.011777301927194839
2006-03-31,-0.032165017608586255,-0.21304347826086956,-0.04866977682511664,-0.17216733235232284,0.03304549983394223,0.06632344033918836,-0.009756097560975618,-0.009756097560975618,-0.02409638554216853,-0.03571428571428559,26.727272727272727,-7.102564102564102,0.9787798408488064,-0.7697368421052632,-0.24305555555555558,0.10352636687156247,-0.1424870466321243,-0.11999999999999988,0.03169307756463713,0.055762081784386686,-0.09199134199134185,0.021505376344086002,0.06732673267326739,-0.13909774436090216,0.023809523809523725,-0.04934502117600725
2006-06-30,-0.020688938175769334,-0.1194422520389371,-0.04011486635741113,-0.22371762315896393,0.04999196270696027,-0.25986935529679067,0.029556650246305383,0.029556650246305383,0.024691358024691246,0.024691358024691246,-1.1202185792349726,-2.9747899159663866,-0.4088471849865952,0.17142857142857149,-0.37614678899082565,-0.0718264438581061,0.44310171198388737,0.5,0.04850444624090544,-0.09859154929577463,0.07508939213349208,0.021804511278195493,0.07189239332096475,0.482532751091703,0.023255813953488413,0.13437629506837956
2006-09-30,0.01610106514738674,0.0439199282939946,9.205136466139408e-05,0.08047105004906774,0.06935088793631361,0.3016116653875671,0.7894736842105263,0.7894736842105263,0.7831325301204819,0.7831325301204819,-6.8090909090909095,-1.6063829787234043,-0.5510204081632653,-2.902439024390244,1.1470588235294117,0.05085281111813034,0.07397069085833907,0.15488215488215484,0.06784888203546635,0.00390625,-0.29933481152993346,0.02060338484179547,0.052790999567286834,0.1384388807069219,0.0,-0.033884373002100565
2006-12-31,-0.005014975273385791,0.04808242701774468,0.004326015923420412,0.031183772328186476,-0.03407301360057269,-0.22022405660377353,-1.125668449197861,-1.125668449197861,-1.1216216216216217,-1.1216216216216217,-0.24100156494522695,-0.3403508771929824,1.2676767676767677,-1.967948717948718,-0.5171232876712328,-0.044183949504057796,-0.2748538011695907,-0.24781341107871713,-0.03610108303249093,-0.10505836575875482,-0.15295358649789037,0.020908435472242415,-0.029182079736950195,-0.21345407503234148,-0.022727272727272707,0.016449234259784395
2007-03-31,-0.0071403570178508735,0.029219006007646042,-0.0032534481968565787,0.0836758661186141,-0.019712464799169993,0.366351606805293,-8.0,-8.0,-8.222222222222221,-8.222222222222221,0.9711340206185568,0.2393617021276595,-0.15144766146993316,-3.2649006622516556,2.425531914893617,0.16792452830188687,0.153225806451613,0.17829457364341095,-0.023220973782771548,0.20869565217391295,0.5734744707347448,0.020480225988700473,-0.012701100762066098,0.1611842105263157,0.0,-0.05031622023809523
2007-06-30,0.0032433194669674315,0.03396126293446544,-0.006482162559764637,0.00216743429964783,0.035228303598427546,-0.22246817930271168,-0.16413373860182368,-0.16413373860182368,-0.16153846153846152,-0.16923076923076918,-1.1673640167364017,-0.8798283261802575,-0.7139107611548556,-1.868421052631579,-0.6480331262939958,0.18362950996230487,0.06371406371406363,0.07236842105263142,0.03220858895705536,0.21223021582733814,0.014246141669964407,0.02006920415224922,0.03173241852487152,0.05807365439093504,0.023255813953488413,0.03173048672999723
2007-09-30,0.015847916227422765,0.060302797023351395,-0.0006015455092314159,-0.03190051365233848,0.06776690521396223,0.2366548042704626,0.8400000000000001,0.8400000000000001,0.8256880733944953,0.8425925925925926,-5.64375,10.714285714285714,0.5137614678899083,-1.8451178451178452,1.4764705882352942,-0.029572338489536,0.12856099342585825,0.14110429447852768,0.06760772659732539,-0.05934718100890213,-0.0955911041747951,0.020352781546811416,0.05112219451371569,0.13386880856760364,0.0,0.0953013763644992
2007-12-31,-0.01788370403680517,0.19264278799612788,-0.023381794610612072,0.19798938843898362,-0.0016413623307345304,-0.14992805755395688,-0.5553359683794467,-0.5553359683794467,-0.778894472361809,-0.778894472361809,-0.4899057873485868,-2.7926829268292686,4.9818181818181815,-1.0836653386454183,-0.09501187648456055,0.09423347398030946,0.23106796116504857,0.2580645161290325,-0.0006958942240778976,0.025236593059936974,-0.03882657463330452,0.01928191489361719,0.016607354685646447,0.22668240850059052,0.022727272727272707,-0.0045064563653695044
2008-03-31,-0.014933784164553376,-0.04200487012987009,-0.022329682833167386,-0.029137529137529095,0.006439238251815249,0.28740690589031814,0.991111111111111,0.991111111111111,1.0,1.0,1.7519788918205803,-1.445578231292517,-0.07700101317122598,5.190476190476191,-0.34120734908136485,-0.021208226221079762,0.061514195583596054,0.09188034188034178,0.0062674094707519945,-0.021538461538461506,-0.2185816876122083,0.020874103065883887,0.021781408012446546,0.07314725697786328,0.022222222222222143,-0.013232349612605665
2008-06-30,0.013086384439359167,0.12179622961237024,0.05518378430802051,0.25354141656662654,-0.10509120609855704,-0.32658427557191694,-1.3348214285714286,-1.3348214285714286,-1.3295454545454546,-1.3295454545454546,-1.401725790987536,0.6793893129770991,-1.760702524698134,0.2769230769230768,-0.6573705179282869,-0.04289778945064571,-0.2852897473997027,-0.2915851272015655,-0.10519031141868507,-0.04716981132075482,-0.12004595060310164,0.020447284345047834,-0.11686334221545491,-0.2789237668161435,-0.021739130434782594,-0.10507278341420379
2008-09-30,-0.009882120420696028,-0.23225075528700911,-0.06364889705882348,-0.3053054970312201,0.1680864009735321,0.4517766497461928,-5.373333333333333,-5.373333333333333,-5.448275862068966,-5.448275862068966,-3.3102625298329356,-1.5522727272727272,-2.538239538239538,-1.8674698795180724,1.6627906976744184,-0.09787331351474948,0.13097713097713104,0.1546961325966849,0.17324052590873928,0.0066006600660066805,0.27154046997389036,0.02003757044458343,0.17974137931034484,0.12437810945273631,0.022222222222222143,0.10508675078864349
2008-12-31,0.03546731303913875,-0.01647811116576492,0.04431901840490804,-0.05982905982905984,0.011980726657116803,-0.12856374394835934,-0.6432926829268293,-0.6432926829268293,-0.6434108527131783,-0.6434108527131783,-0.22210743801652888,-2.3004115226337447,-0.6763602251407129,-0.36111111111111116,0.40174672489082974,-0.29252217997465146,-0.0085784313725491,0.0023923444976077235,0.012524719841793042,-0.3967213114754098,-0.38244353182751545,0.019643953345610754,-0.022652539276580175,-0.01327433628318575,0.021739130434782483,0.04611953612845676
2009-03-31,0.008709422011084822,0.06976744186046502,-0.008224457185825762,0.055131964809384204,0.055076566722429554,0.21018518518518525,0.8974358974358974,0.8974358974358974,0.9130434782608694,0.9130434782608694,0.844621513944223,-0.4778481012658228,-0.09275362318840574,8.902173913043478,2.838006230529595,0.026513794338946628,-0.03152039555006181,-0.014319809069212375,0.0546875,0.016304347826086918,0.017456359102244523,0.02046959662853709,0.04598130841121484,-0.012331838565022513,0.0,0.01389954805150495
2009-06-30,-0.018497030919391144,-0.10378681626928477,-0.035160877600341145,-0.07698721511951079,0.023173557750945317,-0.34685029329252737,-0.2995495495495496,-0.2995495495495496,-0.3068181818181819,-0.3068181818181819,-1.4319654427645787,-0.7272727272727273,-0.3801916932907349,-1.920965971459934,-0.6810064935064934,0.07818499127399647,0.3139757498404594,0.38256658595641624,0.013580246913580396,0.021390374331550666,0.07843137254901955,0.019469026548672774,0.032523230879199394,0.3893303064699205,0.0,-0.029015979814970505
2009-09-30,-0.011335187760778909,-0.07642149191444969,-0.030548597809537892,-0.09876543209876543,0.03528430087018708,0.18742678641155797,0.5691318327974277,0.5691318327974277,0.5737704918032787,0.5737704918032787,-1.92,3.644444444444445,2.1237113402061856,-0.6865315852205006,-0.6692111959287532,0.042408546455163565,-0.1272462360369111,-0.1050788091068301,0.03593179049939099,0.02617801047120416,-0.24696969696969695,0.0190972222222221,0.04742125302872968,-0.054738562091503296,-0.06382978723404253,0.024772628843655164
2009-12-31,0.010410072448477248,0.029652640497034755,0.009777597649323733,0.0738389575676579,0.011859527921704194,-0.051956593225912506,-0.2848360655737705,-0.2848360655737705,-0.27083333333333337,-0.28125,-0.0688405797101449,0.7846889952153111,-1.1303630363036303,-1.8365019011406845,1.6923076923076925,-0.016459627329192594,0.047857540345019434,0.08219178082191791,0.011757789535567165,-0.05102040816326525,0.09456740442655942,0.01873935264054527,0.0016523463317912324,0.10890233362143475,-0.022727272727272707,-0.04116304623446876
2010-03-31,0.0015663069961713294,-0.04854635216675807,-0.01841260284968893,-0.12881144990665838,0.046995903504779335,0.276448144294138,0.40687679083094563,0.40687679083094563,0.3857142857142857,0.4057971014492754,1.085603112840467,-0.14745308310991956,-11.025316455696203,-1.1727272727272728,-0.10857142857142854,-0.009156930849384404,0.0,0.03435804701627476,0.056943637420104665,-0.021505376344086002,-0.08180147058823539,0.018952062430323213,0.055097327614648695,0.04988308651597806,-0.023255813953488413,0.09211918194640312
2010-06-30,-0.0011468288444830277,0.004612280196022001,0.0021466905187834673,0.16035714285714286,-0.008151287903488735,-0.33288043478260865,-0.5437881873727087,-0.5437881873727087,-0.5463917525773196,-0.5463917525773196,-1.5149253731343284,0.37421383647798745,-1.926767676767677,5.7105263157894735,-0.8173076923076923,0.007648183556405508,-0.0748805098247477,-0.054195804195804165,-0.008246289169873688,-0.04395604395604402,-0.020020020020020124,0.0191466083150984,-0.007191994996872952,-0.04454342984409787,0.0,-0.13423197998224223
2010-09-30,0.012594808990327833,0.05337159253945489,-0.003468149130412601,-0.07109879963065557,0.04722770107385488,0.32545824847250504,1.53125,1.53125,1.5454545454545459,1.5454545454545459,-2.483695652173913,-0.21967963386727685,-1.276566757493188,-2.0784313725490193,4.824561403508772,0.041113219481340835,0.023536165327210146,0.04621072088724576,0.04711751662971175,0.04597701149425282,0.09908069458631275,0.01825013419216326,0.0343307086614173,0.03263403263403242,0.023809523809523725,0.13406675368264032
2010-12-31,0.02765942825728418,0.3759193680196131,0.03730999539382762,0.15473823724320734,0.007952286282306265,-0.26121696373693915,-0.5026455026455027,-0.5026455026455027,-0.5,-0.5089285714285714,0.0073260073260073,0.6803519061583578,0.49753694581280783,-1.189090909090909,-0.15662650602409633,-0.023086269744836074,-0.06449803701626466,-0.051236749116607805,0.007940709370036991,-0.06593406593406603,-0.0715613382899628,0.01792303637322079,-0.01918392204628505,-0.0022573363431150906,-0.06976744186046502,0.19154883262084854
2011-03-31,-0.01802133137182793,-0.11581864977232226,-0.042283402407736315,-0.0005738880918221279,0.03363438181251954,0.3951747088186357,0.8652482269503545,0.8652482269503545,0.857142857142857,0.8909090909090909,0.26303030303030295,-0.7294938917975566,-0.12171052631578949,-12.923076923076923,2.2142857142857144,-0.016480099502487522,0.0017985611510791255,0.016759776536312998,0.03361344537815136,-0.02352941176470591,0.028028028028028062,0.017607457276022753,0.05246817758460098,0.05128205128205132,-0.025000000000000022,-0.11535807920518837
2011-06-30,-0.01978209056860747,-0.15226153157187639,-0.03776209365823502,0.013494114269308133,0.015265642261725443,-0.2638640429338104,-0.38593155893536124,-0.38593155893536124,-0.3942307692307693,-0.3942307692307693,-0.6612284069097889,2.3419354838709676,1.1573033707865168,-2.195161290322581,-0.8233333333333334,0.019917799557382265,0.03530819868342294,0.06227106227106227,0.015243902439024515,-0.012048192771084376,-0.0029211295034079487,0.01730279898218834,0.03569321533923331,0.060975609756097615,0.0,-0.16354702854468883
2011-09-30,0.03897321893778871,0.31273111463285796,0.05739372523824815,0.045892351274787524,0.00494608764467297,0.06115836371000416,-0.08978328173374617,-0.08978328173374617,-0.07936507936507942,-0.07936507936507942,1.8725212464589234,-0.7027027027027026,-1.3871527777777777,-2.4615384615384617,6.811320754716981,-0.01673899566026038,-0.17341040462427748,-0.16724137931034477,0.005005005005005003,-0.030487804878048697,-0.072265625,0.017508754377188573,-0.03275420108231275,-0.1115618661257608,-0.05128205128205132,0.25519813519813517
2011-12-31,-0.0030089264818963235,-0.21307847082494968,-0.010177215189873468,-0.19907908992416035,0.010926272270892712,0.006106870229007688,0.22448979591836737,0.22448979591836737,0.24137931034482762,0.22413793103448287,0.13214990138067062,1.8701298701298703,-5.995515695067264,-1.3767313019390581,-0.3285024154589372,0.03341740226986145,0.03846153846153855,0.055900621118012195,0.010458167330677393,0.025157232704402288,0.23263157894736852,0.01671583087512296,0.014134275618374437,0.032724505327245135,0.027027027027026973,-0.017530827514485314
2012-03-31,0.006069548304885819,0.012784454103809795,-0.008849557522123908,0.05106526885356777,0.034469328140214195,0.09066767830045519,0.36944444444444446,0.36944444444444446,0.3472222222222223,0.3661971830985915,-0.05226480836236935,0.5972850678733033,-0.744165170556553,-1.2377450980392157,0.11630695443645078,-0.04148871262965226,-0.037710437710437694,-0.027450980392156876,0.034992607195662995,-0.04907975460122693,-0.09393680614859101,0.016924564796905184,0.028164924506387967,0.022107590272660405,-0.052631578947368474,-0.036367760471798016
2012-06-30,0.004666355576294912,-0.005301691492047511,0.0061932287365813465,-0.09395109395109391,0.0018825301204818956,-0.27026086956521744,-0.5720081135902637,-0.5720081135902637,-0.5670103092783505,-0.5670103092783505,-0.7334558823529411,-0.10339943342776203,-1.6210526315789475,-2.711340206185567,-0.17830290010741134,-0.022597071928707857,-0.08817354793561927,-0.08669354838709675,0.0019047619047618536,-0.058064516129032295,0.0018850141376061114,0.017118402282453538,-0.002824060999717548,-0.042537851478010036,-0.05555555555555547,0.09776382895253044
2012-09-30,0.01871143255258434,0.009644670050761528,0.02061961427985226,0.07919034090909083,0.015219842164599706,0.14489990467111524,0.6445497630331753,0.6445497630331753,0.6428571428571428,0.6190476190476193,2.217241379310345,0.12480252764612954,-2.1638418079096047,-1.0903614457831325,0.019607843137254832,0.06252035167697834,0.023023791250959436,0.0331125827814569,0.015209125475285079,0.06164383561643838,0.14581373471307613,0.016362786348760983,-0.003398470688190436,0.06099397590361444,-0.02941176470588236,-0.06439854191980543
2012-12-31,0.03318569660652648,-0.02740070387129212,0.05256809729621059,0.24284304047383998,-0.0024060707014621485,0.0016652789342215257,-0.35446685878962536,-0.35446685878962536,-0.3623188405797101,-0.3529411764705883,-0.4898177920685959,-0.1938202247191011,0.470873786407767,-27.733333333333334,-0.514102564102564,-0.043824701195219196,-0.10727681920480125,-0.11111111111111116,-0.002340823970037431,-0.058064516129032295,-0.07881773399014769,0.01609935602575896,-0.03438476840011362,-0.07452093683463457,-0.030303030303030276,-0.21741787624140574
2013-03-31,-0.000409771473601217,-0.05505298526751101,-0.008546600458365194,-0.09822610537463594,0.015398886827458158,0.15793848711554448,0.4285714285714286,0.4285714285714286,0.4318181818181819,0.4318181818181819,0.8424369747899159,0.27700348432055755,-0.6600660066006601,-1.1022443890274314,0.10817941952506605,0.027564102564102688,-0.14201680672268902,-0.14663461538461542,0.015016424213984081,0.027397260273972712,0.13814616755793208,0.01629696695337257,0.015891701000588565,-0.12806748466257667,-0.03125,0.0478328777821162
2013-06-30,0.010942230070635661,-0.011214442013129156,0.009487117746207474,-0.10217263652378161,0.013703636031427102,-0.17085427135678388,0.04062499999999991,0.04062499999999991,0.04761904761904767,0.04761904761904767,-0.46864310148232613,-0.11869031377899042,-0.2621359223300971,-7.2439024390243905,-0.6095238095238096,0.05770430442919516,0.09892262487757097,0.09295774647887334,0.01433194637078139,0.046666666666666634,0.22396241190289756,0.01603563474387526,0.0026071842410198,0.0870712401055409,0.0,0.10126700204956207
2013-09-30,0.017187061355625532,0.03485477178423246,0.014740959832077127,0.05788096795291042,0.021809661139149172,0.10562770562770574,0.1711711711711712,0.1711711711711712,0.16666666666666674,0.16666666666666674,1.3433476394849784,0.0975232198142415,0.30263157894736836,-2.109375,1.731707317073171,-0.02418165732822153,0.02317290552584672,0.020618556701031077,0.021422060164083767,-0.03821656050955413,-0.12156110044785673,0.015782551512494747,0.004622941346431597,0.01941747572815533,0.0,-0.021740969461128357
2013-12-31,-0.002698558724317679,-0.033948142207965826,-0.016830426402143717,-0.053168469860896406,0.023813723760804484,-0.09240407204385281,-0.4871794871794872,-0.4871794871794872,-0.48051948051948046,-0.49350649350649345,-0.33791208791208793,0.005641748942172065,-1.3535353535353536,-0.8415492957746479,0.1004464285714286,-0.0033242671501966248,-0.03745644599303133,-0.025252525252525304,0.023203926818384568,-0.026490066225165587,-0.03932993445010935,0.015537332757876499,0.026459591601955657,-0.01031746031746028,0.0,0.020321687997232774
2014-03-31,0.024721726831068214,0.06613171001660212,0.029311911251374667,0.09598432908912824,0.016454169538249408,0.39042277825711813,0.9299999999999999,0.9299999999999999,0.8999999999999999,0.9487179487179487,0.5435684647302905,-0.11781206171107994,-10.285714285714286,2.6,0.3286004056795131,0.05639781685870249,0.03348416289592748,0.03886010362694292,0.017008286088094238,0.03401360544217691,0.07808946171341935,0.015724606884827796,-0.00812552535724298,0.008821170809943712,0.032258064516129004,-0.027205695397915064
2014-06-30,0.011222468943167474,-0.015312743316895916,0.01533029824398402,0.03157581173666957,0.0037291295872532437,-0.3022029165373875,-0.4507772020725389,-0.4507772020725389,-0.44736842105263164,-0.44736842105263164,-0.7025089605734767,0.038155802861685295,-1.7261538461538461,-1.5246913580246915,-0.1297709923664122,0.12342135476463834,-0.10683012259194402,-0.10224438902743138,0.0038593481989708245,0.10526315789473673,0.06680731364275672,0.015481171548117123,-0.007344632768361503,-0.08744038155802858,-0.03125,-0.045478306325143825
2014-09-30,0.013264094955489636,0.013705851344227638,0.009471083455343976,-0.09442679757435746,0.020265135523093836,0.1742996887505559,1.0943396226415096,1.0943396226415096,1.0952380952380953,1.0714285714285716,2.2771084337349397,0.0811638591117918,-2.055084745762712,-2.564705882352941,0.2333333333333334,-0.04547777210015336,0.02941176470588247,0.03333333333333344,0.020076890217855636,-0.04761904761904756,0.052735662491760094,0.01524515863205611,0.007114399544678518,0.03745644599303133,0.0,0.11938663745892675
2014-12-31,0.03473218730781613,0.07098283931357252,0.04913203100213037,0.10905612244897966,0.008441612182405134,0.04998106777735711,0.072072072072072,0.072072072072072,0.06818181818181812,0.08045977011494254,-0.42647058823529416,0.2804532577903682,-0.9156626506024097,-3.263157894736842,-0.4281650071123755,0.07253747323340476,0.20666666666666678,0.196236559139785,0.007956448911222935,0.04999999999999982,0.028177833437695643,0.015016233766233844,-0.02543091268719977,0.1704450041981529,0.032258064516129004,-0.03432811480756692
2015-03-31,0.01398126397418853,0.009711094925952901,0.005270661424806589,0.04140310523289248,0.03052933935166191,0.13054453660295717,0.23109243697478998,0.23109243697478998,0.23404255319148937,0.22340425531914887,1.6907051282051282,-0.13827433628318586,13.0,-3.0132890365448506,1.5074626865671643,0.041427501871724504,0.11444356748224149,0.11011235955056176,0.031159119235562915,0.029761904761904878,-0.14981729598051163,0.015593762495001773,0.016236590316033528,0.14131994261119085,-0.03125,-0.03039770328464053
2015-06-30,0.010746085354620849,-0.1279153642702573,0.010099273711805301,-0.1421866372170072,0.011945528390539195,-0.2618819776714514,-0.4112627986348123,-0.4112627986348123,-0.4137931034482758,-0.4086956521739129,-0.669446098868374,0.27599486521181005,-1.0952380952380953,-1.6782178217821784,-0.40773809523809523,-0.006709801102324331,0.05878186968838528,0.05870445344129549,0.01208702659145855,-0.034682080924855474,-0.12177650429799436,0.015354330708661434,0.001141226818830221,0.07102451288497802,0.0,0.016633283985021174
2015-09-30,0.005854412901800554,-0.11662531017369726,-0.0005956432947583634,0.15996137753459938,0.017785472574171735,0.16162489196197072,0.2724637681159421,0.2724637681159421,0.27941176470588225,0.27941176470588225,0.7909909909909909,0.07444668008048283,-10.0,-0.2068126520681265,-0.5460636515912898,-0.01013268998793726,-0.019397993311036643,-0.017208413001912004,0.01751592356687892,-0.02395209580838331,-0.0807504078303426,0.01512214036448234,0.011969222000570046,-0.007042253521126751,-0.032258064516129115,-0.23847867054994
2015-12-31,0.030501866900944474,0.09051186017478163,0.04163473818646235,-0.008046614872364022,0.010283770200262943,-0.15252976190476186,-0.29612756264236906,-0.29612756264236906,-0.29885057471264365,-0.31034482758620696,-0.3048289738430584,0.030898876404494402,-3.115079365079365,-1.3773006134969326,0.4538745387453875,-0.013161101632951477,-0.1064120054570259,-0.10505836575875493,0.009389671361502483,-0.030674846625766805,-0.013309671694764935,0.014896867838044336,-0.01971275696986763,-0.047281323877068404,-0.033333333333333326,0.09932508436445442
2016-03-31,0.015745304382576153,-0.06611333714939893,0.013854830799411522,-0.17706293706293708,0.019286698300933658,0.1483757682177349,0.5242718446601942,0.5242718446601942,0.5245901639344264,0.55,0.7568740955137483,-0.01816530426884655,-0.8780487804878049,0.6097560975609757,0.5025380710659899,0.050382810570511305,-0.08167938931297714,-0.08260869565217388,0.020155038759689825,0.04430379746835422,0.15917266187050383,0.015430937147158375,0.0034472852628555373,-0.01985111662531025,-0.06896551724137923,0.13486135270643618
2016-06-30,0.0241042857892253,0.0692614158749616,0.03704599508203321,0.0605030591434399,0.0,-0.2717889908256881,-0.6029723991507431,-0.6029723991507431,-0.6021505376344086,-0.6021505376344086,-0.5815485996705108,-0.14616096207215545,6.246153846153846,-0.7171717171717171,0.09459459459459452,0.0601928050787679,-0.11221945137157108,-0.118483412322275,0.0,0.036363636363636376,0.13576415826221866,0.01519644180874713,-0.023475522473518473,-0.0620253164556962,-0.07407407407407418,0.008295013975295307
2016-09-30,0.011345882955564157,-0.08025222126683862,0.011117157739252148,-0.10128205128205126,0.01186364318966815,0.28608923884514437,0.7486631016042782,0.7486631016042782,0.7567567567567568,0.7297297297297298,1.045275590551181,0.13759479956663045,-1.397027600849257,-4.535714285714286,-0.3055555555555556,-0.02550454646263045,-0.08895131086142327,-0.09677419354838712,0.012158054711246313,-0.023391812865497075,0.08333333333333326,0.014968966776195636,0.0005863383172088898,-0.0560053981106613,-0.040000000000000036,0.0233389966914066
2016-12-31,0.0147386547811994,0.014023060143346866,0.035675841919114326,0.16833095577746082,-0.025675274562184658,-0.14693877551020407,-1.2996941896024465,-1.2996941896024465,-1.2923076923076924,-1.296875,-0.4706448508180944,0.13714285714285723,-4.299465240641711,-0.8636363636363636,-0.06000000000000005,-0.04915794264906681,-0.31551901336073984,-0.32738095238095233,-0.026276276276276267,-0.059880239520958,0.03720050441361922,0.014748201438848918,-0.03984764137122765,-0.3002144388849177,-0.04166666666666663,-0.1320342537574276
2017-03-31,-0.01013226853007232,-0.16533497234173322,-0.010430586488492932,-0.05036630036630041,-0.009520182787509546,0.2401913875598085,-2.163265306122449,-2.163265306122449,-2.2105263157894735,-2.1578947368421053,1.1745454545454543,-0.09631490787269681,-1.5623987034035656,7.518518518518519,-0.5437352245862884,0.06390617520344666,-0.397897897897898,-0.4070796460176991,-0.008866615265998523,0.08917197452229297,0.5440729483282674,0.0,0.0006103143118707521,-0.4014300306435138,0.0,-0.12111144669284202
2017-06-30,0.0216821298910852,0.1737849779086893,0.03552271277992425,0.01703632272581168,-0.006689734717416407,-0.17708333333333337,-0.04385964912280704,-0.04385964912280704,-0.0434782608695653,0.0,-0.5317725752508361,-0.15662650602409633,-2.6916426512968297,-2.0304347826086957,1.2279792746113989,-0.0056242969628796935,-0.14214463840398994,-0.15671641791044788,-0.006612213146635626,0.005847953216374213,0.673228346456693,0.015242821694434694,-0.027752363525465285,-0.167235494880546,0.0,0.15418098510882028
2017-09-30,0.015620373112229746,-0.03356336260978665,0.015467651959718998,0.21080910240202266,0.015946740981576113,0.06094702297233945,2.623853211009174,2.623853211009174,2.5454545454545454,2.5454545454545454,0.7464285714285714,0.22527472527472536,-1.0255536626916524,-1.6413502109704643,-0.3534883720930233,0.00837104072398187,0.1598837209302324,0.1415929203539823,0.01527016444792495,0.01744186046511631,0.1783529411764706,0.01501396648044695,0.0003136762860729281,0.1741803278688523,-0.0434782608695653,-0.20186581976974993
2017-12-31,0.03787934008795579,0.07497565725413824,0.029821995505297405,0.08796658835813109,0.05508991161231336,-0.07379584622182944,1.420253164556962,1.420253164556962,1.423076923076923,1.4102564102564101,-0.46114519427402867,0.033183856502242204,-45.0,-1.2302631578947367,0.12589928057553967,0.11420237828135504,1.9824561403508771,1.9767441860465116,0.0578480524489009,0.0971428571428572,-0.03734025559105425,0.02958376332989343,0.016619629978049444,2.024432809773124,0.0,-0.011937329022631227
2018-03-31,0.0017323719449386932,-0.1527777777777778,-0.006338979528213606,-0.052783109404990425,0.01855997689030109,0.3444656488549618,-0.41631799163179917,-0.41631799163179917,-0.41269841269841256,-0.4148936170212765,1.1631878557874762,-0.06857638888888884,-1.3757575757575757,-6.171428571428572,-0.5718849840255591,-0.011880789367700317,0.25630252100840334,0.2578125000000002,0.017863652934743124,-0.06770833333333326,-0.6716448869529144,0.015035081857667887,0.016656384947563385,0.25100980957876495,0.0,-0.10558771709035986
2018-06-30,0.021430240710446302,0.070919458303635,0.03008436170954476,0.07497467071935149,0.003828701077708496,-0.2845990063875089,-0.5179211469534051,-0.5179211469534051,-0.5225225225225225,-0.5181818181818182,-0.5675438596491228,-0.11090400745573159,-2.7661290322580645,-0.8729281767955801,-0.17164179104477617,0.054819645404524,0.054849498327759205,0.05797101449275366,0.003581661891117305,0.033519553072625774,-0.17814276689829445,0.014812376563528629,-0.017293689320388328,0.09271217712177116,0.0,-0.0036583649922612427
2018-09-30,0.03125357494222891,0.06988352745424287,0.03942603810619638,0.05678605089538169,0.014196920468992902,0.1875,0.5315985130111525,0.5315985130111525,0.5471698113207546,0.5283018867924529,0.7423935091277891,0.1383647798742138,-0.4931506849315068,-0.782608695652174,-0.04504504504504503,0.008114374034003058,-0.013950538998097728,-0.013698630136986245,0.013918629550321304,0.00540540540540535,-0.06533435818601074,0.014596172559195653,-0.01636307502315537,-0.006331785563528869,-0.045454545454545525,0.01228640022595684
2018-12-31,0.005613116499900261,0.0908242612752721,0.00765123396496703,0.10033444816053505,0.0012535691900550372,0.030910609857978333,-0.5169902912621359,-0.5169902912621359,-0.524390243902439,-0.5185185185185186,-0.5098952270081489,-0.26058931860036827,1.1396396396396398,-19.6,0.8773584905660377,0.014756611728631741,-0.35112540192926045,-0.3551587301587301,0.002111932418162654,0.0,0.008223684210526327,0.014386189258311921,-0.00439422473320783,-0.3700084961767205,0.04761904761904767,-0.008649553571428603
2019-03-31,0.009486828751709808,-0.13686911890504705,-0.0002261785518110626,-0.09361702127659577,0.030395771023161933,0.2074554294975688,2.5175879396984926,2.5175879396984926,2.564102564102564,2.538461538461538,1.8931116389548692,0.016189290161892966,-2.0631578947368423,-2.10752688172043,-0.5175879396984925,0.03928234183191681,0.0852329038652131,0.07999999999999985,0.02950474183350904,0.037634408602150504,0.5864600326264273,0.014812480302552888,0.02080706179066838,0.08091706001348631,0.0,-0.04770616380523507
2019-06-30,0.011452050004371106,0.042616451932606436,0.018874022364423704,-0.10976972948803931,-0.004050222762251976,-0.22281879194630871,-0.7814285714285714,-0.7814285714285714,-0.7841726618705036,-0.7826086956521738,-0.5024630541871922,-0.01225490196078427,-1.4336633663366336,-1.1844660194174756,0.19791666666666674,0.08231873523532629,-0.08310502283105015,-0.0854700854700855,-0.004435346298191756,0.051813471502590636,-0.015424164524421635,0.014596273291925366,-0.015441630636195192,-0.10106051154086082,0.0,0.1712723511157086
