Quarter end,Assets,Current Assets,Liabilities,Current Liabilities,Shareholders equity,Revenue,Earnings,Earnings available for common stockholders,EPS basic,EPS diluted,Cash from operating activities,Cash from investing activities,Cash from financing activities,Cash change during period,Cash at end of period,Price,ROE,ROA,Book value of equity per share,P/B ratio,P/E ratio,Cumulative dividends per share,Equity to assets ratio,Net margin,Asset turnover,Current ratio
1993-12-31,0.02169734692272618,0.0978561694678648,0.07493884383374594,0.16658978366063537,-0.028425615511093127,0.1437407341116399,-2.9365739801096002,-2.9365739801096002,-2.95,0.19047619047619047,0.1370081772260856,0.6781327960084438,1.0664393967465817,-0.7200533372842433,1.3609692162925122,0.030927835051546504,0.011022044088176308,0.0224609375,-0.029824561403508754,0.0932642487046631,-0.1491160645657187,1.109378295903587,-0.049116676373519685,0.022091310751104487,0.0,-0.058937061620298326
1994-03-31,0.02169734692272618,0.0978561694678648,0.07493884383374594,0.16658978366063537,-0.028425615511093127,0.1437407341116399,-2.9365739801096002,-2.9365739801096002,-2.95,0.19047619047619047,0.1370081772260856,0.6781327960084438,1.0664393967465817,-0.7200533372842433,1.3609692162925122,0.030927835051546504,0.011022044088176308,0.0224609375,-0.029824561403508754,0.0932642487046631,-0.1491160645657187,1.109378295903587,-0.049116676373519685,0.022091310751104487,0.0,-0.058937061620298326
1994-06-30,0.02958123792612155,0.027691605931493557,-0.0014749371463659289,0.017701293199104295,0.06192884364326878,0.0,0.0,0.0,0.0,0.19047619047619047,0.1370081772260856,0.6781327960084438,1.0664393967465817,-0.7200533372842433,0.16137389150641246,0.0609090909090908,0.011022044088176308,0.0224609375,0.05786618444846292,0.0932642487046631,-0.1491160645657187,0.0,0.03144140465496115,0.022091310751104487,0.0,0.009854434495522923
1994-09-30,0.033136936098578484,0.005633600889278112,0.022786465900073827,0.041183956990270554,0.04327413124216761,0.051825266884475196,-3.287323796048839,-3.287323796048839,-3.282051282051282,0.19047619047619047,-0.6219681047105816,1.6709168358157753,-1.127530618466118,-5.2061391902619745,-0.584446623360706,0.049700085689802886,0.011022044088176308,0.0224609375,0.042735042735042805,-0.009478672985781977,-0.1491160645657187,0.4666666666666668,0.009897070467141722,0.022091310751104487,0.0,-0.03417872003170208
1994-12-31,0.03460828854139364,0.03427918026815968,0.029607285086337365,0.05259520314383148,0.03941005922618124,0.03617621835423046,-0.05876423285756838,-0.05876423285756838,-0.0561797752808989,0.19047619047619047,0.013043134568259118,-0.3646201271594631,3.3260686164229467,-1.2023277760301982,0.28455979943961074,0.031020408163265456,0.011022044088176308,0.0224609375,0.03606557377049202,-0.009569377990430672,-0.1491160645657187,0.3181818181818181,0.004508036064288401,0.022091310751104487,0.0,-0.017386398604985143
1995-03-31,0.07537198603517803,0.10931876630954052,0.0769245433520791,0.12567039828667448,0.07389533934980497,0.19159585549780478,0.6029354493233376,0.6029354493233376,0.5952380952380953,0.19047619047619047,0.6442802892368518,-0.05424436919863207,-1.2173107550297397,-0.9001865671641791,0.022110991206116593,0.06492478226444964,0.011022044088176308,0.0224609375,0.07278481012658222,0.02898550724637694,-0.1491160645657187,0.27586206896551735,-0.0013658536585364756,0.022091310751104487,0.0,-0.014510151886841682
1995-06-30,0.04709212710053223,0.06076327717947283,0.034809327580536564,0.04869206950133287,0.05880732510112541,0.004929104337634493,0.027256852175233437,0.027256852175233437,-0.32089552238805974,0.19047619047619047,0.5901354087572765,-0.01508701305641158,2.930451690098714,19.05607476635514,0.43386647497528985,0.11672862453531607,0.011022044088176308,0.0224609375,0.05604719764011801,0.04225352112676073,-0.1491160645657187,0.18918918918918926,0.011332551778038047,0.022091310751104487,0.0,0.011493035326518797
1995-09-30,0.006451195351942385,0.0028683020133475345,-0.024472965125439505,-0.020000888724083343,0.03527780621964993,-0.05085355465838015,-0.15188470066518844,-0.15188470066518844,-0.15384615384615385,0.19047619047619047,-0.5805793756590597,0.04550222447281804,-0.9629361847863313,-1.8690069379724552,-0.26294845683847723,0.1378162450066578,0.011022044088176308,0.0224609375,0.0321229050279328,0.07657657657657646,-0.1491160645657187,0.18181818181818188,0.028593508500772913,0.022091310751104487,0.0,0.0233532307047859
1995-12-31,0.009975999768672361,0.0031897097260145113,-0.015584492294970165,-0.026556988467215326,0.03242759908815862,-0.017493510548784674,-0.15649673202614378,-0.15649673202614378,-0.1428571428571428,0.19047619047619047,0.6266217594459333,-0.10631378654212076,-11.365503080082135,-2.5926477597712108,0.5681885813884284,-0.09830310122878871,-0.01684836471754214,-0.0019102196752627254,0.03247631935047357,-0.12552301255230136,-0.1491160645657187,0.15384615384615374,0.022163786626596682,0.0057636887608067955,-0.0066225165562914245,0.03054645927138777
1996-03-31,0.10402166332788654,0.05938143968151688,0.17965699349444564,0.14809912895148125,0.04067530970539801,0.12977088124836245,0.4283825109513182,0.4283825109513182,0.40909090909090917,0.19047619047619047,0.439180519101779,2.8623412821306906,8.09181854199683,-1.368186749466911,-0.1334020087561164,0.0330953926022064,-0.026713709677419373,-0.026794258373205704,0.04062909567496731,0.0,0.0009033423667570428,0.13333333333333353,-0.05733186328555684,-0.0014326647564469885,-0.026666666666666727,-0.0772553497840226
1996-06-30,0.11747887157673098,0.055494371069064075,0.19464432459582892,0.07288185151660564,0.04421998398914706,0.06475075051859869,-0.06307140377271148,-0.06307140377271148,-0.06451612903225812,0.19047619047619047,0.3023536206040589,0.2614911999358538,0.3503611465176324,-1.0018288965657387,0.000281535934933963,0.1306532663316582,-0.04816157431382706,-0.06882989183874133,0.04282115869017611,0.0861244019138756,0.11823104693140807,0.11764705882352944,-0.06549707602339183,-0.04160688665710188,-0.0273972602739726,-0.016249663707290862
1996-09-30,0.0035512849465419993,-0.006945177459340313,-0.018783021968298952,-0.03894210582592894,0.02780936993752703,-0.032605867725091775,-0.2109529397233202,-0.2109529397233202,-0.206896551724138,0.19047619047619047,-0.21787600843310695,-0.753359843955459,-1.2805140741099306,175.11111111111111,0.049567651243882294,-0.04444444444444451,-0.060391730141458155,-0.07919746568109831,0.0277777777777779,-0.08370044052863435,-0.03309120258272802,0.10526315789473673,0.023988318731748004,-0.05688622754491013,-0.028169014084507116,0.033309631898484904
1996-12-31,-0.0033668383506875177,-0.007033250837052418,-0.03297372353437311,-0.0619509971262574,0.027332515492690446,0.010693944094199326,0.028549065649153604,0.028549065649153604,0.01449275362318847,0.19047619047619047,-0.4529467349679216,-0.27455907223967146,-0.02784009203336213,-8.694321766561515,-0.36337767978189295,0.01279069767441876,-0.01621308627678053,-0.032110091743119185,0.02585193889541726,-0.014423076923077094,0.03839732888146896,0.09523809523809534,0.030963536361784394,-0.020634920634920673,-0.007246376811594013,0.05854329875079389
1997-03-31,0.006640412076095892,0.04448163703996766,-0.005878855610819023,0.011092645065732931,0.018859609504805253,0.07994434743865164,0.48322045506430267,0.48322045506430267,0.5000000000000002,0.19047619047619047,0.5840576020946215,-0.04467239503541376,0.1694574285545234,-1.1317699151326308,0.07521295516240767,0.06659012629161865,0.00765155974102405,0.008293838862559078,0.01832760595647187,0.039024390243902474,0.053858520900321505,0.09782608695652173,0.012052953961667612,0.006482982171799101,0.0,0.03305330533053308
1997-06-30,0.03170121614959687,0.03841026859073482,0.023789894020296076,0.02429516414220889,0.03923542734020913,0.06490879572151664,0.185239341234416,0.185239341234416,-0.20952380952380956,0.19047619047619047,0.717825987144169,0.03609361563669333,1.0231722742221097,6.172059738643435,0.501697645061594,0.21959095801937578,0.08177570093457942,0.10223266745005866,0.03937007874015741,0.19718309859154926,0.17467581998474446,0.08910891089108919,0.00722374072627896,0.07890499194847034,0.021897810218977964,0.013747035190473822
1997-09-30,0.06627495126621152,0.03300032476171366,0.10366584116640087,0.17904752859942086,0.03119561093801404,-0.028605481648619868,-0.15307447568339716,-0.15307447568339716,-0.15662650602409645,0.19047619047619047,-0.5102400823215754,3.3790040376850605,-2.1680254076222867,-2.281549607392304,-0.42814904995869385,0.29655781112091795,0.06749460043196542,0.07142857142857162,0.031385281385281294,0.247058823529412,0.16493506493506493,0.09090909090909083,-0.03275828648962986,0.06716417910447747,0.0071428571428571175,-0.12386000095497307
1997-12-31,-3.439971404450848e-05,0.00018914855391738428,-0.0010904226932754169,-0.04954211684045817,0.0010259656423723396,0.02933891202573191,-0.0887670742770984,-0.0887670742770984,-0.08571428571428563,0.19047619047619047,-0.2681456013970749,-0.6905991312187525,-0.9535294495471771,-0.9060627602315426,-0.07033150851581504,0.03335602450646702,0.039453717754172946,0.03482587064676612,0.00734522560335793,0.0031446540880502027,-0.05852842809364556,0.08333333333333348,0.0010020040080160886,0.02657342657342676,0.007092198581560183,0.052318927461987075
1998-03-31,0.059721521607985606,0.09870912775762575,0.09517278353195224,0.16603833312354266,0.024199743677557173,0.07318726972020229,0.16702190313262477,0.16702190313262477,0.1875,0.19047619047619047,0.3261809775921851,0.20645695364238414,0.8154803040774015,-3.077117117117117,0.15713857310324153,0.03359683794466406,-0.007299270072992692,-0.02115384615384608,0.027083333333333348,0.025078369905956244,-0.02545885139135584,0.07692307692307687,-0.03343343343343341,-0.017711171662125436,-0.007042253521126751,-0.05774509296183139
1998-06-30,0.040213294394426446,0.045704158085008606,0.05059288627754821,0.05681402800727642,0.029092360649664695,0.034942183681724526,0.04236707720036037,0.04236707720036037,0.026315789473684292,0.0,0.7222901643261783,0.7926581583642103,-1.5237913970308337,-3.0744274809160306,-0.2817057368359053,-0.0513065646908859,-0.03774509803921566,-0.056974459724950854,0.04158215010141997,-0.07645259938837923,-0.0674362089914946,0.0714285714285714,-0.010770505385252704,-0.04299583911234384,-0.014184397163120588,-0.010497966362537081
1998-09-30,0.06674069406645056,0.053768520989284196,0.09645258885906216,0.022299422514841627,0.034241587216727654,-0.01585486587884921,-0.09952623024518448,-0.09952623024518448,-0.08974358974358987,-0.053333333333333344,-0.8432608021416562,0.07864136384166076,-33.451065891472865,-2.146859580162248,0.44978352138546307,-0.26872690628149143,-0.022414671421294052,-0.04062500000000002,0.03797468354430378,-0.29801324503311255,-0.25602605863192185,0.06666666666666665,-0.030569514237856033,-0.02898550724637683,-0.007194244604316502,0.030772649002943853
1998-12-31,-0.010297148723295013,-0.029144033944152548,-0.033368895915553254,-0.06031247928659833,0.016456894343441553,-0.016166908996622653,-0.18670711880896607,-0.18670711880896607,-0.16901408450704225,-0.18309859154929575,4.396844407415122,-0.5727445636745585,-1.3600083608295137,-1.3107270473273536,-0.09640053392457182,0.0,-0.0489838457529963,-0.059717698154180265,0.020637898686679312,-0.037735849056603765,-0.003502626970227629,0.0625,0.027213822894168516,-0.04179104477611961,-0.021739130434782483,0.03319502074688807
1999-03-31,-0.008068304207718091,-0.012029966191116515,-0.022498405158830836,-0.15777582660071965,0.007844624118588772,0.04734529253449282,0.20429075111754713,0.20429075111754713,0.20338983050847448,0.2068965517241379,0.5108692505861581,-0.12066044317464542,1.0973955957367396,-1.2668387702417272,0.028467701552328473,0.060633899862195806,-0.04219178082191777,-0.04157043879907607,0.007352941176470562,0.03921568627450989,0.07908611599296989,0.06470588235294117,0.015979814970563444,-0.03271028037383161,-0.007407407407407418,0.17300370312418512
1999-06-30,0.003944651882642702,-0.013632086509030916,-0.029182307253195816,-0.056846960587007334,0.0393758795265835,0.02347289234099037,0.20689835448497607,0.20689835448497607,0.19718309859154926,0.2142857142857144,0.14736761437658052,0.1147568854131249,0.26916726808964997,-7.860158311345646,-0.18988728485527184,0.220008661758337,-0.0062929061784897655,0.006024096385542244,0.007299270072992581,0.212264150943396,0.24185667752442996,0.0662983425414363,0.0351821192052979,0.008051529790660261,-0.007462686567164201,0.04584259670964874
1999-09-30,0.017397719520935384,0.021023461078141237,-0.006391918903946303,-0.017786307194176953,0.0411637975210668,-0.033435102150060736,-0.20301924388949655,-0.20301924388949655,-0.21176470588235285,-0.21176470588235285,-0.34440956452043814,0.10333316387914526,-0.8428354430379748,-4.992820512820513,0.9359016738287707,0.07987220447284349,-0.03972366148531947,-0.01556886227544918,0.04076086956521752,0.07392996108949412,0.05377049180327864,0.05699481865284972,0.023390643742503103,-0.019169329073482455,0.007518796992481258,0.039496620041664876
1999-12-31,-0.012717876957172858,-0.02456078772887771,-0.047126163196369086,-0.1177989806947306,0.02008627201485469,-0.0024841160660166173,0.01860205995053943,0.01860205995053943,0.02985074626865658,0.014925373134328401,-0.18949620498191633,-0.007679193991798616,-0.06056701030927836,-0.6810942717698434,0.15417332857298094,0.01512163050624582,0.010191846522781711,0.037712895377129074,0.019147084421235805,-0.0253623188405796,0.029247044181704984,0.05392156862745101,0.03320961125219779,0.02931596091205213,0.00746268656716409,0.10568507157464202
2000-03-31,0.0483315786462053,0.04925346112283524,0.06451561392372929,0.18253636854478406,0.03391868940914522,0.12463777238185392,0.4234088817149795,0.4234088817149795,0.42028985507246386,0.42647058823529393,0.5886703119435193,1.4368296420114222,-0.6324258731666139,-2.373137333870318,-0.18342232324183283,-0.05084196891191706,0.059347181008901906,0.0797186400937866,0.03501280956447461,-0.07063197026022305,-0.08343409915356703,0.05581395348837215,-0.013613159387407814,0.06645569620253156,0.014814814814814836,-0.1127099208404232
2000-06-30,0.190650128474823,0.16099258847857567,0.2519285136074121,0.5344080068914314,0.1344629537934341,0.06208046588153926,0.058751862646786,0.058751862646786,0.030612244897959107,0.030927835051546504,0.14149699335372934,0.8580402169632764,-19.222620927228363,-1.5678985188444052,0.12756320513876318,-0.06107130672125549,0.0011204481792717047,-0.0032573289902279035,0.09158415841584167,-0.09199999999999997,-0.14116094986807393,0.048458149779735615,-0.04715353651523879,0.020771513353115667,-0.021897810218978075,-0.24334014257722936
2000-09-30,0.14709061986755478,0.11441851867505326,0.2562069905483513,0.25306688088962104,0.03668046788467261,-0.001899771513966586,0.10687604008072804,0.10687604008072804,0.08910891089108919,0.09000000000000008,-0.8846838104480026,0.6409597287217861,2.531676079302441,-2.713363460296966,-0.193835816535203,-0.14353197674418605,0.07890318970341359,0.039215686274509665,0.03628117913832196,-0.21585903083700442,-0.1820276497695852,0.04621848739495804,-0.09635888151277405,0.09156976744186052,-0.052238805970149294,-0.11063360881542694
2000-12-31,-0.004006772580804396,-0.01375721044947864,-0.028727096332006652,-0.07290397620747024,0.026303478867415464,-0.011703261074100801,-0.3737184716024503,-0.3737184716024503,-0.38181818181818183,-0.37614678899082565,6.751552795031056,-0.8458737459587374,-1.1442176233520902,-2.2312735493594573,0.2960500090596123,0.11285532456512515,-0.045643153526971014,-0.07547169811320753,0.024799416484317938,0.07303370786516838,-0.012206572769953072,0.04819277108433728,0.030498664292074817,-0.030625832223701632,-0.047244094488189003,0.06374674761491761
2001-03-31,-0.010725135827921561,-0.033623232010358106,-0.03161166459621234,0.006628480042724094,0.013511209147201386,0.05076859012818513,0.12462650356258131,0.12462650356258131,0.13235294117647056,0.13235294117647056,-0.13683829611248965,0.579377736930313,-0.3510044383959915,-2.6108696982679476,-0.3679626445218024,0.07281738467403742,-0.08913043478260874,-0.10657596371882094,0.011387900355871894,0.04712041884816753,0.07319391634980987,0.04597701149425282,0.024411319939511955,-0.06730769230769229,-0.04132231404958686,-0.03995108030982475
2001-06-30,0.01641893134794703,-0.03958605810246307,0.017258376571025913,0.018633598576782262,0.015488221707523175,-0.017104657665678924,-0.43958489452051686,-0.43958489452051686,-0.4415584415584416,-0.4545454545454546,0.6759971851230759,0.2745453767489623,1.3258113711099462,-0.1776595744680851,-0.4787542303523634,0.04975124378109452,-0.17601431980906923,-0.18527918781725894,0.011259676284306686,0.040000000000000036,0.10894596988485383,0.04395604395604402,-0.000843525938422629,-0.1605301914580265,-0.025862068965517238,-0.05714285714285716
2001-09-30,0.029659807919611314,0.02169086880942217,0.03794967576277819,0.05975675256823676,0.020452644711269397,-0.021282394758481704,0.22737955346650995,0.22737955346650995,0.2325581395348839,0.23809523809523814,-0.0928026157687617,0.3734196338048974,-1.1533015726653348,-1.5460635742007023,0.5015489072777424,-0.13371699390656733,-0.20419985517740769,-0.19470404984423662,0.02087682672233826,-0.14423076923076927,0.03594249201277955,0.04210526315789487,-0.008864499788940439,-0.18947368421052635,-0.008849557522123686,-0.03596474297111241
2001-12-31,0.009614854507162152,-0.023832410206225174,0.01661454576263388,-0.10564359800824397,0.0017073297378400465,-0.026111431450123845,-0.5202786352156616,-0.5202786352156616,-0.5283018867924529,-0.5192307692307693,-0.2750311427544474,0.13867799543394632,4.354073381006483,-1.550046535239868,-0.18372710829753558,0.053927315357561456,-0.18835304822565968,-0.1876208897485493,0.0027266530334015826,0.03370786516853941,0.3053199691595989,0.04040404040404022,-0.007879045996592948,-0.17532467532467522,-0.017857142857142905,0.09149759743726649
2002-03-31,0.037160887237606355,0.06091376351674915,0.055676984817330855,0.10769663810584729,0.015932030557313626,0.09809994921138498,0.8015621774138049,0.8015621774138049,0.8,0.8,-0.2688893567600975,-0.3921389318220848,-0.539051090334902,-1.4666974311644363,0.10504448983831316,0.21764923989618112,-0.16816143497757852,-0.17619047619047623,0.010876954452753163,0.21195652173913038,0.48434731246308327,0.03883495145631066,-0.020605280103026424,-0.162729658792651,-0.018181818181818188,-0.04225007642922651
2002-06-30,-0.000422935327558549,-0.03801190728223769,0.012873675046056077,-0.08342629358543929,-0.01626400439565623,0.05021820504177832,-1.2263307676146455,-1.2263307676146455,-1.2222222222222223,-1.2222222222222223,0.6076657253269917,-0.7904974467273613,-4.598380632582322,3.7682926829268295,0.45326941755177486,-0.024056029232643272,-0.32345013477088946,-0.3323699421965318,-0.01882985877605914,-0.03139013452914796,0.16633505769996026,0.03738317757009346,-0.015779092702169595,-0.335423197492163,0.0092592592592593,0.04954034729315637
2002-09-30,-0.021932060780348595,-0.03234049824254415,-0.04916525904943003,-0.016691706432462095,0.011473511292362737,-0.043248855418670296,-6.1455696202531644,-6.1455696202531644,-6.2,-6.2,-0.16126590470467228,0.20248128919155817,-0.17060377330092336,-1.0452063316513445,-0.01409968954812002,-0.1341653666146645,0.0,-0.0043290043290042934,0.011651816312542751,-0.12037037037037046,0.2681678607983624,0.03603603603603611,0.03406813627254501,-0.014150943396226467,0.00917431192660545,-0.015875912408759296
2002-12-31,-0.006255668572023754,-0.019277803484186506,-0.030918351193840343,0.05948297073079156,0.02218312095939079,-0.04332103330340298,-0.38414104141041405,-0.38414104141041405,-0.3653846153846154,-0.3846153846153846,-0.20569330292863397,-0.01923292587193004,-0.16608142562902073,14.84862385321101,-0.2266564618412421,-0.006486486486486531,0.055776892430278835,0.0652173913043479,0.02168021680216814,-0.015789473684210464,-0.006725854183481261,0.03478260869565197,0.028639104220499645,0.04784688995215314,0.0181818181818183,-0.07435564620804735
2003-03-31,0.02948676675215789,0.037116571212563176,0.038389860052450375,-0.07573785396237387,0.01975384163832028,0.08544879683047935,0.2958830421815084,0.2958830421815084,0.2727272727272727,0.3125,-0.42999757146822093,-0.128408896003659,-0.7978608811080766,-2.6720694645441387,0.49006079457090346,0.024664490388103033,-0.03584905660377358,-0.02857142857142858,0.019230769230769162,0.0,-0.03548212351029256,0.03361344537815136,-0.009420138162026359,-0.03652968036529669,0.008928571428571175,0.12212873931623935
2003-06-30,0.039878827404797645,0.08927948153938448,0.1426444728506997,0.08732911759764161,-0.0745184003324656,0.008389987151181222,0.00861023775763936,0.00861023775763936,0.0,0.0,2.5198496629589617,0.1821908822564775,-0.9184519323931531,10.145000288500375,3.665439502049491,-0.010619469026548645,0.45988258317025443,0.4369747899159664,-0.07482108002602461,-0.0267379679144385,0.014883459702330848,0.035230352303523116,-0.10989010989010983,0.4502369668246444,-0.008849557522123686,0.0017851829812554065
2003-09-30,-0.017214720648593085,-0.03790543001585023,-0.049063388058262714,-0.11755343545497132,0.026557859440495823,-0.04440581190260984,0.15502628254757345,0.15502628254757345,0.1428571428571428,0.1428571428571428,-0.377350089269889,-0.12395616590373149,100.72277227722772,-1.2093717965975337,-0.16449461053487902,0.09266547406082282,-0.020107238605898137,-0.032163742690058617,0.02320675105485237,0.18131868131868112,-0.24543442169341456,0.03403141361256545,0.04439696106362767,-0.022875816993464082,-0.017857142857142905,0.09022869022869018
2003-12-31,-0.0141259159227769,-0.0429440296970236,-0.0605539572122884,-0.191344380565171,0.0449838689172255,0.02149008329352875,-0.01622832548376285,-0.01622832548376285,-0.02083333333333337,-0.02083333333333337,0.6255068318151522,0.10897171992272847,0.7308416066446044,0.6656858139017334,-0.32794083998266876,0.13916175507531103,0.09165526675786584,0.08459214501510592,0.039175257731958624,0.1116279069767443,0.16685001833516688,0.030379746835442978,0.06001363946351446,0.08026755852842826,0.009090909090909038,0.18350223384548348
2004-03-31,0.07436957873056182,0.1296494493703464,0.1114346563832902,0.31049396386686556,0.03194610899121497,0.1758274568929088,0.933764859873411,0.933764859873411,0.9361702127659577,0.9148936170212767,-0.4604207154297918,5.000942372494146,-1.4445639949014022,-1.4736943677444256,0.23114591407274343,0.0971543546996263,0.27318295739348364,0.256267409470752,0.029100529100529293,0.05439330543933041,0.005342551854179645,0.03194103194103182,-0.03945957538065614,0.2321981424148607,0.018018018018017834,-0.13797072092809137
2004-06-30,0.004189349009862564,0.01760009305851651,-0.04816290746560381,-0.053833662807116656,0.06872557928865675,0.04558453884255376,0.1634244492248349,0.1634244492248349,0.18681318681318682,0.1777777777777778,0.25000593687910144,-1.0298085571116535,-2.233094119730484,-0.564668275408192,0.08173291910847524,-0.02462667015981146,0.2303149606299213,0.2682926829268293,0.07005141388174785,-0.051587301587301515,-0.23100969052829,0.030952380952380842,0.0643000669792364,0.22361809045226133,0.04424778761061954,0.0755140186915888
2004-09-30,0.013250323163021216,0.05517962043144231,-0.01560720120936343,-0.02913297257134606,0.04493313224613016,-0.022948657928765104,0.0582595458783961,0.0582595458783961,0.03703703703703698,0.04716981132075482,0.01222199706165461,-5.407407407407407,-0.8216298282087756,6.693470592469945,0.5812985797973316,0.00778941713671788,0.16480000000000006,0.19755244755244772,0.04444444444444451,-0.05857740585774063,-0.21382113821138216,0.02771362586605086,0.03125655548563033,0.16016427104722797,0.025423728813559254,0.08679676250062052
2004-12-31,0.05383189717041992,-0.04633085785156077,0.021824222973339857,-0.014033053675224338,0.08693728310762361,-0.0022108759690877555,0.28877190604218916,0.28877190604218916,0.2857142857142856,0.2702702702702702,0.0,0.0,0.0,-2.6267989145691026,-0.5980248833057578,0.21775053304904035,0.20192307692307687,0.22919708029197072,0.08050603795284639,0.16888888888888887,0.0010341261633919352,0.02921348314606731,0.031326281529699074,0.22123893805309747,0.008264462809917328,-0.03275917211129886
2005-03-31,0.011125573147152235,0.022782361678658214,0.0002070624697148027,0.030968306909985976,0.021742031208578094,0.10233276562146942,-0.1855756251205245,-0.1855756251205245,-0.1875,-0.18439716312056742,0.02915378936699997,1.5585337583309187,2.917836055517215,-0.9276585219952145,-0.1076235869965172,-0.012694243817027773,0.0040000000000000036,0.038004750593824355,0.021820117083555024,-0.0874524714828897,-0.2200413223140496,0.028384279475982543,0.010453648915187408,0.02753623188405796,0.008196721311475308,-0.007935758148323035
2005-06-30,0.021247515885381096,0.0669518130014013,0.08027018183120682,0.07456833936336382,-0.034932741528512556,0.019423749642808463,0.1581545526296908,0.1581545526296908,0.16239316239316248,0.17391304347826098,0.0,0.0,0.0,-19.43015027431025,2.222737908020406,-0.11483041454223009,0.03471826977803061,0.03775743707093815,-0.03124999999999989,-0.1333333333333333,-0.16158940397350996,0.02972399150743099,-0.054850673433535,0.038081805359661436,0.0,-0.007094562422626405
2005-09-30,0.012956588680527403,-0.020262596415054235,-0.018326049071404116,-0.04708341099476243,0.04628718436643653,-0.03195014171156796,0.07013109310336274,0.07013109310336274,0.06617647058823528,0.05925925925925912,0.26219134113870957,0.43667534968004973,0.9478299163282282,-1.4018619820876979,-0.2771661509164485,0.07663410969196094,0.03630363036303641,0.040793825799338324,0.045698924731182755,0.11057692307692313,0.01500789889415488,0.030927835051546504,0.03283767038413865,0.044836956521739024,0.0,0.02814942694096767
2005-12-31,0.11554218536340777,0.06350976012146159,0.1988868200235001,0.3722293399904322,0.03222516727219338,0.020811421158041687,-0.2530393905008915,-0.2530393905008915,-0.24827586206896546,-0.25174825174825166,0.023218852494545583,6.123648761837191,-3.918920412582459,-1.7558561460010735,0.289828345613963,0.017911142126075807,-0.07961783439490455,-0.1027542372881356,0.03290488431876604,-0.025974025974025983,-0.04357976653696505,0.030000000000000027,-0.07478504299140165,-0.08842652795838757,-0.016260162601625994,-0.22495335820895535
2006-03-31,0.022668625157889588,0.03372987438196917,-0.008602040146355683,-0.014917410132893716,0.05897617434520197,0.15783321444777076,0.3758913070436507,0.3758913070436507,0.36697247706422,0.36448598130841114,-0.10593822662788177,-0.9521838667063209,-1.3771977988877395,-1.889075105101693,-0.19977787564866056,0.13162705667276065,0.03633217993079585,0.02007083825265643,0.053758088601294274,0.09333333333333327,0.20911310008136708,0.031067961165048397,0.03566025502485415,0.021398002853067144,0.0,0.049347054221580366
2006-06-30,0.02520094971261888,0.04608958375407157,-0.0530216771232801,-0.02308251967369157,0.11022739855622365,0.047502309785001806,0.09218523796916456,0.09218523796916456,0.08724832214765099,0.10273972602739745,0.8142165972613413,0.8017184019440506,0.6290110612200197,0.26500846672417655,-0.31581319294887134,0.06441841680129246,-0.011686143572620988,0.00810185185185186,0.11100614076523363,0.012195121951219523,0.0020188425302827273,0.02824858757062154,0.08284641068447418,0.0013966480446927498,0.0,0.07082640362447656
2006-09-30,0.01848073122771443,0.015880965078442832,0.03107321572573718,0.07517733871471433,0.006805616236714052,-0.024900906932769584,0.08611156956593491,0.08611156956593491,0.09259259259259256,0.08695652173913038,-0.6677355232802774,0.4183847141939627,-0.9500823557094356,-1.0543144708096026,0.025070969321434156,-0.0599506734964903,0.0045045045045044585,0.01148105625717566,0.026360544217687076,-0.1526104417670684,-0.10409670920080594,0.031135531135531025,-0.011370206205434608,0.00976290097629029,0.008264462809917328,-0.05516281062553552
2006-12-31,0.01583425661389426,-0.0039453366566023496,0.020918919025576077,0.06157558066839797,0.0110063846773365,-0.015841600455875682,-0.08365782775519504,-0.08365782775519504,-0.062146892655367325,-0.06285714285714294,0.6868733624454149,0.8747523687695982,1.794949494949495,-5.360846314810509,-0.10665665836432492,0.10817356205852668,0.043721973094170474,0.06810442678774131,0.029826014913007404,0.07582938388625604,0.04797601199400314,0.03197158081705154,-0.004873294346978696,0.05110497237569045,0.016393442622950838,-0.06172769527264488
2007-03-31,0.029828902610422148,0.06046916376465683,0.011805335775011194,-0.011477066453059015,0.047110015716696374,0.1074474982000293,0.08468805547062441,0.08468805547062441,0.09036144578313254,0.08536585365853666,0.1868266139261805,-0.5363263087977779,1.6305264425972776,-2.4197590104499893,0.16950565888808256,-0.005645601894008312,-0.0010741138560688146,0.019128586609989284,0.04666130329847151,-0.03083700440528625,-0.09298998569384842,0.029259896729776358,0.016846229187071682,0.013140604467805517,0.0,0.07279647193862138
2007-06-30,-0.030673808930248514,0.005303249817712796,-0.10944044965551158,0.015017179286161975,0.0423018368557766,0.03358397738342278,0.0376333554696644,0.0376333554696644,0.055248618784530246,0.04494382022471921,0.8240385286521952,2.2429775097995805,0.37301550955608476,-1.4138720943332457,-0.05998573971163734,0.15366300366300356,0.001612903225806317,0.02085505735140769,0.039200614911606424,0.09999999999999987,0.09936908517350163,0.028428093645485042,0.07532267385860147,0.0038910505836575737,0.016129032258064502,-0.009573150129519203
2007-09-30,0.029803067330078425,0.04082748233626443,0.11183516956105355,0.16605367109121172,-0.0351334400896498,-0.03030547616604018,0.057144567329385776,0.057144567329385776,-0.2931937172774869,-0.28494623655913975,-0.356893104503884,-0.6117699026202188,-0.1185299660342326,-2.3801832864531347,0.08807453128437914,0.08445785045245269,0.007514761137949577,0.011235955056179803,-0.0007396449704142327,0.045454545454545414,0.045911047345767564,0.034146341463414664,-0.06305983518452174,0.0012919896640826156,0.015873015873015817,-0.10740277461905834
2007-12-31,0.0603374464928248,0.027566490297421753,0.07075344868955225,0.11205159694762301,0.0508362281044441,0.014998263525130007,-0.07723968518752422,-0.07723968518752422,-0.06666666666666676,-0.07518796992481214,-0.23875329582262617,3.9053465592320977,-2.7727682653801278,-0.3601341134705147,0.051794143158947925,0.154442980529937,-0.003196590303676139,0.0,0.049222797927461315,0.1541501976284585,0.11522633744855981,0.03301886792452824,-0.008986615678776344,-0.006451612903225823,0.0078125,-0.07592840308299886
2008-03-31,0.0424920797447812,0.06919466089386406,0.011241208304900274,-0.003685978061981454,0.07153864703355661,0.12494503474652352,0.20568952577845123,0.20568952577845123,0.20634920634920628,0.21138211382113825,0.9060625305324865,-0.8474013377080153,-2.197122721888018,-2.5941641837049216,-0.07850240323804702,-0.14963225970073546,0.020309994655264507,0.027272727272727115,0.07654320987654306,-0.18835616438356162,-0.17281672816728177,0.03196347031963476,0.02778313717923986,0.016883116883116722,0.007751937984496138,0.07313710622458114
2008-06-30,0.08093065618418716,0.05770685924754404,0.14202068333948015,-0.12223363135562215,0.02734483129787435,0.051598771671782506,-0.011258959994675855,-0.011258959994675855,0.006578947368421018,0.006711409395973256,0.1606141922387876,6.289143141400324,-1.6394995691064158,-10.27519979376128,0.7901545016306675,0.16597077244258873,0.009952854897852248,-0.014749262536873142,0.027850589777195234,0.08016877637130793,0.09888475836431221,0.030973451327433565,-0.04955885113572367,-0.0012771392081735167,-0.015384615384615441,0.2049717368961972
2008-09-30,-0.024482677815631182,0.015014314054631495,0.050860169781564935,0.1646032348015991,-0.09794748820634303,-0.08427992274300578,-0.009458951161087192,-0.009458951161087192,-0.006535947712418277,0.0,-0.3212870827978217,-0.7897131417912145,-0.4894980436621158,0.961442250232778,0.8657590293453725,-0.22394168052180585,0.011410788381742698,-0.015968063872255578,-0.06152374880459033,-0.24609375,-0.26048714479025714,0.03576537911301858,-0.07525182698005128,-0.0012787723785167016,-0.015625,-0.12841835918758993
2008-12-31,-0.0017137827809685646,-0.1151061865455828,0.026875187429667546,0.049190069955207694,-0.03418876747835309,-0.12269829751021966,-0.3788333013558455,-0.3788333013558455,-0.36184210526315796,-0.36,-0.5537031433526275,5.860431991922688,1.6411855196206044,-2.2269315110227828,-0.5693270231306518,-0.30932762030323013,-0.04871794871794877,-0.07910750507099384,-0.03125000000000011,-0.2642487046632125,-0.32936870997255263,0.03453038674033149,-0.03246475865014964,-0.04737516005121645,-0.031746031746031744,-0.15663608562691134
2009-03-31,-0.05414440518226493,-0.0998051436847851,-0.07854905837343751,-0.13538633856368354,-0.024669766402331317,-0.1279237656286264,-0.6562312983828933,-0.6562312983828933,-0.6597938144329897,-0.65625,0.9799005598973523,-0.9392639294415083,-2.0989357522453282,-0.7244244767379748,-0.364296347188824,-0.11548556430446189,-0.19460916442048515,-0.2202643171806168,-0.02384291725105192,-0.08450704225352101,-0.07230559345156895,0.03337783711615483,0.03112582781456963,-0.16397849462365588,-0.06557377049180335,0.041192254695771924
2009-06-30,0.030142848034650616,-0.05667674478719986,0.09363253497155632,-0.13040156876414732,-0.04230067590852904,-0.05704536120198933,-0.07311594474186667,-0.07311594474186667,-0.030303030303030276,0.0,0.5210969920354667,-0.07686982107699958,0.11489188214448132,-1.2206890048406362,0.12646804524821675,0.10035068788777979,-0.24698795180722888,-0.27542372881355937,-0.04238505747126431,0.13076923076923075,0.3985294117647058,0.03229974160206717,-0.07043459644615724,-0.207395498392283,-0.08771929824561397,0.08476701260709052
2009-09-30,0.008245922088105262,0.003108412529559512,-0.037429453379019706,-0.08496405840397181,0.04728428308555066,0.01185323285200357,0.48422732046207284,0.48422732046207284,0.4375,0.36363636363636354,-0.3704810964952626,-0.36694947032905223,-0.3285625879043601,-0.8937473294402507,0.011928938068663353,0.16964942387840165,-0.33777777777777784,-0.3450292397660819,0.04613653413353336,0.217687074829932,0.6077812828601472,0.031289111389236623,0.038691847075080776,-0.2900608519269776,-0.07692307692307698,0.0962501605239503
2009-12-31,-0.014388800517008193,-0.02393273189551204,-0.03933947641013791,0.04397067132630128,0.015627677385729122,0.0525410508388966,0.42253003687426016,0.42253003687426016,0.4130434782608696,0.4222222222222223,0.3312555517529119,0.5869830809670133,0.02881070482957404,18.682752457551384,0.23202650527524504,0.13938377698595672,-0.15167785234899311,-0.14583333333333326,0.015059160989602027,0.0893854748603351,0.7174623937213866,0.03033980582524265,0.030598669623059793,-0.12285714285714289,-0.03124999999999989,-0.06501493586364437
2010-03-31,0.006540510909070596,0.09672394750625957,0.0012219758618556842,0.08138512910495521,0.0126541428686604,0.11046592613606432,0.4717253649111397,0.4717253649111397,0.4769230769230768,0.4687499999999998,-0.32077112164461274,-0.1936266504922316,-0.796158372459513,2.3294438138479,0.6270313254866418,0.10559234731420175,0.346518987341772,0.34843205574912894,0.010950194277640435,0.08717948717948731,0.3076923076923077,0.029446407538280317,0.006024096385542244,0.3192182410423452,0.032258064516129004,0.014157739773225542
2010-06-30,0.0052883636118710164,0.06990014095222641,0.055838568316138204,0.06414942265230028,-0.052425911065727804,0.06564383134154772,0.44390139279748864,0.44390139279748864,0.4270833333333335,0.5,0.6050598136484837,0.20725568477694845,1.3106995884773665,0.32934911565367986,0.5123094589303685,0.0622296173044925,0.4453584018801411,0.4496124031007751,-0.05310971348707194,0.05188679245283012,-0.2122888759464182,0.029748283752860427,-0.05752780153977766,0.36790123456790114,0.05208333333333348,0.005435789733769791
2010-09-30,0.0806567294782381,0.15570681643648743,0.048828266172957546,0.03501896465630283,0.12064657111492427,0.015361012320247447,0.11256599883869045,0.11256599883869045,0.11678832116788307,0.07092198581560294,-0.6744253825263298,0.4130841121495328,-3.1353949632139986,0.7865257866796604,0.6052028926581945,-0.01018170426065168,0.2845528455284554,0.2887700534759359,0.11955719557195565,0.04484304932735439,-0.3208872458410351,0.030000000000000027,0.037213523939187754,0.24187725631768964,0.03960396039603964,0.11654481784112547
2010-12-31,-0.008485468482325564,-0.02499182659063226,-0.05472889960441785,-0.14952692778243237,0.04460029683683886,0.013215762494464212,-0.0687418831497223,-0.0687418831497223,-0.07189542483660138,-0.07947019867549676,1.3215901692708334,0.463709130375797,-2.268709589917368,-1.3304527576009877,-0.12458921280400415,0.22551036556417148,0.13797468354430364,0.14937759336099576,0.04119973632168761,0.09442060085836901,-0.06314643440391943,0.031283710895361416,0.05338000437541024,0.11773255813953476,0.028571428571428692,0.14647298338285486
2011-03-31,0.07138422977115022,0.1600886758952902,0.07195853782513062,0.20586253160956858,0.07209626107487965,0.1302695397856184,0.21465374923972536,0.21465374923972536,0.21126760563380276,0.2086330935251799,0.373317862989305,-0.3299309481879692,-0.8171426747933752,-3.5996437880104257,0.3699835298539944,0.14798553719008267,0.09677419354838701,0.10589651022864022,0.06995884773662553,0.10196078431372557,-0.01626961069145849,0.03347280334728042,0.0006230529595017131,0.08582574772431739,0.0185185185185186,-0.03796314071798812
2011-06-30,-0.043074883038925815,-0.08229501704101327,-0.06812617628492212,0.02162987839789432,-0.017886837940366718,0.05238321127445644,0.045069727349788424,0.045069727349788424,0.06976744186046524,0.06547619047619047,-0.06324021890059628,-0.27685657473848013,12.82333949949391,-2.505549447060514,-0.40659503319178125,0.029583802024746753,0.019269776876267963,0.04787812840043526,0.02721893491124261,-0.03558718861209964,-0.09746012994683995,0.037449392712550544,0.026359485263594884,0.017964071856287456,0.027272727272727115,-0.10172112746320783
2011-09-30,-0.0519174358317247,-0.07105779540171364,-0.03526314590303292,-0.06496495462440455,-0.06809062801480126,-0.051600519674001366,0.016523494986139253,0.016523494986139253,0.059782608695652106,0.06703910614525133,-0.15668664850136238,1.9994739736508618,-0.5529039710644422,-0.48253564459953513,-0.35456130050831525,-0.16759532393750687,0.04179104477611939,0.05607476635514019,-0.043490783410138234,-0.19188191881918815,-0.2172774869109947,0.03609756097560979,-0.01698685540950462,0.014117647058823346,0.04424778761061954,-0.00655337109852272
2011-12-31,0.0005807244814026724,0.010924068857464775,-0.026193995432501116,-0.051706192532212425,0.02807546104809311,-0.03928685069116644,-0.18938919526762688,-0.18938919526762688,-0.18461538461538451,-0.18324607329842924,-0.1795693643859695,-0.4793498449544429,-0.7890141664337126,-1.2729589210336663,0.1499455643165848,-0.047775298595616245,0.007163323782235054,0.01671583087512296,0.029208069858476238,-0.004566210045662045,-0.10367892976588633,0.034839924670433176,0.027566344373585627,-0.009280742459396696,0.025423728813559254,0.06607781753130593
2012-03-31,0.05437283298785078,0.11236097345971063,0.045542099355223575,0.1741377448046304,0.08132139463053045,0.0922904746700175,0.2961713863253117,0.2961713863253117,0.3018867924528301,0.2884615384615383,0.7448212035286705,-1.0740882506047709,1.1675856531049251,3.4864843627219866,0.5850089347191711,0.16044107512060646,0.02465623518255078,0.04158607350096699,0.08045640725570502,0.12844036697247696,0.13152985074626877,0.035486806187443154,0.025425425425425363,0.017564402810304358,0.024793388429751984,-0.0525957000524383
2012-06-30,0.025820075150214006,0.0001807750915494566,0.18139890651024704,-0.0013204515325593302,-0.12210950532057563,0.00533451124968054,-0.03239295808045528,-0.03239295808045528,-0.02898550724637683,-0.01990049751243772,0.18255256238079642,-40.23248605083695,0.4367012015164051,-0.7728067256327174,0.08385447709574789,-0.041691412281743556,0.032392410920869974,0.0018570102135559985,-0.11291632818846475,-0.11382113821138207,-0.08491343775762583,0.03602811950790841,-0.1440843420538852,0.00805523590333701,-0.008064516129032251,0.0014944373720042758
2012-09-30,-0.003196338284028988,-0.06625710242114802,-0.04501327469226846,-0.04808824410813617,0.04995573382293328,-0.05766420276779727,-0.20606361664431305,-0.20606361664431305,-0.19900497512437798,-0.20304568527918776,-1.0133053649002528,0.382278267648515,-0.26224907710225154,-7.201023775016189,-0.4797540787076965,-0.020079325731284126,-0.05513222770058268,-0.06765523632993509,0.05189255189255193,0.10550458715596323,-0.04414414414414414,0.034775233248515613,0.053147810218977964,-0.047945205479452024,-0.016260162601625994,-0.019122361003647614
2012-12-31,0.02934848541184043,-0.024841181672167312,0.02504076847318304,0.05146706162989956,0.03590518338013249,-0.04648305486736126,-0.24517708693965568,-0.24517708693965568,-0.24844720496894412,-0.2420382165605096,-51.82613685267537,0.6177882783324442,-1.6688491739869982,-1.152924268870622,0.14102184893988268,0.029850746268656803,-0.06261859582542695,-0.07852882703777331,0.03627394080092872,-0.020746887966805128,0.07917059377945335,0.03360655737704921,0.006497725795971521,-0.05155875299760193,-0.03305785123966942,-0.07257155735857568
2013-03-31,0.10560796401055694,0.32784300397461075,0.18377750077783928,0.46630537001760275,0.015648784942947636,0.07879510486887109,0.4177562140117814,0.4177562140117814,0.42148760330578505,0.41176470588235303,0.04840972145782363,-0.8572290008008668,7.094626371712245,18.180606139438087,2.370580847408241,0.13399656104151303,-0.045546558704453455,-0.09061488673139162,0.014841781013721578,0.09745762711864403,0.19650655021834051,0.03409992069785872,-0.08134280180761777,-0.04804045512010113,-0.04273504273504258,-0.09441069258809232
2013-06-30,-0.010327995169104986,0.017040883815766517,-0.06335913173660945,-0.035177271841491,0.060891933493780304,0.036646657843068864,0.056922357343311525,0.056922357343311525,0.058139534883721034,0.08928571428571441,0.27102441440689606,0.027403814426186335,-1.3189100788121688,-0.9117619633732423,0.06205915511599169,0.009314415682876609,-0.06945917285259806,-0.05812574139976279,0.06153421633554079,-0.007722007722007707,0.0613138686131387,0.03450920245398792,0.07191379714218793,-0.031872509960159334,-0.0267857142857143,0.05413927277606323
2013-09-30,0.01973271770490448,0.026756106194946172,-0.014828330134774803,-0.01851995467306855,0.06071961196328046,-0.058948443702630526,-0.09901019309347847,-0.09901019309347847,-0.098901098901099,-0.1202185792349727,-0.40125091075452834,-0.16181972925666022,-0.6254288924201172,0.5775412371629216,0.09218024802796876,0.1000107307651037,-0.03703703703703687,-0.02896725440806036,0.060306732518845774,0.035019455252918386,0.12448418156808816,0.03335804299481082,0.04020979020979021,0.00411522633744843,-0.03669724770642202,0.04614013873862399
2013-12-31,0.00590943454534143,0.011567517065406818,-0.019846406551345952,-0.0439668898112856,0.03423193005393088,-0.037238883323249095,0.036722932595490976,0.036722932595490976,0.03658536585365857,0.03105590062111796,-0.08940150199334251,-3.9051459881983295,1.0023778642455685,0.18079178617753988,0.099659080921638,0.13705979904399568,0.031360946745562224,0.045395590142671916,0.03481245403285116,0.07518796992481191,0.129663608562691,0.032281205164993,0.02815126050420158,0.07240437158469937,-0.01904761904761909,0.05803625745224483
2014-03-31,0.01853414071711801,0.03553203003791383,0.012561589484666458,0.019399334504555332,0.024744147390419302,0.08126191642900893,-0.04296295126496319,-0.04296295126496319,-0.04117647058823537,-0.036144578313252906,0.07747709950353121,-1.469430284165474,0.12179729389326721,-1.224513793263503,-0.020347068176910565,0.021190803019903948,-0.055651176133103886,-0.021091811414392092,0.026060175313906697,-0.013986013986013957,-0.0492690850027071,0.03335649756775538,0.006129955046996427,-0.017834394904458595,-0.009708737864077666,0.015869365225390952
2014-06-30,0.013127713347475423,0.02060514372163391,-0.005500949515840903,-0.03397055281554506,0.03231004948693195,0.04972865103266244,0.2418752011088834,0.2418752011088834,0.2331288343558282,0.25,1.0565975151606923,8.477810713232092,0.5052388036360866,10.082029724576758,-0.23017010108354574,0.045534739141392944,-0.007897934386391192,0.013941698352344822,0.03347956592011081,0.0177304964539009,0.05751708428246016,0.0322797579018157,0.018887083671811578,0.02204928664072625,0.0,0.05648630292053447
2014-09-30,-0.03990677668727127,-0.032169221191189146,-0.06795573325121451,-0.11208726277331871,-0.012076863057908227,-0.07246891500716934,-0.06958922129432166,-0.06958922129432166,-0.06467661691542281,-0.07499999999999996,-0.542664904228799,-0.28715543704300983,-0.3881936119768774,0.08080690830248272,-0.32314857566057553,-0.061872237846524736,0.015309246785058184,0.03624999999999989,-0.011170688114387817,-0.09059233449477355,-0.08508346795907384,0.03127035830618885,0.028901734104046062,0.030456852791878264,0.0,0.09000321440051429
2014-12-31,-0.01382747628902381,-0.025269465520768142,0.10483116505451484,-0.19010047437866984,-0.1249815511560034,-0.04126660737899135,-0.04583186058717048,-0.04583186058717048,-0.02127659574468077,-0.027027027027027084,0.06420340854205486,-0.6677104841275288,-0.48777354941523776,-0.9677226332807843,-0.015410154586832925,-0.0011991434689507807,0.034378769601930204,0.018094089264173663,-0.086985991866245,0.00766283524904221,-0.03472630959387879,0.039797852179406235,-0.11274699728787296,0.011083743842364768,0.009803921568627416,0.20352894917919984
2015-03-31,-0.018394069125272083,0.00999079572301409,0.05493593221643489,0.1830463274923253,-0.10509994443044157,0.008713895054949017,0.06770014817475634,0.06770014817475634,0.11956521739130443,0.12222222222222223,-0.0903023164507264,-0.01941091441551368,-0.02571382426194946,2.46369578134284,-0.054211494949814365,0.05222536660663746,0.09504373177842562,0.055687203791469075,-0.08067310071764411,0.15589353612167312,0.03170731707317098,0.03827460510328051,-0.08820960698689939,0.05481120584652843,0.0,-0.1462817004941398
2015-06-30,-0.0034187618518441987,-0.034901487416501675,0.0007228906268710311,-0.15075719359207673,-0.009206254616181186,-0.00562974356412127,-0.3710981443515744,-0.3710981443515744,-0.37378640776699024,-0.3613861386138614,1.022906083079591,-2.3929102453654956,4.084988134291897,-3.8059663087110165,0.1608347189268966,-0.018011409942950363,-0.04579339723109688,-0.08978675645342304,-0.007267833109017352,0.06578947368421062,-0.07151300236406621,0.036863662960795684,-0.005747126436781658,-0.08083140877598138,-0.009708737864077666,0.13642669217890457
2015-09-30,-0.02387003796735221,-0.04570764730368049,-0.0056577643197854854,0.08506380498100108,-0.04952092231490901,-0.08750494512973095,0.08650684855171797,0.08650684855171797,0.10077519379844957,0.09302325581395343,-0.9902758122574091,-1.9228041562059044,-1.0245976037239564,-2.261323828796058,-0.17475757760565958,-0.11768611503029291,-0.008370535714285698,-0.07028360049321836,-0.03253796095444694,-0.11111111111111116,-0.02800763844684917,0.03555304740406329,-0.026493256262042464,-0.05402010050251249,-0.019607843137254943,-0.1205539419960433
2015-12-31,-0.020619246474248287,-0.033200873439488965,-0.02734551379127148,-0.07134865674708757,-0.010741380326734884,-0.05707150195793609,-0.061524889987588316,-0.061524889987588316,-0.04929577464788726,-0.05673758865248213,67.77214170692432,-0.8915085440807046,-16.5888671875,-1.3549215766106362,0.07516001757216695,-0.05248800677264598,-0.04727068092290376,-0.0755968169761273,-0.004484304932735328,-0.02083333333333337,0.011787819253438192,0.03433242506811984,0.01014349332013853,-0.05843293492695889,-0.020000000000000018,0.04111424879146108
2016-03-31,0.02682555375826179,0.0593724222293448,0.013097849776374959,0.05596049827308747,0.04671536435967294,0.04548915393684916,0.022417505546993732,0.022417505546993732,0.02962962962962945,0.03007518796992481,-0.01987063162208047,6.833295199743742,-0.17895400971890352,-1.1710184907000245,-0.011955199743387546,-0.023031867368212167,-0.11045481393975187,-0.11190817790530849,0.05011261261261235,-0.01773049645390068,0.053074433656957964,0.033192834562697504,0.019348518246387503,-0.09026798307475326,-0.020408163265306145,0.003218094887826428
2016-06-30,-0.0010491821425105963,-0.04564034233005587,0.06185971920439837,-0.05385786479267729,-0.08924992614875515,0.04542248728640552,0.2924461739111843,0.2924461739111843,0.2949640287769786,0.2992700729927007,0.45830483977412206,-1.758384400137866,1.2333109886696203,-15.907130879182304,0.1803741360869049,0.10192053653084043,0.11354581673306763,0.08885298869143798,-0.08391420911528136,0.05054151624548742,0.23417332513829137,0.032126466088730155,-0.08817876021143678,0.10077519379844957,-0.01041666666666663,0.008660984327742538
2016-09-30,-0.007118343286550588,0.014226964351652605,-0.021093037499030465,0.054226626953081336,0.015742510526735698,-0.07237340006425108,-0.1309657728002117,-0.1309657728002117,-0.12777777777777777,-0.1292134831460674,-0.7666972462034959,-0.6517281487586755,-1.0377292648881862,-0.07759184067023062,0.14095410071436,0.06787163408336405,0.0292188431723317,0.01928783382789301,0.019607843137255054,0.1649484536082475,-0.020916334661354452,0.031126482213438944,0.02292490118577062,0.030985915492957927,-0.010526315789473717,-0.03793557766571254
2016-12-31,-0.019990202920178057,-0.006444488115780023,-0.01635036695775116,-0.027569141356999616,-0.025729453415879067,-0.02636658621115795,0.14836600374055942,0.14836600374055942,0.15286624203821653,0.1483870967741936,1.5475195730786786,0.2624466414526796,-11.098699954724792,-0.26313466552843545,0.09103275101338015,0.1407599309153713,0.08690614136732311,0.07132459970887917,-0.024971297359357214,0.11799410029498514,0.11444557477110884,0.03018687110685181,-0.0059247810407006,0.07377049180327866,0.0,0.021722704948998972
2017-03-31,0.3063278681286197,-0.11979883529201263,0.4689825272354453,0.25684340462936306,0.04735949240554116,0.16786518216986335,-0.010907357908041648,-0.010907357908041648,-0.011049723756906049,-0.016853932584269704,0.3268732514711761,-60.75316666374674,-15.7885625352257,-6.526007597370868,-0.4610747690591924,0.13981831945495826,0.07462686567164178,-0.00815217391304357,0.0482778922578746,0.16886543535620047,0.060702875399361034,0.030697674418604715,-0.19823788546255505,0.03180661577608146,-0.04255319148936165,-0.2996394897393234
2017-06-30,0.01073849423043538,0.03476047778446012,-0.0335660986459414,0.11396612235565651,0.10955182882661174,0.12089842741859202,0.22889895379871206,0.22889895379871206,0.22905027932960897,0.25714285714285734,0.3325249209980343,-0.9833495130401791,-1.1670504502545878,-1.0931624577671988,0.07970467188001407,0.05519027694759915,0.01736111111111116,-0.010958904109588996,0.10980061780398764,0.006772009029345494,-0.0034423407917383297,0.029783393501805033,0.09793148028442134,0.008631319358816114,-0.022222222222222254,-0.07114102817923851
2017-09-30,0.015582730532093692,0.047052985134269365,-0.0021460382029625524,0.020985552996884538,0.05003963586320559,-0.037636739832929034,-0.026961695163737365,-0.026961695163737365,-0.027272727272727337,-0.045454545454545525,-0.53434480823418,1.0827448977794996,-0.6489381008182016,-1.1549224622261685,-0.011436501425042267,0.04248489425981883,0.029254022428083948,0.006925207756232732,0.04934210526315774,-0.060538116591928204,-0.01770293609671847,0.02892199824715158,0.033853400058875494,0.023227383863080764,-0.011363636363636354,0.025506216696270068
2017-12-31,0.014868593964928012,0.05629620482522335,0.024052557589636647,0.020356641412305976,-0.0020885294681932676,0.0017897844382670502,-0.8026538470972014,-0.80322498134178,-0.8037383177570093,-0.8047619047619048,-0.07361359870105955,-0.7707753832105988,-0.6498785197876127,-15.822529644268775,0.17147900124147486,0.12141520255992289,-0.21316911416390338,-0.2310866574965612,-0.0007234145165180283,0.06921241050119331,0.04263736263736262,0.028109028960817684,-0.01679954441913445,-0.21863799283154117,-0.02298850574712641,0.03526396009422195
2018-03-31,0.01705605467297855,0.052349263453352224,-0.008115090497570754,-0.00824998593720272,0.06474261531131154,0.11241612580039662,5.500656936898547,5.517014191848145,5.5476190476190474,5.585365853658537,1.0078690716573386,0.3865815874889349,6.439286241589505,-0.568284845737447,0.06319369224313753,0.02374286637234846,0.08729680915111393,0.1288014311270127,0.06539575289575295,0.024553571428571397,0.2407251264755481,0.027340513670256916,0.04691572545612499,0.09480122324159024,0.03529411764705892,0.06109884226728224
2018-06-30,-0.05649871618041313,-0.08589785256267368,-0.08750018458284903,-0.08865113094791899,-0.0017864343081241962,0.018104907975296403,-0.0359926801955589,-0.035621289164428416,-0.029090909090909167,-0.02592592592592602,0.5646361656557657,-6.40185672864629,2.2504422972237346,-5.129032258064516,-0.24541980984443734,-0.1154877728109388,0.03156146179401986,0.06339144215530901,0.0027180067950169917,-0.16993464052287577,-0.22867821950390754,0.02661290322580645,0.05809128630705396,0.034916201117318524,0.022727272727272707,0.003027245206861817
2018-09-30,0.00685080965924012,0.041855268131009815,-0.014454137322025717,0.034726689711876535,0.04121493563163381,-0.0885880910349951,0.06501450622180927,0.06448185588975264,0.06367041198501866,0.06083650190114076,-0.7708170971239263,-1.0741756618342262,-0.9936787143549969,-1.4861214995213021,0.15810625236426534,0.03174980676615724,0.05850778314546434,0.09090909090909083,0.041337248701152074,0.02887139107611536,-0.02511013215859037,0.02985074626865658,0.03424836601307191,0.07692307692307687,0.022222222222222143,0.006853621730382287
2018-12-31,-0.007608083012026756,0.006918352717077525,0.018092526070151216,0.060574800643550475,-0.04690266792102771,-0.0020834686577219097,-0.17022125624170326,-0.17027449289480479,-0.158450704225352,-0.15412186379928317,1.3944839009210228,0.07860319989377951,33.874568787084314,-0.267123129591876,0.10005335450709052,-0.054745577133636814,0.20638945233265726,0.23360655737704916,-0.024945770065075923,-0.09183673469387754,-0.13104383190239488,0.02898550724637694,-0.03968655207280081,0.2142857142857144,0.010869565217391353,-0.05058390058077811
2019-03-31,0.011121732499495218,0.03806280198307843,-0.002596736991358539,0.011404033247704337,0.03349303524602476,0.062059391511342765,0.3188966154023718,0.3192145943535736,0.33891213389121333,0.3305084745762714,0.44518304633540495,4.21850187726965,0.7021753925044314,-0.46102894093194624,0.04902113358507143,-0.017679692739133168,0.0260613703236654,0.04540420819490576,0.04226918798665169,0.00561797752808979,-0.20072802912116494,0.028169014084507005,0.022111081863648296,0.03611971104231171,0.010752688172043001,0.026376373084259663
