Quarter end,Assets,Current Assets,Liabilities,Current Liabilities,Shareholders equity,Revenue,Earnings,Earnings available for common stockholders,EPS basic,EPS diluted,Cash from operating activities,Cash from investing activities,Cash from financing activities,Cash change during period,Cash at end of period,Price,ROE,ROA,Book value of equity per share,P/B ratio,P/E ratio,Cumulative dividends per share,Equity to assets ratio,Net margin,Asset turnover,Current ratio
1994-01-02,0.004551201340256661,-0.021316812606444246,0.031183696450764575,0.031299425973335904,-0.011693408218053536,-0.045069668847544486,0.1442207204068835,0.1442207204068835,0.15384615384615374,-0.09333333333333327,-8.490296803652967,1.5714851485148515,-0.6162008124658946,-1.3300775754652518,-0.34465609198586966,0.005688282138794243,0.1393442622950818,-10.1125,0.0,-0.13526570048309172,-0.11484738748060008,inf,-0.0161004669135405,0.14319809069212397,-0.17716535433070868,-0.051034975017844486
1994-04-03,0.004551201340256661,-0.021316812606444246,0.031183696450764575,0.031299425973335904,-0.011693408218053536,-0.045069668847544486,0.1442207204068835,0.1442207204068835,0.15384615384615374,-0.09333333333333327,-8.490296803652967,1.5714851485148515,-0.6162008124658946,-1.3300775754652518,-0.34465609198586966,0.005688282138794243,0.1393442622950818,-10.1125,0.0,-0.13526570048309172,-0.11484738748060008,inf,-0.0161004669135405,0.14319809069212397,-0.17716535433070868,-0.051034975017844486
1994-07-03,0.028862874478672307,0.017986504628459743,0.010500837336902435,0.004911703841844028,0.040548786947769866,-0.045069668847544486,0.1442207204068835,0.1442207204068835,0.15384615384615374,-0.09333333333333327,-8.490296803652967,1.5714851485148515,-0.6162008124658946,-1.3300775754652518,0.1735932017080286,-0.13348416289592757,0.1393442622950818,-10.1125,0.03971962616822422,-0.13526570048309172,-0.11484738748060008,1.0,0.011291114383897849,0.14319809069212397,-0.17716535433070868,0.01300166550260573
1994-10-02,-0.01162600459603469,0.012151822233733789,0.12295765227619437,0.13342069599827444,-0.09480397567029875,-0.47854247001147066,-3.940632040431103,-3.940632040431103,-3.9333333333333336,-0.09333333333333327,0.6690924331326678,2.0036192823040198,-0.2813586097946288,-0.9263273258645884,0.010897366619835092,-0.003916449086161955,0.1393442622950818,-10.1125,-0.09438202247191008,-0.04469273743016766,-0.11484738748060008,0.4999999999999998,-0.08414239482200636,0.14319809069212397,-0.17716535433070868,-0.10697427738000531
1995-01-01,0.009892278700213808,0.026747843517758385,0.020341519232461858,0.011917286348800626,0.0018806379771894033,0.009526212669952017,-1.24564128049033,-1.24564128049033,-1.25,-0.09333333333333327,-0.33038098933960325,-0.7989232149724395,1.3336997142229063,16.026446280991735,0.18354328884770954,0.007863695937090576,0.1393442622950818,-10.1125,0.00992555831265518,0.11695906432748537,-0.11484738748060008,0.3333333333333335,-0.007950530035335746,0.14319809069212397,-0.17716535433070868,0.014609811141465645
1995-04-02,0.021036930940616205,0.0009823917188325204,0.07224172784338756,0.07811313524139352,-0.018946215023149526,-0.005407726079119213,0.15392396527016783,0.15392396527016783,0.13636363636363646,-0.09333333333333327,-0.009033885593509261,-0.04551829657019002,0.20337226827430288,-0.009804873313270512,0.1535589545947249,-0.07282184655396629,0.1393442622950818,-10.1125,0.00982800982800991,-0.08376963350785338,-0.11484738748060008,0.24999999999999978,-0.03918076580587715,0.14319809069212397,-0.17716535433070868,-0.07152891594474353
1995-07-02,-0.024392020883807874,-0.06836379631954281,-0.06658335255279091,-0.08865967166497712,0.011615186026072921,0.011888359991721664,0.19628899116078613,0.19628899116078613,0.24,-0.09333333333333327,0.6603942344077884,1.1560245792145336,2.725636007827789,-2.548921568627451,-0.20618866151597415,0.16970546984572232,0.03597122302158273,-10.1125,0.024330900243308973,0.15999999999999992,-0.11484738748060008,0.19999999999999996,0.03707136237256714,0.14319809069212397,-0.18181818181818177,0.02225444458454162
1995-10-01,-0.005165423935620139,-0.014438656311873244,0.22391383045354507,0.281544106494088,-0.18555530166084844,0.05654037533856737,-0.024303859306301856,-0.024303859306301856,0.032258064516129004,-0.09333333333333327,-0.11237724277959638,-0.30043370508054523,-0.4037819098644816,-1.219191088043547,0.05693382655158241,0.08992805755395694,-10.548611111111112,-10.1125,-0.1116389548693586,0.06403940886699533,-0.11484738748060008,0.16666666666666674,-0.1814119749776587,0.14319809069212397,0.01754385964912286,-0.23095898859081088
1995-12-31,0.022818646784905416,0.05912953086866124,0.025765681595707024,-0.2942199252093096,0.019331253628603218,0.043951637435633684,0.3767054700212793,0.3767054700212793,0.40625,-0.09333333333333327,-0.30003267821296853,-0.6586661943140555,-0.5014272121788772,2.4409471556453943,0.18535340965654545,0.16941694169416954,0.23272727272727267,0.17009602194787377,0.02941176470588225,0.31481481481481466,-0.11484738748060008,0.14285714285714302,-0.00349344978165933,0.14319809069212397,0.02298850574712641,0.5007217321571771
1996-03-31,0.02731258901749567,0.028368673269523637,0.058265002780517605,0.10820479854342757,-0.00954636377014606,-0.08133617663810122,-0.4189207619220803,-0.4189207619220803,-0.4,-0.09333333333333327,-1.0370814992663733,4.623248572911261,-2.2480209216850437,-1.5540449815374286,-0.08663587213269641,0.0705550329256821,0.03362831858407067,-0.017584994138335253,-0.007792207792207906,0.04225352112676051,-0.11484738748060008,0.125,-0.0357142857142857,-0.018789144050104345,0.0,-0.0720316340707492
1996-06-30,0.013953736172191311,0.0072679062703586705,0.01883748640331806,0.03491250256709577,0.007739865673571877,0.026286726010767314,0.2235174464090126,0.2235174464090126,0.2222222222222221,-0.09333333333333327,-12.58453237410072,-0.3384551495016611,-0.9072322591606728,-1.029082096334444,0.0027585414212234483,-0.047451669595782175,0.040525114155251174,-0.026252983293555965,0.01308900523560208,-0.04054054054054057,-0.061367621274108775,0.11111111111111094,-0.006134969325153339,-0.019148936170212738,-0.005617977528089901,-0.026718875964528377
1996-09-29,-0.0004143798155233913,-0.018019094307754058,-0.025213312391221265,-0.04830438551599525,0.03148617360534711,-0.0032592784069995773,-0.00012788541466846048,-0.00012788541466846048,0.0,-0.09333333333333327,2.0748331004502405,0.10016042407756154,-16.554945054945055,-9.03125,-0.022093589706851602,-0.11808118081180807,-0.017004936917169422,-0.019607843137254943,0.03100775193798455,-0.130281690140845,-0.13075965130759637,0.10000000000000009,0.03177869227251939,-0.002169197396963196,-0.016949152542372947,0.0318305525973257
1996-12-29,-0.016903430981937695,-0.04620157445300033,-0.003194262086264721,-0.04964040882918874,-0.03356909165987276,0.04245279029843796,0.029481358316812756,0.029481358316812756,0.030303030303030276,-0.09333333333333327,-0.2734662963898006,0.2373676535852407,0.18980336747910043,12.233463035019454,-0.2989802496630135,-0.02196652719665282,-0.0881696428571429,-0.09499999999999997,-0.01253132832080206,-0.052631578947368585,-0.02936962750716332,0.09090909090909083,-0.01684023930866385,-0.08478260869565224,-0.011494252873563204,0.003612385321100975
1997-03-30,-0.01956373799975697,-0.02028981045103373,-0.003379249181946431,0.010030947358696807,-0.03985691826483273,-0.06165648568036841,-0.3771897130078271,-0.3771897130078271,-0.3529411764705883,-0.09333333333333327,-1.046980332198207,-0.5419377978172875,-1.2062345373577437,-0.7321866117808488,-0.11422062450361581,0.18288770053475956,-0.03733170134638919,-0.04005524861878451,-0.03299492385786795,0.20085470085470103,0.285608856088561,0.08333333333333348,-0.020734730673878765,-0.0451306413301662,0.005813953488372103,-0.030051991087242214
1997-06-29,0.012223584254357656,0.07390147816424797,0.07962134545542221,0.15828385454379168,-0.07549478824945655,0.06243696074419458,-2.1814282864552164,-2.1814282864552164,-2.1818181818181817,-0.09333333333333327,-16.018491124260358,0.6527964205816554,1.5574216250799746,-4.8731930466605675,0.49944550624100414,-0.11301989150090419,-0.46344564526382703,-0.47625899280575545,-0.07086614173228345,-0.0854092526690392,-0.0769230769230771,0.07692307692307687,-0.08676639815880327,-0.48258706467661694,0.011560693641618602,-0.0728632856217235
1997-09-28,-0.009023305818924077,-0.01702525255692333,-8.323622440487011e-05,-0.08817974836807752,-0.02261107288430031,-0.027948962763649,-2.231743351625158,-2.231743351625158,-2.230769230769231,-0.09333333333333327,-0.16527948781088397,-2.7835679480238227,-4.021202076427544,-1.302026739736382,-0.10060112041291625,0.05504587155963292,0.008293838862559078,-0.02472527472527486,-0.011299435028248594,0.13618677042801552,1.043532338308458,0.0714285714285714,-0.013608870967741882,-0.038461538461538436,0.011428571428571344,0.07808132147395175
1997-12-28,0.02818382441980294,0.038114923170488035,0.022703047308505253,0.030598805636242288,0.036705907608575616,0.07922303330654512,0.43392734749828654,0.43392734749828654,0.4375,-0.09333333333333327,-1.0627765649890848,-1.027244441071564,-1.0699706040657475,-1.121852025653058,0.013629603709211846,-0.009661835748792202,0.199764982373678,0.16338028169014107,0.03428571428571425,0.0034246575342467,0.006086427267194328,0.06666666666666665,0.00817577925396007,0.15500000000000003,0.011299435028248705,0.0072485119924567964
1998-03-29,0.0359859296265006,0.08279426284244118,0.017243877986559797,0.03624459499676136,0.06473439955174976,-0.07969562440693045,0.6482481716935138,0.6482481716935138,0.6521739130434783,-0.09333333333333327,-10.371240601503759,-128.7590529247911,-17.701183431952664,56.716302952503206,0.776072772465219,0.1687804878048782,0.7277179236043096,0.6973365617433411,0.06353591160220984,0.12969283276450505,-0.020568663036902635,0.06249999999999978,0.027876330461226617,0.7142857142857144,-0.011173184357541888,0.04493330212965119
1998-06-28,0.07398436512162321,0.07422933948789745,0.044837929668365195,0.08099213763696622,0.11669803172351467,0.0009720848691898709,-0.08320041759707686,-0.08320041759707686,-0.0921052631578948,-0.09333333333333327,1.634139003109016,-0.5466636142634442,-1.1248361381753764,0.660950601632526,0.7257689878031002,0.27045075125208684,0.6632653061224489,0.6904422253922968,0.10389610389610393,0.19335347432024164,-0.259728227300803,0.05882352941176472,0.03969428007889553,0.7601010101010099,-0.039548022598870136,-0.006215005599104151
1998-09-27,-0.001520805767828648,-0.006117888219102863,0.021786557484833047,0.03300014377785687,-0.0334794044804827,-0.035912563643406115,-0.5117036755867654,-0.5117036755867654,-0.5072463768115941,-0.5147058823529411,-0.46362078812107366,-1.0923890826018998,-2.5955725840783312,-0.9855914727228903,0.0060594797632522734,-0.195137976346912,-0.03408316291751878,-0.024472573839662393,-0.007058823529411784,-0.2708860759493672,-0.5373383395911556,0.05555555555555558,-0.03201327958264166,0.01865136298421799,-0.04117647058823537,-0.03791762916220631
1999-01-03,0.28180247658794677,0.0017949249515831767,0.43545810178414746,0.5857922637490318,0.059065602832180986,0.025340114764168753,0.3259052924791086,0.3259052924791086,0.3529411764705881,0.303030303030303,0.36506246450880186,44.80036439354503,-7.641230878690857,-78.21561338289963,-0.4650683742982049,0.018775510204081636,-0.05116443189837694,-0.09429065743944631,0.05213270142180115,0.0277777777777779,0.01352569882777277,0.05263157894736836,-0.17368936795688394,0.019718309859155125,-0.11042944785276065,-0.36823612087139845
1999-04-04,-0.015058400567126928,0.0003572805642910737,-0.023347889151649204,0.0030795767203843916,0.0012285227451853675,0.015037295104077142,-0.31175493453195235,-0.31175493453195235,-0.32608695652173914,-0.2790697674418604,-0.4687743747075035,-0.9445514733043503,-0.8420199801805179,-1.1290260459294208,0.1121749594516821,0.11858974358974361,-0.225734473782075,-0.2578796561604584,-0.0045045045045045695,0.06081081081081097,0.13434163701067603,0.050000000000000044,0.016602431070263934,-0.20027624309392267,-0.07586206896551717,-0.002780867630700623
1999-07-04,0.41593913683501604,0.2691059153017059,0.6300782742375661,0.8352120552698055,0.00553281453825738,-0.14889772215493147,-0.7432384467949174,-0.7432384467949174,-0.7419354838709677,-0.7419354838709677,1.774569303054033,27.219944655119402,15.861066372806647,-5.461380597014926,-0.4499788305028931,0.11747851002865328,-0.3477425552353506,-0.4401544401544403,-0.006787330316742168,0.12420382165605082,0.3984313725490194,0.04761904761904767,-0.28988043161271504,-0.3177892918825561,-0.17910447761194026,-0.30842163970998326
1999-10-03,0.007570302146431729,0.019401325743327424,-0.08160139120641086,-0.12072330541370013,0.28461970514846957,0.276590919548541,27.690351119712467,27.690351119712467,27.375,27.375,-0.47482801199506086,-1.8280247837235146,-2.0702579055854406,-1.626646593902898,0.5126669973827811,0.14679487179487194,1.4322533136966125,1.3011494252873566,0.27562642369020507,0.15580736543909346,0.7448121144139093,0.045454545454545414,0.2747433264887065,1.562025316455696,-0.10000000000000009,0.159274193548387
2000-01-02,0.02980144382650063,0.11395467069010756,0.013708437670114426,0.004925028291210776,0.06554716141576145,-0.19423139802220835,-0.6835496709163269,-0.6835496709163269,-0.6740088105726872,-0.7092511013215859,3.190648931882306,-1.3806044124742314,-1.301388073372948,0.2753086419753086,0.43222246095737815,0.12800447177193952,-0.0006055101422948184,-0.004995004995005048,0.010714285714285898,-0.11764705882352944,-0.5801992928318869,0.04347826086956519,0.03479381443298957,0.11857707509881421,-0.11111111111111105,0.10852173913043472
2000-04-02,0.022150422246069112,0.0017421303555171797,-0.05379236749310912,-0.08020781280425293,0.18262778334567953,0.2853778784615828,-0.5053747069033772,-0.5053747069033772,-0.5405405405405406,-0.5151515151515151,-0.8022827097560193,-1.0680964344158388,-1.4646436308661024,-1.3832186494335574,-0.1156494275562574,0.4658077304261645,-0.10633141472281138,-0.07429718875502,0.1713780918727914,0.45277777777777795,0.3644716692189893,0.04166666666666674,0.15722291407222921,-0.018551236749116518,-0.05681818181818188,0.08911201757138376
2000-07-02,0.02266435393867461,0.005002976066546427,0.015531342820068295,0.02829410256835363,0.03472410929082548,-0.008901627200548878,1.190051098934926,1.190051098934926,1.117647058823529,1.1875,1.2977136371006974,-2.195464545608394,-0.25281765731920036,-0.8134771625588858,-0.02439220378025586,0.0037187288708588895,0.06779661016949157,0.18004338394793917,0.03016591251885381,-0.14340344168260033,0.0005611672278338364,0.040000000000000036,0.01156846919558796,0.12871287128712883,0.048192771084337505,-0.02266397772015738
2000-10-01,0.2583781443496833,0.08085557013839884,0.41030668987920715,-0.004769895337631946,0.0062776250369076525,0.08316424424072943,-0.9415286874877014,-0.9415286874877014,-0.9444444444444444,-0.9428571428571428,0.5030698659139026,59.59881087202718,-19.49503928170595,-9.644216691068815,0.21612321658994604,0.4240485011788482,-0.5688888888888889,-0.5753676470588236,-0.005856515373352855,0.3816964285714286,0.20078519349411117,0.038461538461538325,-0.20026595744680842,-0.5526315789473685,-0.05747126436781613,0.08607644689004612
2000-12-31,0.002099364914402768,0.006891038830868501,-0.028811233857796492,-0.10575217985671581,0.07398424091581979,0.07074002635094923,16.607692307692307,16.607692307692307,17.5,15.75,0.46200436650468335,-1.0649309692340039,-1.242977156491746,-1.3106368563685638,-0.05520479806151091,0.23320719016083258,-0.024300441826215047,-0.02813852813852802,0.06480117820324005,0.24071082390953147,1.8318542737038768,0.03703703703703698,0.07183239108746253,-0.048128342245989164,0.024390243902439046,0.12593865918755087
2001-04-01,0.0101536205760695,0.06797519990235834,0.007951481599958177,0.01209449845944599,0.01478468236066166,-0.07940088189562144,-0.3584534731323722,-0.3584534731323722,-0.3648648648648649,-0.32835820895522394,-0.8433932270340575,-2.260586436409426,-1.4052007472452823,-2.514040348964013,0.08846604168823835,-0.3060989643268125,0.046792452830188624,0.013363028953229383,0.012448132780082943,-0.34895833333333326,-0.31007751937984507,0.03571428571428559,0.004343779087806476,0.06554307116104852,-0.04761904761904756,0.05520289272800327
2001-07-01,-0.004846859221208755,0.006358995435992165,-0.029255749787884477,-0.06393419599657435,0.0461389851696119,-0.08195265646692362,0.2516598569969357,0.2516598569969357,-0.3829787234042553,-0.37777777777777777,1.7958576848149286,-0.1696158456532907,-0.9145977663272602,-1.0243089943279013,-0.032145940962109765,-0.18546158098396903,-0.0951694304253784,-0.11208791208791213,0.040983606557376984,-0.19399999999999995,-0.2424097537652402,0.034482758620689724,0.05128205128205132,-0.05975395430579966,-0.0625,0.0750837648492233
2001-09-30,-0.001325668049551476,0.06114299169021242,-0.028245930077395287,-0.077335388706821,0.0508533976840968,-0.22691077505693302,0.0615457853038186,0.0615457853038186,0.06896551724137945,0.0714285714285714,0.03032859028898338,0.09004983674170819,-3.6506928406466512,28.58888888888889,-0.029229198956640112,0.001357312521208076,0.2605577689243028,0.3168316831683169,0.04855643044619429,-0.03970223325062039,0.08267592300410231,0.033333333333333215,0.052306788128122284,0.4280373831775701,-0.06666666666666676,0.15009208103130756
2001-12-30,0.28649831427249284,-0.020696717488824512,0.06804626269769609,0.12903894348189282,0.6780484503159669,-0.30025055356782326,-2.589384669592236,-2.589384669592236,-2.4193548387096775,-2.466666666666667,1.0709378893041466,-6.119564874664985,21.48301023742104,-2.233070471898861,0.07672178132228447,0.0413419179939003,-0.7635903919089759,-0.7330827067669172,0.3579474342928659,-0.0051679586563307955,-0.2142232585252113,0.032258064516129226,0.30438425020943893,-0.6609947643979057,-0.2142857142857142,-0.13259838640142874
2002-03-31,-0.008473417927059801,0.013502580107655815,0.010302319661192216,0.010892249474026006,-0.029893139780735267,0.4430222878117078,-0.40426046474132893,-0.40426046474132893,-0.4545454545454546,-0.4545454545454546,-1.534314146743894,-1.115836346055541,-1.3991396974408905,2.2677900720739013,0.23284629294755876,-0.15457207940123663,-1.4652406417112298,-1.5070422535211268,-0.030414746543778848,-0.37922077922077924,1.6402077151335313,0.03125,-0.0216227788482124,0.0,-0.14545454545454561,0.002556092019312617
2002-06-30,-0.06420584066992951,-0.14557521117174976,-0.05499752481232478,-0.16056452919583641,-0.07514612986431768,0.10027927284169946,-0.6922868741542625,-0.6922868741542625,-0.7083333333333333,-0.7083333333333333,-1.3732951621204323,-4.848362398979158,-2.509539066482196,-1.8417880774129416,-0.15898756754536758,-0.43071593533487307,1.7758620689655178,1.9305555555555558,-0.06939163498098866,-0.41004184100418417,0.0,0.030303030303030276,-0.011597374179431186,0.0,-0.08510638297872342,0.01784702549575079
2002-09-29,-0.0403321768749928,-0.08259275896561946,-0.0665152131347111,0.11956796656083801,-0.008546722108104254,0.09038612212553354,-1.7856200527704487,-1.7856200527704487,-1.857142857142857,-1.857142857142857,5.113054717794054,-1.0090218292345952,-0.07587049677206692,0.6899402169901838,-0.3194714775050055,-0.4881676808654496,0.31055900621118004,0.38388625592417047,-0.019407558733401387,-0.45390070921985815,0.0,0.02941176470588247,0.032986495461589715,0.0,0.023255813953488413,-0.18055942109657674
2002-12-29,0.09114862954278347,0.251055962544406,0.14246980260794673,0.03692617292060829,0.032488909151918044,0.36121865189844016,-17.85250489784495,-17.85250489784495,-17.0,-17.0,-0.2945645738772519,318.9938744257274,-2.6321055104135853,-1.7220596584705419,0.3389681083352982,-0.12417437252311758,0.916271721958926,0.8869863013698631,0.034375000000000044,-0.10389610389610393,0.0,0.02857142857142847,-0.05357908272610379,0.0,0.25,0.20650420310775242
2003-03-30,-0.029442159141031432,-0.06357839819315814,-0.056645169029512665,-0.10059282702236283,0.004962693956293229,-0.28054216903743523,-1.0196133789484174,-1.0196133789484174,-1.0208333333333333,-1.0208333333333333,-0.5190528524328104,-1.146437527517755,-1.3064273682863905,-1.025343252888163,-0.006415802166673035,0.25339366515837103,-0.20032976092333055,-0.19963702359346647,0.0050352467270897705,0.21739130434782616,0.0,0.02777777777777768,0.03532608695652173,0.0,0.036363636363636154,0.04117108874656905
2003-06-29,0.008140634002413494,0.008371080936966369,-0.008373182525473921,-0.00990768024503863,0.027746017469185036,0.05209946184812897,2.5554614733276884,2.5554614733276884,2.5000000000000004,2.5000000000000004,0.5306826207985376,-1.1031406255106375,-0.5683197940403917,-18.71599045346062,0.11439623353907091,0.371841155234657,-0.1577319587628867,-0.15192743764172334,0.023046092184368705,0.357142857142857,0.0,0.027027027027027195,0.019466316710411213,0.0,0.01754385964912286,0.018453427065026284
2003-09-28,-0.06695835133540862,-0.1751922366107388,-0.12889022072480671,-0.2796164667555161,0.003983829656299065,-0.0266198916006406,0.6990950226244343,0.6990950226244343,0.5714285714285714,0.5714285714285714,-0.22205634873242497,-49.54974651457541,6.4643778207608,-1.2227536036642868,-0.022866349059278313,0.3464912280701753,-0.08445532435740499,-0.06951871657754027,0.002938295788442735,0.3157894736842106,0.0,0.02631578947368407,0.07594936708860756,0.0,0.0,0.14495254529767054
2003-12-28,0.0071041708183294805,-0.007503001589190927,-0.02481072169038001,0.009960742430572989,0.03882393164499254,0.1783755805876024,0.9573901464713714,0.9573901464713714,1.0,0.909090909090909,1.7180838072642266,-1.0224444110871083,-0.8336608434645534,-16.174780768067734,0.35511194769169796,0.10684039087947883,-1.5441176470588234,-1.5689655172413794,0.033203125,0.10666666666666669,0.0,0.02564102564102555,0.03150548354935201,0.33204633204633227,-0.017241379310344862,-0.01727436090661416
2004-03-28,-0.017850082773488984,-0.02841975315086298,-0.04145172400368957,-0.014503943453203938,0.004170342092583601,-0.0904213018189216,-0.5248478338703902,-0.5248478338703902,-0.5454545454545454,-0.5238095238095237,-0.659114539876513,-0.6391392846757779,0.6457873555757496,-1.5186616981846441,-0.1359171588363386,0.1383166568569747,0.1842751842751842,0.22727272727272707,0.002835538752362865,0.10240963855421703,-0.3373138522056758,0.025000000000000133,0.022424125265803285,0.17971014492753623,0.05263157894736836,-0.014097799799445587
2004-06-27,-0.002861191228543558,0.020773115564390432,-0.016445986100232513,-0.008137673725303607,0.009237633205283036,0.04870492132438353,0.5699645844322205,0.5699645844322205,0.5999999999999999,0.5999999999999999,1.1327383642114777,0.613215149073328,-0.5616052060737526,-2.200899031811895,0.18889714814076175,0.037745604963805635,0.17842323651452285,0.2181069958847739,0.005655042412818112,0.032786885245901454,-0.13165147339410643,0.024390243902439046,0.012100586122140156,0.16707616707616713,0.03333333333333344,0.029137250209405163
2004-09-26,0.0021422616817086126,0.022574100049211454,-0.014855227265257787,0.00019690653050696838,0.01689523767727974,-0.022323527558444467,0.15257979361651075,0.15257979361651075,0.1875,0.1875,-0.17808146617935272,0.2332667332667333,0.03733525257523285,-0.25415107016028404,0.11850372087349026,-0.1086198305929248,0.10915492957746475,0.1317567567567568,0.016869728209934376,-0.11111111111111105,-0.2470703125,0.023809523809523725,0.014758079581543182,0.10315789473684212,0.032258064516129004,0.022382419626765904
2005-01-02,0.006327086086349798,-0.03797504188423739,-0.04585274053163957,0.009155482540997184,0.050202511851852316,0.18433179723502313,0.5792037977846256,0.5792037977846256,0.5789473684210527,0.47368421052631593,0.5254881742604884,1.4183880113406238,3.3335501496032265,-1.9663277999399478,-0.10238091991946952,0.11011738401341531,0.09365079365079376,0.11940298507462677,0.03870967741935494,0.08928571428571441,-0.024319066147859947,0.023255813953488413,0.04363033873343136,0.08587786259541974,0.03125,-0.04674172637325147
2005-04-03,-0.003493292776917345,-0.00588392654120351,-0.008608401125314025,-0.02743476535259337,0.0004143594379779625,-0.1287479356919644,-0.47712470005010155,-0.47712470005010155,-0.5,-0.4642857142857143,-0.8099643727204878,1.8631719979902863,-0.9318363752801793,-0.4096235795454546,-0.06733733982067003,0.09415911379657604,0.04934687953555872,0.06666666666666665,0.0,0.05464480874316924,-0.010634762379528095,0.022727272727272707,0.0038807549832422517,0.054481546572934914,0.015151515151515138,0.022190408017179752
2005-07-03,-0.028865658033672137,-0.0634903549502106,-0.06429165687001503,0.084628295814005,-0.002046293190204662,0.022327820647108032,0.45736043169095764,0.45736043169095764,0.4666666666666668,0.4666666666666668,5.43312337902927,-1.3055100608329433,15.499853200234881,0.9157894736842105,-0.13831814258494246,-0.10676484123331798,0.06085753803596128,0.08499999999999996,-0.007098491570541321,-0.10880829015544036,-0.16425932146456168,0.022222222222222365,0.027763134774204667,0.06999999999999984,0.014925373134328401,-0.13655462184873945
2005-10-02,0.0005103461446798185,0.019047673778775254,-0.026221459808161596,-0.05611366428732378,0.0194854774744615,-0.14956079953753532,0.10156412208457333,0.10156412208457333,0.13636363636363646,0.09090909090909083,-0.7326729251857398,-3.376412023741145,-0.9654261234730465,-1.2874411302982731,0.04614037408730387,0.048943843379701146,0.05345501955671428,0.07834101382488479,0.015192135835567555,0.058139534883721034,-0.025723472668810365,0.021739130434782483,0.01880663361258339,0.0981308411214954,-0.02941176470588236,0.07961611246282763
2006-01-01,0.0801071340635473,0.4082723695581989,0.03508857246924113,0.11372624087920014,0.1106301371706575,-0.2535748726861766,4.891621901800018,4.891621901800018,4.84,4.958333333333333,2.6442175112030335,-29.00306155333548,23.38394235717962,44.90483342435827,2.0246481629801814,0.09184675834970535,1.1918316831683171,1.2371794871794872,0.14612676056338025,0.07692307692307687,0.030528052805280703,0.02127659574468077,0.028360463164960548,1.5801418439716315,-0.12121212121212133,0.2644296982596721
2006-04-02,-0.07327486828285246,-0.19528996715350755,-0.11803560676083558,-0.1864483893080222,-0.04499086041733691,0.31585299038988346,-0.8740749034913728,-0.8740749034913728,-0.8767123287671232,-0.8741258741258742,-1.4107478569317173,-0.9906005627578588,0.5563552703786567,-1.536642604109968,-0.3592194543108803,0.03193882141250559,-0.004517221908526214,0.02101241642788909,-0.04377880184331795,-0.10204081632653061,-0.5496397117694156,0.02083333333333348,0.03051566579634457,0.05772402418911482,-0.0344827586206895,-0.010842657688880153
2006-07-02,0.015810276679841806,0.00573141116872522,0.016026648025804446,0.039024887344562886,0.015684010518602687,0.06061825158810996,0.03675318626413171,0.03675318626413171,0.05555555555555558,0.05555555555555558,-2.447566136043064,-11.433425160697889,-0.8370831468597855,-1.0106084035849088,0.005947035958749902,-0.0457715780296426,-0.038570618264322176,-0.020579981290926086,0.024096385542168752,0.0,-0.06044444444444441,0.020408163265306145,-0.00015835312747425334,0.01871101871101888,-0.0535714285714286,-0.03203363531708292
2006-10-01,-0.01352481225069635,-0.11405044141495235,0.010739526099819763,0.03405703842271213,-0.027689342195421962,0.026302317500484174,0.215152133959567,0.215152133959567,0.26315789473684204,0.26315789473684204,-0.466959651599817,0.8543683623775158,2.4215849496378925,-61.961859979101355,-0.36039906719587345,-0.10461397898583824,-0.01887905604719764,-0.008595988538681931,-0.007058823529411784,-0.125,-0.09082308420056773,0.020000000000000018,-0.014412416851441234,-0.025510204081632626,0.018867924528301883,-0.1432338797249082
2006-12-31,0.0036193628114369325,0.039853564956116916,-0.012735252831291288,0.1023940999974553,0.013543854194303595,0.1035596781738719,0.40248042214230506,0.40248042214230506,0.45833333333333326,0.3750000000000002,2.174295840328297,-0.2806448550816353,-0.2725801939007627,-0.862745434132378,-0.07733950182060523,0.054081632653061096,-0.5441972339146122,-0.5414258188824663,0.02290679304897303,0.058441558441558294,0.05411030176899079,0.019607843137255054,0.009963040334243889,-0.5952879581151833,0.14814814814814814,-0.056732452169714565
2007-04-01,-0.004920484304403949,-0.09415574824844308,0.025256489440183882,-0.11596468660092796,-0.022758013094762775,-0.05640934363187555,-0.6479102760736196,-0.6479102760736196,-0.6571428571428571,-0.6363636363636365,-0.7972428220527226,0.14057929578394068,-0.3921637485576682,3.4643771464252264,-0.3742142479548203,0.11229428848015499,-0.06992084432717693,-0.07352941176470595,-0.00617760617760621,0.08588957055214741,1.4136229022704834,0.019230769230769162,-0.01797931583134449,-0.10219922380336344,0.016129032258064502,0.02463369377439384
2007-07-01,0.013810814381277625,0.055660631861046195,0.08368701014280244,0.06761427296378586,-0.029522176331410077,0.08535616778356903,1.2928804791723385,1.2928804791723385,1.3333333333333335,1.3333333333333335,3.0421400417342914,-0.8808160274580128,-0.04478925938153411,-1.4262836202917604,0.254913768588682,0.11183637946040026,0.10212765957446823,0.08163265306122436,-0.01864801864801857,0.12429378531073443,0.18732106339468313,0.018867924528301883,-0.04277381723914453,0.04466858789625339,0.04761904761904767,-0.011177719495441552
2007-09-30,0.023253591653046968,0.060118535284677144,0.018296349126537104,-0.009925381762555752,0.026686386340761814,-0.0037092089917446502,-0.08733339270341678,-0.08733339270341678,-0.07142857142857151,-0.07142857142857151,-0.6648454864845487,0.7610419026047566,-0.8154377880184331,-0.6436445961021064,0.07238736336976803,0.08727984344422701,0.01158301158301156,0.0,0.026128266033254244,0.1055276381909549,-0.013434378229417843,0.0185185185185186,0.003385240352064889,-0.020689655172413834,0.015151515151515138,0.07072939690558888
2007-12-30,0.13814339817192378,0.11647410825566307,0.3022771795841426,0.22975036605193888,0.02541274555944173,0.1739971721586162,0.7096113189136446,0.7096113189136446,0.7692307692307692,0.6538461538461537,3.0547663871298987,24.761322921451537,-36.32506242197253,2.9082036644876164,0.26380818018533136,-0.019438444924406162,0.0903307888040712,0.04402515723270439,0.03317901234567899,-0.045454545454545525,-0.03910614525139666,0.018181818181818077,-0.09902159244264508,0.03802816901408468,0.014925373134328401,-0.09206723680330275
2008-03-30,0.04382883339543775,0.039385584875935464,0.06304237078439079,0.018491667244949772,0.02706952491530057,-0.05695315295235526,-0.6168715041284578,-0.6168715041284578,-0.6304347826086956,-0.6046511627906976,-0.8353347121391187,-0.7046809694306948,-0.8170858311649872,-1.426084293354065,-0.08894112555815648,-0.09361233480176201,0.028004667444574194,-0.012048192771084265,0.020911127707244237,-0.12380952380952381,-0.17696220930232565,0.017857142857143016,-0.016101853585471004,-0.0027137042062416183,-0.014705882352941235,0.020462517864102914
2008-06-29,-0.0006934963683202788,0.007467916379424455,-0.02719000139660599,0.023059793015900443,0.023227986073468543,0.09597527070984757,0.1771774754196047,0.1771774754196047,0.17647058823529416,0.17647058823529416,4.078949054790131,-0.73426235645023,-2.1801956285472768,-1.452781156695787,0.04420226490051937,0.07816929931146221,-0.09534619750283779,-0.11585365853658547,0.013167520117044695,0.059782608695652106,0.030905077262693315,0.01754385964912264,0.0239771646051381,-0.11700680272108843,0.0,-0.015214208415557984
2008-09-28,-0.017945904199231033,-0.019961685346287616,-0.024486124951441535,-0.08695636934023854,-0.012332225913621264,-0.04448997041442504,1.1894035265333671,1.1894035265333671,1.1999999999999997,1.15,-0.5911149803802819,-0.33704444242479326,-0.6547497237342939,-1.5669800952497253,-0.024000909791109915,0.018782870022539422,0.14805520702634878,0.12413793103448278,-0.0007220216606498298,0.00512820512820511,0.09550321199143452,0.017241379310344973,0.005761010964504765,0.12634822804314338,0.0,0.07336780866192649
2008-12-28,-0.029620442875120223,-0.03967766807579953,-0.01612351696107417,-0.009073476540830683,-0.04106272215984008,-0.1657992108758961,-0.4092135177835151,-0.4092135177835151,-0.40909090909090906,-0.39534883720930225,1.7949208504335483,0.1153608883405306,3.54940430324225,1.0887357312082706,-0.05136434896826403,-0.297566371681416,-0.1464480874316939,-0.14519427402862994,-0.024566473988439252,-0.29591836734693877,-0.3944487881157154,0.016949152542373058,-0.01182557280118246,-0.10807113543091662,-0.04477611940298509,-0.030894308943089532
2009-04-05,-0.024993118484518018,-0.06045402511233866,-0.013001677635823938,-0.09181159223774893,-0.03542348159339981,0.024218677691049795,-0.6556436095620128,-0.6556436095620128,-0.6538461538461539,-0.6538461538461539,-0.8349986199282362,0.999201081612586,-1.141557984704181,0.7592287069498866,-0.09525431299201603,-0.3170603674540683,-0.060179257362355854,-0.05980861244019131,-0.039259259259259216,-0.30434782608695654,-0.20787604906391222,0.016666666666666607,-0.010658189977561738,-0.05061349693251527,-0.015625,0.034551329853343304
2009-07-05,0.03056855482941545,0.05051599884692992,0.01890584001687845,0.059642312491335,0.04094879598730761,0.006953616297552756,1.0366511980301163,1.0366511980301163,1.1111111111111112,1.0,1.42723318835731,-0.12388183578740275,-3.6143580303727565,-0.3722525057147881,-0.06609112058698297,0.19139123750960807,-0.006811989100817484,-0.007633587786259555,0.04009252120277562,0.25,0.28932355338223315,0.016393442622950838,0.010017010017010053,0.03231017770597733,-0.031746031746031744,-0.008649687650168159
2009-10-04,0.038329215142675954,0.038185068918500376,0.06232916114064402,0.03244714255809078,0.01742072193158739,0.005729735948915682,-0.3681004417577307,-0.3681004417577307,-0.368421052631579,-0.33333333333333337,-0.05163335630599586,1.8806006806778708,-2.495792994191164,-0.9296918767507003,-0.0049755846146730676,0.16516129032258053,-0.33058984910836764,-0.3358974358974359,0.017049666419570064,0.1166666666666667,0.18900126422250296,0.016129032258064502,-0.020022455089820257,-0.30672926447574334,-0.049180327868852514,0.0055744062045564036
2010-01-03,0.0017837141924934574,0.03820906322832873,-0.014922842937815872,-0.03286621124212363,0.016980717436716475,0.16455904728129678,1.9395834866436088,1.9395834866436088,1.8333333333333335,1.8333333333333335,0.8341956862973083,-0.8692448233861145,-1.5304085859536811,-39.67330677290837,0.1933845111763377,0.09191583610188259,0.11065573770491799,0.10810810810810811,0.009475218658892004,0.07462686567164178,0.6129718234981394,0.01587301587301604,0.015084972312392475,0.06546275395033851,0.051724137931034475,0.07351168956375043
2010-04-04,-0.012145907536023626,0.008237250930650974,-0.02763562637385608,0.004622331525792722,0.0015021882100019202,-0.08624171886174137,-0.3894006909327592,-0.3894006909327592,-0.3823529411764707,-0.3823529411764707,-0.21724247226624405,0.20270144387517464,0.31895633652822153,-0.9300504790357474,0.011335117719398768,0.11866125760649093,0.14022140221402224,0.14634146341463405,0.0,0.10416666666666674,-0.0039551746868820015,0.015624999999999778,0.01373212942061719,0.14194915254237306,0.0,0.0035922766052984834
2010-07-04,0.03931749467463752,0.036807433759412866,0.07647282211490225,0.031202155858280012,0.007532162480905935,0.07040972538766521,1.3632897380181213,1.3632897380181213,1.3333333333333335,1.3333333333333335,0.4307377712989957,7.586554101154055,-3.748620643251245,15.651939126165932,0.18663614754819968,0.016319129646418906,0.3495145631067962,0.34042553191489366,0.006498194945848468,0.018867924528301883,-0.12706816677696886,0.015384615384615552,-0.030432362219335873,0.3172541743970314,0.016393442622950838,0.005425055928411693
2010-10-03,0.03241282132866119,0.05814358761208305,0.025712435276270984,-0.0001323181161013709,0.03853702518476698,-0.15807520101880324,-0.7676907863921031,-0.7676907863921031,-0.7755102040816326,-0.7755102040816326,-0.7838878118499442,-0.6958623862314068,-0.5404651162790698,0.041391509433962304,0.1637918243193115,-0.06155218554861741,-0.017985611510791366,-0.015873015873015817,0.0373027259684362,-0.06790123456790131,-0.31235784685367696,0.015151515151515138,0.005933014354067012,0.008450704225352101,-0.016129032258064502,0.0582967124659286
2011-01-02,-0.011895895672767165,0.1099178076586691,-0.167050622462647,0.002640874193579723,0.12816550334351673,-0.2311168264768826,20.543872750354716,20.543872750354716,21.636363636363637,21.363636363636363,0.89379256155055,-14.424622593943708,-9.200697847858512,3.7870569584418527,0.673729421326916,0.15922053231939182,1.7142857142857144,1.80184331797235,0.17496542185338848,0.11920529801324498,0.1692392502756339,0.01492537313432818,0.14174277016742765,2.1466480446927374,-0.11475409836065564,0.1069645203679368
2011-04-03,0.03013890875258185,0.0024524464097603893,0.08929340776203598,-0.007740653180694168,-0.009287481994664115,0.3897080726839439,-0.9184662419322412,-0.9184662419322412,-0.9156626506024097,-0.9186991869918699,0.4746905469884517,-1.142018566713356,-0.9876220821275338,-1.0250623898567695,-0.010088410468332643,0.08159081590815909,-0.04048582995951422,-0.023848684210526327,-0.0041200706297820355,-0.08284023668639051,-0.6195190947666196,0.014705882352941346,-0.03832694550908189,0.00754549489569456,-0.03703703703703709,0.010303893637227057
2011-07-03,0.08764374943286657,-0.010599429989886944,0.1725329144995451,0.09416408783796992,0.02543539287563701,0.07061741957379919,0.21388487373522658,0.21388487373522658,0.19047619047619047,0.25,0.21685306323415632,2.6302910567335065,-41.04513251115193,3.87022180273714,-0.04963351993997811,0.02805155420773331,-0.11486169714017813,-0.10699241786015168,0.022458628841607542,0.032258064516129004,0.030978934324659146,0.01449275362318847,-0.05718246404435956,-0.06563876651982381,-0.03846153846153855,-0.09573718099356099
2011-10-02,-0.05392897774912753,-0.1359876822549576,-0.11138234888660348,0.5660210386304152,-0.005786468526589594,-0.05370486620186821,0.236962841032466,0.236962841032466,0.24,0.24,-0.07903660886319841,-0.9795685746852584,-2.121097947736744,6.127228682170543,-0.37222424647274344,-0.14454277286135697,0.029661016949152463,0.050000000000000044,-0.005780346820809301,-0.16249999999999998,-0.07692307692307698,0.014285714285714235,0.050909759235434615,0.04054691183404047,0.0,-0.4482848232848232
2012-01-01,0.12706286828272595,-0.07270938079746192,0.36737008150752537,-0.3149595242688853,-0.05291341497270119,0.1905320227443028,-3.2576800022650696,-3.2576800022650696,-3.258064516129032,-3.258064516129032,0.7265366751746936,126.4001677852349,-3.4518595150006135,-0.28106263510665774,-0.4262762895905716,-0.15732758620689646,-0.9794238683127572,-0.9802336028751123,-0.05581395348837215,-0.14925373134328368,-0.20963541666666663,0.014084507042253502,-0.15967121371108783,-0.9818758495695514,0.08000000000000007,0.3536504945831369
2012-04-01,0.007834754491030438,0.05317216759566601,-0.005184283793729039,0.00453283472151389,0.021912197049640314,-0.05424367632249272,-1.2830359046388844,-1.2830359046388844,-1.2857142857142858,-1.2857142857142858,-0.8117055437746138,-0.9913934453217087,-1.0243029730915194,-1.0228347201210288,0.016966180045243195,0.2332480818414322,-0.125,-0.18181818181818188,0.017857142857143016,0.29824561403508776,65.1993410214168,0.01388888888888884,0.013943808532778545,-0.15000000000000002,0.0,0.048368014475607124
2012-07-01,-0.01638123738755226,-0.011303168058639068,-0.03332971682760122,-0.025052008507165047,0.0014591654126272502,0.02133531680009404,0.4902299614515486,0.4902299614515486,0.4999999999999998,0.44999999999999973,3.916017761760731,-0.037299158377964825,2.7894065718489456,10.033540372670808,0.18407399987565376,0.09705516383243462,0.7714285714285714,0.7777777777777779,0.0,0.08108108108108114,0.09705596894209001,0.013698630136986134,0.018062397372742067,0.7058823529411764,0.0,0.014139670738183785
2012-09-30,0.023424224079483524,0.048110937848073076,0.016665213689446734,-0.009202208666207246,0.030291779158025278,-0.023354222963261062,-0.12009038741712008,-0.12009038741712008,-0.1333333333333333,-0.10344827586206884,-0.7287995810970023,2.6147426981919333,-0.8072632205627314,-1.0215792238985213,-0.003354667071171491,0.025330812854442497,-0.4838709677419354,-0.5,0.023593466424682408,0.02499999999999991,-0.38479686046775397,0.013513513513513598,0.006653225806451557,-0.5,0.0,0.05786476402435037
2012-12-30,0.0030311279955557158,0.03268883754837959,0.007403733239676358,-0.002021374706540069,-0.0013529375424723433,0.12424745488653932,-1.5357842805974184,-1.5357842805974184,-1.5769230769230769,-1.5769230769230769,0.9078051841482839,1.8502720826691585,-2.6265108783239324,-2.0713043478260866,0.0036059662350433896,0.1084070796460177,10.4375,10.3125,0.008274231678486732,0.08536585365853666,1.2168141592920358,0.01333333333333342,-0.004205888243541067,10.413793103448276,0.0185185185185186,0.03477507579976469
2013-03-31,-0.02399326253113332,-0.07724382919957107,0.006000662606080676,-0.013329891584925146,-0.054329491723940304,-0.11789234466881127,-3.0317860746720484,-3.0317860746720484,-2.866666666666667,-2.866666666666667,-0.7234338629693351,-0.8012534953234982,-4.5169680455784,-74.98214285714286,-0.26581857632813044,0.12441783100465731,0.14480874316939896,0.14364640883977886,-0.03927315357561534,0.1123595505617978,-0.9063040585495675,0.013157894736842035,-0.031174577634754508,0.13897280966767367,0.0,-0.06482090533995088
2013-06-30,0.0008240230285287975,0.010943556985007152,-0.011293884704185908,-0.01756855276147018,0.01386212449364188,0.0750309669198106,-0.13319468587037497,-0.13319468587037497,-0.1071428571428572,-0.1071428571428572,1.5488976305918944,0.15282359790413347,-0.33382636052026105,-0.7059443091304062,-0.10646614390924036,-0.03402366863905326,-0.06921241050119331,-0.07246376811594213,0.01281269066503965,0.005050505050504972,-0.14770104739925438,0.012987012987013102,0.013078679676146843,-0.07957559681697601,0.0,0.029029989129739642
2013-09-29,0.010558646377441194,0.04624243661093974,-0.00998087558264904,0.04635341863119824,0.03210954420029122,-0.03500847602692447,0.43949865711727854,0.43949865711727854,0.43999999999999995,0.43999999999999995,0.7261862034311966,-4.118676879050585,1.3881938325991188,-2.479964181777479,0.17634035742864773,0.0875957120980091,0.14615384615384608,0.14583333333333326,0.028915662650602192,0.07537688442211055,0.1555925848781503,0.012820512820512775,0.021311475409836023,0.13544668587896247,0.0181818181818183,-6.213881811967248e-05
2013-12-29,0.02471384069586957,0.10165706477271774,0.010491962804516586,0.022743815226224928,0.039027470200373005,0.13161553911386537,0.6635902283695707,0.6635902283695707,0.6666666666666667,0.6111111111111112,0.490861835949683,-1.4338919925512104,-0.7723603630192577,1.0641859527050874,0.30943364851892996,0.09124190368910168,0.9664429530201346,0.9727272727272729,0.03454332552693229,0.06074766355140171,-0.05623648161499639,0.012658227848101111,0.014044943820224587,0.9593908629441628,0.0,0.07711906537409896
2014-03-30,0.00617374665291015,0.05048055296610565,-0.005420993994032397,0.004422723442093268,0.017522801602617655,-0.1034519956850054,-0.48822394688439286,-0.48822394688439286,-0.5,-0.48275862068965514,-0.05567410010738738,-0.625552030851527,-0.2513937508103202,0.242604851119959,0.29364126482030906,0.12464516129032255,-0.013651877133105894,0.0,0.014148273910582931,0.08810572687224671,-0.4337280366692131,0.012499999999999956,0.011278195488721776,0.0,0.0,0.0458662666589742
2014-06-29,-0.00869033547062037,-0.015427548921174039,-0.03145018494655549,-0.044367772048452214,0.01308491620331953,0.04562101431837329,0.475280504908836,0.475280504908836,0.5,0.4666666666666668,-0.19665933157094118,0.4227574750830565,4.640370626948389,-1.3706433921094532,-0.08413166572220265,0.026847177604405692,0.10611303344867351,0.12442396313364057,0.016183035714285587,0.012145748987854255,0.012816188870151901,0.012345679012345734,0.021913519859127373,0.12694300518134694,0.0,0.03028464254192409
2014-09-28,-0.012726313885597862,-0.0058316807770145695,-0.03023593290782567,-0.019298339609988946,0.0032894112863335323,-0.02538971897081832,-0.16266587443058034,-0.16266587443058034,-0.15555555555555556,-0.15909090909090906,0.15685265189815234,0.07775831873905426,-0.2782375067168189,-0.9164677804295943,-0.007673269738572963,0.025251396648044766,-0.007299270072992581,0.010245901639344135,0.0027457440966502933,0.008000000000000007,-0.09057609057609062,0.012195121951219301,0.016274171931839998,0.0022988505747127963,0.01785714285714257,0.013706698077849744
2014-12-28,0.06370948444218016,-0.005394904998105798,0.1470936264199032,0.05265291232621294,-0.010011857933616919,0.12000206623386456,-0.27177898147929136,-0.27177898147929136,-0.2894736842105263,-0.2432432432432432,0.5345400225658303,28.47470479904669,-4.289075129754105,17.325079365079365,-0.1417005837502393,-0.06713164777680913,-0.19012605042016806,-0.19675456389452317,-0.0104052573932093,-0.07142857142857151,-0.07250091541559867,0.012048192771084487,-0.06932931424265265,-0.19151376146789,-0.01754385964912264,-0.055141815877040146
2015-03-29,-0.02559314961629866,-0.04306392488519495,-0.05907676628713654,-0.07823240863203362,0.008708184018232146,-0.13209607706194737,0.31009841816351047,0.31009841816351047,0.33333333333333326,0.2857142857142856,-0.609968518288389,-0.9667782755870494,-1.1596756043614915,-0.7956829048575982,-0.03373164551169483,0.09532710280373835,0.03372243839169897,0.03535353535353525,0.007194244604316502,0.1068376068376069,0.33162258191867355,0.011904761904761862,0.03522267206477725,0.041134751773049816,0.0,0.038179887081446706
2015-06-28,0.013525654058527792,0.04673972040076868,-0.0033194708761391523,0.043159862036648455,0.02962252747119387,0.07023140969555941,0.21421133534982895,0.21421133534982895,0.19444444444444442,0.19444444444444442,0.685234845869952,1.1834273702843237,-0.039165654110976056,-4.9420044090215365,0.13761218062560676,0.11561433447098968,-0.016311166875784155,-0.017073170731707332,0.028021978021978144,0.10810810810810811,0.06937444411503124,0.0117647058823529,0.015838873680093846,-0.012261580381471515,0.0,0.0034460478139133333
2015-10-04,-0.012513361072765572,0.003278434274353259,0.007896110409959523,-0.034940732383380024,-0.031392274237777906,-0.0008334722453742227,0.12024747825376725,0.12024747825376725,0.13953488372093026,0.11627906976744184,-0.043263852783160806,-0.6474462910417511,0.855456729755933,-0.8754194269981932,0.015069990112920761,-0.06826003824091775,0.07780612244897966,0.06699751861042169,-0.019241047568145375,-0.09407665505226481,-0.061824230662600455,0.011627906976744207,-0.019249278152069338,0.06758620689655181,0.0,0.03960077269800388
2016-01-03,0.03339263882656973,-0.037879119456677324,0.039705301508135005,0.013006155777987916,0.02731652845412902,0.0792991573133417,0.24408071013251198,0.24408071013251198,0.24489795918367352,0.25,1.0623960477562782,8.359442368496694,-0.665833655178681,13.801795580110497,0.21975126367485887,0.03734865585881386,0.2047337278106509,0.21162790697674438,0.047411444141689296,0.05769230769230771,-0.036347517730496604,0.011494252873563315,-0.005691854759568016,0.21317829457364335,-0.017857142857142905,-0.05022194693919679
2016-04-03,0.010663191156651264,0.016124302020691816,0.05126190867639435,-0.012356518874057199,-0.028885432002126565,-0.11417558492129787,-0.3045682304333812,-0.3045682304333812,-0.29508196721311475,-0.2833333333333333,-0.7441691485879,-0.7344716920289298,2.2425725746141816,-1.6345588578360473,-0.1143225795605467,-0.06567754698318495,0.035363457760314354,0.02303262955854124,-0.02185223725286156,-0.10545454545454547,-0.22539098436062555,0.011363636363636465,-0.03928148440584289,0.027689030883919052,0.0,0.02880278245747503
2016-07-03,-0.003972003844472272,0.02774475624392747,-0.025655630260577156,0.011962917480393909,0.01889406093252921,0.06308522250521631,0.34532086124805117,0.34532086124805117,0.37209302325581395,0.34883720930232553,2.0036828963795257,-1.5512375665047422,0.35745885312925885,-2.373184809382008,0.17724966900930572,0.10247723904298134,0.0711574952561671,0.060037523452157515,0.015425531914893487,0.1260162601626016,0.06254948535233562,0.01123595505617958,0.023012122457365836,0.06424870466321231,0.0,0.015582906344091763
2016-10-02,0.026361493907004263,0.06915909678603316,0.030079404765805506,-0.023504003164754317,0.022612265186861658,-0.04297960245657595,-0.08973174436631848,-0.08973174436631848,-0.10169491525423724,-0.08620689655172398,-0.2350838546104449,-8.388900545530843,-1.9235913752625726,0.702184621974727,0.25628519487429613,0.045323602842327615,0.004428697962798989,-0.0035398230088495852,0.020953378732320616,0.028880866425992746,-0.02980625931445602,0.011111111111111072,-0.003615183771841779,0.020447906523855863,-0.018181818181818188,0.09492354103817746
2017-01-01,-0.0064752322887656755,0.031523987357463756,-0.021216301067614962,0.10103085634618081,0.0084985543840983,-0.16776084108500255,0.11564333270253058,0.11564333270253058,0.1132075471698113,0.09433962264150941,1.0203086369440597,-0.6783802586929051,-2.0430121912470525,-0.2513054419628814,0.15273548672765136,-0.022781554289913686,-0.01940035273368612,-0.019538188277087087,0.00667008722421758,-0.04210526315789476,-0.04531490015360984,0.01098901098901095,0.015117919774239263,0.057251908396946494,-0.07407407407407418,-0.06313239276043903
2017-04-02,0.014922312455704523,-0.061643910445227545,0.003956925514562837,-0.004552875172991078,0.025732620718156296,0.12716832707755987,-0.40472482227944917,-0.40472482227944917,-0.4067796610169492,-0.39655172413793105,-0.6386839964228801,4.062952498675614,-0.740560214208982,-2.4901894878366457,-0.19744756655950346,0.030456852791878264,-0.055755395683453224,-0.04528985507246386,0.022935779816513735,0.0219780219780219,0.039823008849557695,0.01086956521739113,0.010524225575853752,-0.02707581227436817,-0.020000000000000018,-0.057347125038028635
2017-07-02,0.06096139593102268,0.2841240969067125,0.01639867249288529,-0.018681069849219467,0.1039612274766668,0.06389037472160908,4.286350801751159,4.286350801751159,4.314285714285715,4.257142857142858,-0.10456677087985711,-3.3879549378302496,-0.8401829305976145,-5.623590278560957,1.1375165175892819,0.14395183360700603,0.5590476190476192,0.5825426944971539,0.10264075734927736,0.11827956989247324,0.18916827852998064,0.010752688172043001,0.04067596777362925,0.6419294990723561,-0.04081632653061229,0.3085363885751171
2017-10-01,0.0290657930852376,0.07799691175916745,0.016828312257554767,0.013783789286514248,0.03993748964585131,0.013370215846804756,-0.5536901734217348,-0.5536901734217348,-0.5537634408602151,-0.5543478260869565,0.21586965105887734,-0.8344330235700071,5.064578499613303,-0.7158964445894402,0.1511906384470103,0.05964912280701751,0.04337202199144774,0.06474820143884896,0.03976502485314071,-0.03846153846153855,-0.345152895250488,0.010638297872340496,0.01038519637462243,0.08700564971751401,-0.02127659574468077,0.06334525424425541
2017-12-31,0.2854021614469857,-0.2236617367338224,0.6288676968722509,0.5914358205358219,-0.012949773050702551,0.15760227323981768,-1.4514482092272558,-1.4514482092272558,-1.4457831325301205,-1.451219512195122,1.1895255025297415,-33.0643539245308,-53.07460307339157,-6.4448808757244045,-0.715098775454976,0.07766405779650798,-0.2927400468384075,-0.33333333333333337,-0.015645371577575062,0.036666666666666625,-0.009438648782911008,0.010526315789473495,-0.23210614838347976,-0.32588357588357575,0.0,-0.5121772073604454
2018-04-01,0.005700272660278838,0.028375230737819335,-0.004832684228494144,-0.02620459311264467,0.02079907701698791,0.003650078705796256,-1.632925553907143,-1.632925553907143,-1.6486486486486487,-1.6216216216216215,-1.1136491381463902,-0.9837216468325751,-0.9840709893398442,-0.9578873922350075,-0.10452966843776901,0.08393854748603369,-0.07533112582781465,-0.12162162162162171,0.019867549668874274,0.10289389067524124,0.47442326980942817,0.01041666666666674,0.015088829398880677,-0.0956052428681573,-0.0434782608695653,0.056026626515571776
2018-07-01,-0.02748986073880222,-0.025600403240183978,-0.036498294283792365,-0.23033983308566885,-0.014900682985474645,0.09222450665556892,1.4616892099600367,1.4616892099600367,1.4166666666666665,1.4782608695652169,-6.013394697073774,1.3768538471289138,-2.994004150972404,-0.18520078629598424,-0.0961796635452059,-0.03015075376884424,-0.5040286481647269,-0.5307692307692307,-0.01601731601731604,-0.04956268221574356,0.015986394557823136,0.010309278350515427,0.012946535602972764,-0.5302642796248934,0.0,0.2660213117214467
2018-09-30,-0.016016541737540413,-0.030703260859621495,-0.04380484688576214,-0.03639856151246046,0.02196587685331619,-0.0413002124084042,0.19488628381437012,0.19488628381437012,0.18965517241379315,0.21052631578947367,0.27686510926902796,-1.1425523972054823,3.203199691595991,-0.37509334252398185,-0.0664991809090687,0.12740799787431922,-0.10649819494584833,-0.14344262295081978,0.017597888253409577,0.14417177914110435,1.2728490123870104,0.010204081632652962,0.038579881656804815,-0.1451905626134301,0.0,0.005927330922885332
2018-12-30,0.019304016901057652,0.05932157581113606,0.030603188073994092,0.12359483481664424,0.004853702804581861,0.12165863627128637,-0.06866279981188272,-0.06866279981188272,-0.0724637681159419,-0.0724637681159419,0.7106511288522619,-11.96869933906971,-0.4747548862250186,-2.2500229800533136,0.0890405128440186,0.002592505302851711,0.8787878787878787,0.904306220095694,0.008646779074794608,-0.013404825737265313,0.11886875828546173,0.010101010101010166,-0.014129443938012853,0.8174097664543523,0.045454545454545414,-0.057215249543338564
2019-03-31,0.01857159926781282,0.01053915573360209,0.01694642813429148,-0.03805316271637604,0.020703261758908686,-0.1422782339898645,-0.5032822757111597,-0.5032822757111597,-0.5,-0.5,-1.0333460879819847,-0.6677050410423157,-1.0914123070475659,-3.1221413339216117,-0.1735201274689595,-0.0005876821814762012,0.031182795698924792,0.04020100502512558,0.019717102443206125,-0.010869565217391353,-0.47446024223275407,0.010000000000000009,0.0020804438280166426,0.03855140186915906,0.021739130434782483,0.050562500000000066
