Quarter end,Assets,Current Assets,Liabilities,Current Liabilities,Shareholders equity,Revenue,Earnings,Earnings available for common stockholders,EPS basic,EPS diluted,Cash from operating activities,Cash from investing activities,Cash from financing activities,Cash change during period,Cash at end of period,Price,ROE,ROA,Book value of equity per share,P/B ratio,P/E ratio,Cumulative dividends per share,Equity to assets ratio,Net margin,Asset turnover,Current ratio
1993-12-31,0.017460565863178346,-0.011882528357768374,-0.20742598482994867,0.1647457438831339,1.462455996445538,-0.7691487705261645,-0.8555083746166549,-0.9276035617499032,-0.9444444444444444,-0.9444444444444444,-0.5111537063353052,1.4294152392203188,-1.2443376801647221,-1.6324906367041199,0.35020220789157275,0.39556962025316444,-0.04455958549222794,1.772727272727273,0.5196850393700787,-0.17867435158501443,-0.09090909090909083,inf,0.4886018237082066,0.04026845637583887,0.021052631578947434,-0.15164730457727116
1994-03-31,0.017460565863178346,-0.011882528357768374,-0.20742598482994867,0.1647457438831339,1.462455996445538,-0.7691487705261645,-0.8555083746166549,-0.9276035617499032,-0.9444444444444444,-0.9444444444444444,-0.5111537063353052,1.4294152392203188,-1.2443376801647221,-1.6324906367041199,0.35020220789157275,0.39556962025316444,-0.04455958549222794,1.772727272727273,0.5196850393700787,-0.17867435158501443,-0.09090909090909083,inf,0.4886018237082066,0.04026845637583887,0.021052631578947434,-0.15164730457727116
1994-06-30,0.04792935678757959,0.00474836742681739,0.05654824821902538,0.1928396003719688,0.030104512206970302,0.09497250181591776,-0.49795918367346936,-0.21746880570409988,-0.33333333333333326,-0.33333333333333326,-0.5111537063353052,1.4294152392203188,-1.2443376801647221,-1.6324906367041199,-0.16404921881324375,0.24943310657596363,-0.04455958549222794,1.772727272727273,0.5751295336787565,-0.17867435158501443,-0.09090909090909083,inf,0.6355283307810109,0.04026845637583887,0.021052631578947434,-0.15767419758952883
1994-09-30,-0.009335224120924024,-0.12125436968845782,-0.0040080924084443526,-0.10939202222821909,-0.02063515589210163,0.19725650927527294,-3.6528455284552845,-8.432801822323462,-7.5,-7.5,-0.4876284478096268,0.13339816840910923,4.351123595505618,0.34048852701702437,-0.26306105650510825,-0.10344827586206884,-0.04455958549222794,1.772727272727273,-0.019736842105263164,-0.4280701754385966,-0.09090909090909083,inf,-0.01154806491885152,0.04026845637583887,0.021052631578947434,-0.013334017129083553
1994-12-31,0.0553103225890792,0.06223824356327068,0.03197375008370518,0.08007137406293485,0.10565235635227999,-0.12654595824675963,-5.693227091633466,-5.693227091633466,-5.692307692307692,-5.692307692307692,0.011611030478954953,0.013049696102967356,-0.5542257217847769,0.51131971286582,-0.5394875164257555,-0.06275303643724706,-0.04455958549222794,1.772727272727273,0.10067114093959728,-0.04907975460122693,-0.09090909090909083,inf,0.047679191664035336,0.04026845637583887,0.021052631578947434,-0.016476947866313152
1995-03-31,0.00964778264101085,-0.03404573110461928,0.005438342788633754,-0.02233928701308152,0.01812333573899405,0.06490711372904401,-0.8850724826955727,-0.8850724826955727,-0.8852459016393442,-0.8852459016393442,0.3803312899439155,-0.3465325569084171,-1.1260009420631183,-0.484350261843868,-0.6040804679697531,0.04751619870410373,-0.04455958549222794,1.772727272727273,0.015243902439024515,-0.04516129032258065,-0.09090909090909083,inf,0.008438818565400963,0.04026845637583887,0.021052631578947434,-0.011996617693689982
1995-06-30,0.027746593788149365,0.0417036178002137,0.018737630152310558,0.06589225553441813,0.045659812398790134,0.1294032549728752,3.2363636363636363,3.2363636363636363,3.2857142857142856,3.2857142857142856,0.7821033733345932,-0.11433354936271334,0.22429906542056077,-1.2132735002361832,0.3254054054054054,0.10927835051546397,0.4392624728850325,1.772727272727273,0.048048048048048075,0.09459459459459474,0.03169398907103815,inf,0.01763299462044232,0.40645161290322585,0.036082474226803996,-0.0226798609253811
1995-09-30,0.061872018018233055,0.09928838051996247,-0.017032444907009392,-0.03921509975770987,0.2147244283151295,0.049280811338241026,3.9332081545064375,3.9332081545064375,3.9000000000000004,3.9000000000000004,-0.9555673382820785,-4.204097810842125,1.0885496183206107,27.80066445182724,7.0709624796084825,-0.14498141263940523,1.627731725697061,1.772727272727273,0.21203438395415475,-0.18518518518518523,-0.42690677966101687,inf,0.14390602055800295,1.811926605504587,-0.00995024875621886,0.14416288106835973
1995-12-31,-0.027255063247261124,-0.09419275409803518,-0.071200807760888,0.08898920713989211,0.041633791975367984,-0.19610152269683578,-0.7652656190527976,-0.7652656190527976,-0.7687074829931972,-0.7687074829931972,5.124105011933175,-1.28975715590743,24.830409356725145,-1.8733994693736302,-0.7651844365841334,-0.08913043478260851,-0.1743619156868369,-0.1237704918032787,-0.004728132387706974,-0.25,-0.6839186691312384,inf,0.07086007702182284,-0.11092985318107673,-0.015075376884422176,-0.16823726381248516
1996-03-31,0.044799895213935015,0.2939538758330411,0.0250926020770621,0.04678134083003771,0.07234636097434799,0.08792278730331704,-0.3085476025017373,-0.3085476025017373,-0.32352941176470595,0.0,2.5140296180826187,0.5770771756978654,-0.9720398460493548,-0.8466838363160096,-0.49960548023814644,0.02386634844868718,-0.01215699895797151,0.04957904583723116,0.061757719714964354,0.030303030303030276,0.1520467836257311,inf,0.026132821865260114,0.06788990825688068,-0.015306122448979553,0.23613986657464925
1996-06-30,0.05604421739234633,0.0982168572638713,0.05197706240148525,-0.01998288481846988,0.06147869307169507,-0.03982560645683064,1.0117252931323284,1.0117252931323284,0.9565217391304348,0.0,-1.0709215925474105,-0.35771104910249474,-16.403846153846153,-0.787221823402728,-0.21244266055045868,0.15850815850815847,-0.012658227848101222,0.042780748663101775,0.046979865771812124,0.08823529411764719,0.07868020304568524,inf,0.0053738317757010545,0.11168384879725068,-0.062176165803108696,0.1206383176700474
1996-09-30,0.024957664845236538,0.03616428001187866,-0.0014493286513582726,0.774368549638176,0.0599264765552725,0.12051170228230856,0.15512073272273108,0.15512073272273108,0.15555555555555567,0.0,-103.9288506645817,0.14096744909869008,-2.049477626650897,-67.17948717948718,17.85183836912996,0.20724346076458766,-0.3970797720797721,-0.3769230769230769,0.05769230769230771,0.15315315315315314,0.13411764705882367,inf,0.033929816407157753,-0.3508500772797526,-0.04419889502762431,-0.41603354506580315
1996-12-31,-0.007697076848133033,-0.11658713793334474,-0.1453365451002654,-0.27821202142307433,0.16401437862958956,0.14561265606398233,2.0748215959057164,2.0748215959057164,2.057692307692308,0.0,-0.7678547012442459,1.1124687428961129,3.6435011269722013,-1.823589388038092,-0.7799019039894952,0.18333333333333335,0.6863555818074423,0.7887517146776404,0.16161616161616155,0.1171875,0.9128630705394192,inf,0.173072600584401,0.7071428571428571,0.052023121387283267,0.22387316934451862
1997-03-31,-0.052551807712839405,-0.14996861082905333,-0.13271842080697394,-0.2961891084225491,0.02088040386101664,-0.2177675338820183,-0.8562721241531285,-0.8562721241531285,-0.8553459119496856,0.0,-0.2226366938254638,-0.5485997148314546,-1.0214249116845995,-1.1060587303159355,0.3758115458852431,-0.12394366197183093,-0.06760070052539402,-0.0015337423312882237,0.006956521739130528,-0.24475524475524468,-0.5162689804772235,inf,0.07760107300249075,0.00976290097629029,-0.01098901098901095,0.2077839093813536
1997-06-30,0.009505934188571485,-0.0675988480735964,-0.01650956089039024,-0.056609607040903565,0.029750591146017857,-0.09174288488069082,0.5720110911759908,0.5720110911759908,0.5652173913043477,0.0,0.41402533989981904,0.6784671315334645,-2.2190056639395843,-0.5922726742150111,0.11137327424034682,0.014469453376205754,-0.0912847483095417,-0.025345622119815614,0.029360967184801412,0.0092592592592593,0.013452914798206095,inf,0.020092460881934615,-0.01104972375690616,-0.01666666666666672,-0.011639091958445591
1997-09-30,0.054908491829050776,-0.06633849163525796,0.09530704763668663,0.08989512781297804,0.024883544137475733,0.1789260499001435,-0.17213114754098358,-0.17213114754098358,-0.16666666666666663,0.0,-0.5915518113892775,0.8923765223875297,-7.245224574083634,-8.866304036644717,-0.7883004360798714,0.3058637083993663,-0.1298057048367094,-0.08195429472025217,0.02684563758389258,0.26605504587155937,0.3495575221238938,inf,-0.02858636918249946,-0.07262569832402233,-0.011299435028248594,-0.14335766423357676
1997-12-31,0.06803852919460929,0.03531816525462328,0.1330958337656747,0.077438883821628,0.016364319008067785,-0.030389069160781323,-0.13059280611605462,-0.13059280611605462,-0.09999999999999987,0.0,0.7902485241600465,0.00024392532132466727,1.4565594775564188,-1.035411435018379,0.13186068572977372,0.00728155339805836,-0.5482185273159145,-0.5467811158798284,0.019607843137254832,-0.014492753623188248,0.09672131147540997,inf,-0.04826843710748252,-0.5105421686746987,-0.07428571428571418,-0.039082026812088166
1998-03-31,0.012139061623936076,-0.05095828635851185,0.004158131079486038,-0.200372110330713,0.019206280558859312,-0.1960013123897798,-0.12656768055355339,-0.12656768055355339,-0.14814814814814814,-0.32352941176470595,-0.7379498453020681,-0.44679972987168903,-0.4287781404583235,-7.246659815005139,-0.7277298850574713,-0.01686746987951815,-0.024185068349106276,-0.037878787878787956,0.019230769230769162,-0.03676470588235292,1.1031390134529149,inf,0.006975867269984892,0.039999999999999813,-0.07407407407407418,0.1868053913454717
1998-06-30,0.63966076461729,0.8709038123880883,1.3354308102813524,0.8692121550560752,0.03264389628682318,0.4223139273307863,0.02921274137646468,0.02921274137646468,0.0,0.0,4.822432810315364,8.70281451339437,15.070162002945509,-4.970714050674564,10.613016710642041,0.133578431372549,-0.13146551724137923,-0.25984251968503935,-0.14779874213836486,0.10687022900763354,0.13361762615493955,inf,-0.37034263246583043,-0.17159763313609455,-0.10666666666666658,0.0009464036660689068
1998-09-30,0.42213078565066486,0.2554203060149911,0.2727857794695503,0.5849567436360241,0.7168050177349994,0.6954262289790516,0.24550994227068634,-0.23396407953816545,-0.34782608695652184,-0.34782608695652184,0.46329944769070686,0.20156149523303601,-0.024846860783530267,-1.9511063230297505,-0.8692063011208725,-0.14702702702702708,-0.2667493796526055,-0.24202127659574468,0.7158671586715868,0.006896551724137945,-0.039498432601880795,inf,0.2072554267023492,-0.2785714285714286,-0.059701492537313494,-0.20791241602388666
1998-12-31,-0.03597284472373308,-0.03632887189292544,-0.012350167998190997,-0.18242327855333684,-0.07052816339556411,0.14799866309594822,-6.080726149092314,-9.26083315888633,-9.666666666666668,-9.666666666666668,-0.6765129551629196,-0.8279165818329892,-0.8089529459086586,-1.4094275507536813,2.734800231615518,-0.18124207858048158,-1.8189509306260576,-1.592982456140351,-0.06989247311827962,-0.5273972602739726,-0.04177545691906004,inf,-0.0357142857142857,0.0,0.031746031746031855,0.17867688634793
1999-03-31,0.011971436572388638,0.01766513056835639,0.02277956741831577,0.2507204610951008,-0.004828326180257525,-0.06283052452745352,-1.0076022502660789,-0.9315797476052912,-0.9384615384615385,-0.9384615384615385,2.4890930612705033,-0.3712392671218985,-1.6060486806635053,-1.6490742711215152,-0.4728682170542635,-0.22291021671826627,0.24586776859504145,0.10059171597633143,-0.005780346820809301,-0.1594202898550725,0.0,inf,-0.016602809706258048,0.0,0.030769230769230882,-0.18634401151324564
1999-06-30,0.0532687651331718,0.16603773584905657,0.053430821147356644,0.05453149001536106,0.05300988319856237,0.48269760125835637,107.33333333333333,-11.925925925925926,-12.375,-10.5,-0.9434571890145396,-0.3306451612903226,-1.8409090909090908,-1.737704918032787,0.661764705882353,0.2948207171314743,-0.7728026533996684,-1.043010752688172,0.05348837209302326,0.3103448275862071,0.0,inf,-0.0002597402597401821,0.0,0.15671641791044766,0.10573206681952185
1999-09-30,0.02285714285714291,0.010787486515641875,0.012386545648692016,0.11471230881281858,0.03959044368600684,0.21071475931574057,-0.22153846153846157,-0.24406779661016953,-0.2417582417582418,-0.23684210526315796,22.485714285714284,0.5060240963855422,-2.55984555984556,-0.0444444444444444,0.38053097345132736,0.29538461538461536,-2.218978102189781,14.625,0.03752759381898452,0.22368421052631593,0.0,inf,0.01636788776305531,-0.8267326732673267,0.1806451612903226,-0.09325196990343032
1999-12-31,-0.0454633018686188,0.30544290288153686,-0.08933656787258726,0.05063704671675917,0.022816808929744026,-0.09682365826944139,-0.3320158102766798,-0.37668161434977576,-0.3913043478260869,-0.6379310344827587,-1.424574209245742,-8.090666666666667,1.5717821782178216,28.558139534883722,8.08974358974359,-0.2232779097387173,5.3532934131736525,2.992,0.044680851063829685,-0.24731182795698936,0.0,inf,0.07157464212678932,5.0,0.09289617486338786,0.2425351192420777
2000-03-31,-0.010023545240497866,-0.0032701111837802888,-0.01702571230020844,0.058457711442786,-0.000320975766329612,0.2797720106718409,-0.4497041420118343,-0.5467625899280575,-0.5238095238095237,-0.04761904761904756,0.23782234957020054,-1.0304625799172622,-0.3310875842155919,-1.950432730133753,-0.8519040902679831,-0.15902140672782872,0.11215834118755885,0.11422845691382766,0.020366598778003953,-0.19999999999999984,-0.4904632152588555,inf,0.00978053435114501,-0.03333333333333344,0.17500000000000004,-0.05831624336120311
2000-06-30,0.008358249524327288,0.015748031496062964,0.011193590196771463,0.03202115158636887,0.004495103547921042,0.15436368805079126,0.5698924731182795,0.8412698412698412,0.8499999999999999,0.7499999999999998,-1.474537037037037,0.7037037037037037,-0.7251798561151079,-0.8973509933774835,-0.5904761904761905,-0.014545454545454528,-0.26101694915254237,-0.20683453237410065,0.012974051896207595,-0.0357142857142857,-0.17245989304812837,inf,-0.0037798251830852836,-0.334975369458128,0.13617021276595742,-0.015747152110788476
2000-09-30,0.03160590336276026,0.061369509043927684,0.028897692845490486,0.15229148875604892,0.03532044110596133,0.14480380889837474,0.7123287671232876,0.896551724137931,0.9189189189189189,0.7142857142857144,2.7170731707317075,0.37681159420289845,1.162303664921466,-2.282258064516129,1.8488372093023258,-0.088560885608856,-0.020642201834862317,0.0,0.035467980295566415,-0.09259259259259267,0.19063004846526654,inf,0.0035570310647379255,-0.11111111111111105,0.12734082397003732,-0.07891750822648358
2000-12-31,0.00836164097204084,-0.0410833840535606,-0.01053227633069087,-0.055335968379446654,0.03411546773695595,0.02990104689516704,-0.02400000000000002,-0.027272727272727226,-0.014084507042253502,0.6833333333333333,-0.515748031496063,1.4789473684210526,-0.9951573849878934,-1.6540880503144653,-0.42448979591836733,0.0728744939271253,0.11826697892271665,0.1020408163265305,0.03139866793529977,0.020408163265306145,0.056987788331071876,inf,0.02551984877126645,0.0,0.1262458471760799,0.01509085309516478
2001-03-31,-0.008033169214822444,-0.044112980006347224,-0.037083667162641665,-0.2039748953974896,0.029855202268995296,-0.1455127758824758,-0.11065573770491799,-0.12616822429906538,-0.12857142857142856,-0.48514851485148514,-1.5067750677506775,-0.3036093418259024,-195.5,0.21153846153846145,-0.8936170212765957,0.20377358490566033,0.17277486910994755,0.15843621399176966,0.027675276752767486,0.17999999999999994,-0.2413350449293966,inf,0.03824884792626726,0.16666666666666674,0.02359882005899716,0.20084951456310685
2001-06-30,0.06380616509926851,0.09296148738379806,0.07785569951265892,0.16622864651773983,0.046673430932019144,0.05890980200439988,0.35944700460829493,0.41711229946524053,0.39344262295081966,0.34615384615384603,-3.2406417112299466,0.4207317073170731,-0.8688946015424165,-1.0317460317460316,0.2666666666666666,0.10971786833855801,0.1589285714285713,0.1456483126110124,-0.21633752244165172,0.0847457627118644,-0.03384094754653133,inf,-0.016200621393697268,0.1785714285714286,-0.008645533141210415,-0.06286003031834264
2001-09-30,0.5589047823684694,0.3428007290400972,0.9709969122187914,0.3712676056338029,0.041407007339703705,0.08648815020006162,0.11186440677966103,0.23773584905660372,-0.07058823529411762,0.12857142857142878,0.26730310262529833,15.253218884120173,136.9607843137255,-2.75,-0.368421052631579,-0.15536723163841804,0.08089368258859797,-0.07131782945736431,0.04123711340206171,0.0625,-0.25919439579684755,inf,-0.33205504173246114,0.1212121212121211,-0.1366279069767441,-0.020759193357058114
2001-12-31,0.04843854605599973,-0.006899671982807387,0.0660213730207575,0.10620377978635998,0.0066489361702126715,-0.09426345609065157,-0.8780487804878049,-0.8780487804878049,-0.8860759493670887,-0.8734177215189873,1.6007532956685497,-0.8152891470821231,-0.9253837407617964,-73.42857142857143,42.25,0.058528428093645335,-0.1995723449750535,-0.2971619365609349,0.004400440044004528,0.02941176470588225,-0.009456264775413725,inf,-0.039851401553529175,-0.15135135135135136,-0.1582491582491583,-0.10219701558284233
2002-03-31,0.1263193479322391,-0.010933940774487505,0.07626095627985086,0.05106778087279484,0.25231175693527086,-0.02791461412151064,-14.9,-14.9,-13.777777777777777,-12.499999999999998,-1.3468501086169442,1.5210864903502501,5.645714285714286,-2.019723865877712,-0.9961464354527938,0.05845181674565558,-0.9136242208370436,-0.8954869358669834,-0.19605695509309973,0.04285714285714293,0.5155131264916466,inf,0.11185367569468863,-0.9044585987261147,-0.14800000000000002,-0.05900030665440048
2002-06-30,0.3212165677316081,0.28097650852141864,0.47795767092558283,0.14081272084805652,-0.017827004219409304,0.4041988416988418,-0.6780575539568345,-0.6780575539568345,-0.7565217391304347,-0.7565217391304347,-1.4926931106471817,0.9543521406294302,1.0306678131269704,-1.827852998065764,214.0,-0.24776119402985075,-5.463917525773195,-3.7499999999999996,-0.017711171662125325,-0.0547945205479452,2.6078740157480316,inf,-0.2565643783612781,0.0,-0.12206572769953039,0.12285732907514846
2002-09-30,-0.004644353576657045,-0.03568860122258177,-0.0008578876167222305,0.022146507666098714,-0.016969176243153306,0.24488743770407284,-0.11731843575418999,-0.11731843575418999,-0.14285714285714302,-0.14285714285714302,1.292372881355932,-0.9216596547221819,-1.0165137614678899,-1.2710280373831775,-0.2697674418604651,-0.49603174603174605,1.2193995381062357,1.0826446280991737,-0.018030513176144236,-0.49275362318840576,0.0,inf,-0.012340425531914834,0.0,0.016042780748662944,-0.05659391687949855
2002-12-31,-0.04681239539483695,-0.01724620117460618,-0.05181466926455536,-0.07833333333333337,-0.030263301649732344,-0.09939260077305356,0.7531645569620253,0.7531645569620253,0.7916666666666667,0.7916666666666667,-0.4824399260628466,-3.8759259259259258,7.965811965811966,-7.758620689655173,2.4968152866242037,-0.3700787401574803,0.32258064516129026,0.2658730158730158,-0.029661016949152574,-0.34285714285714275,0.0,inf,0.01723395088323998,0.0,0.021052631578947434,0.06626468959576703
2003-03-31,-0.025220815153772502,-0.08584708783911976,-0.04012259682362773,-0.15633733355252344,0.022983325822442557,0.16804618843245445,-1.736462093862816,-1.736462093862816,-1.744186046511628,-1.744186046511628,-0.7428571428571429,-1.1699935608499679,-0.2659675881792183,-2.2270408163265305,-0.8761384335154827,0.6937499999999999,-0.6459480723839497,-0.6645768025078369,0.02328966521106257,0.6956521739130435,0.0,inf,0.04955527318932651,0.0,0.09793814432989678,0.0835545297172533
2003-06-30,-0.01476528384279474,-0.0362145896025734,-0.01708998548621188,0.15607950116913494,-0.00770925110132159,-0.07423122348103761,-1.343137254901961,-1.343137254901961,-1.34375,-1.34375,37.05555555555556,-0.41666666666666663,1.651948051948052,-1.5654885654885655,4.0,0.3837638376383763,-0.2599999999999999,-0.25233644859813076,-0.008534850640113834,0.35897435897435903,0.0,inf,0.007263922518159882,0.0,0.07042253521126751,-0.16631164128235165
2003-09-30,0.018033740546829602,0.11347975882859607,-0.002030344420244412,0.14225518287544237,0.07835738068812437,0.10092610092610088,-11.085714285714285,-11.085714285714285,-10.90909090909091,-10.90909090909091,-0.6773722627737226,0.36363636363636354,-0.3839373163565132,-2.0735294117647056,-0.8588235294117648,0.07199999999999984,-2.843843843843844,-2.9124999999999996,0.07890961262553797,0.09433962264150941,0.0,inf,0.05929487179487203,3.333333333333333,0.03508771929824572,-0.025231555413605777
2003-12-31,-0.0037278911564625483,-0.009862695803519617,-0.0027742842346674124,0.013722886232846454,-0.0063812268423218965,-0.09304721030042917,-1.111898016997167,-1.111898016997167,-1.110091743119266,-1.110091743119266,-0.12104072398190047,-0.6571428571428571,-0.9769475357710652,-2.1575342465753424,7.041666666666666,0.4726368159203982,0.3241042345276872,0.3594771241830066,-0.01196808510638292,0.36206896551724155,-0.40593627237014407,inf,-0.002647503782148397,0.32307692307692304,0.025423728813559254,-0.02326343381389262
2004-03-31,0.04929942916450436,0.19951171874999996,0.046292518268481686,0.12590975254730719,0.05769629169256274,0.14986749952678413,-7.379746835443038,-7.379746835443038,-7.500000000000001,-7.25,-0.314028314028314,1.0,-1.206896551724138,-0.415680473372781,0.5116580310880829,0.40878378378378377,0.35301353013530146,0.3798076923076923,0.04845222072678346,0.4177215189873418,0.03894195444526094,inf,0.007963594994311762,0.37209302325581395,0.004132231404958775,0.06541429050654157
2004-06-30,0.11882450934457811,0.3832125702190019,0.08352536604388971,0.5945701357466064,0.21633532464988736,0.29840734186592033,3.228174603174603,3.228174603174603,3.179487179487179,3.1466666666666665,5.3639774859287055,1.1736111111111112,-3.1666666666666665,6.762025316455696,2.627249357326478,0.3645083932853719,1.8245454545454542,1.9372822299651569,0.20539152759948665,0.3035714285714284,0.0,inf,0.08728367193378483,1.7542372881355934,0.06584362139917688,-0.13255667506297242
2004-09-30,-0.03885256962054762,-0.10894643908181278,-0.0783954454732847,-0.11083184692719317,0.05845410628019332,0.042313787638668776,-0.6968559361801971,-0.6968559361801971,-0.6993865030674846,-0.7009646302250804,-0.3210495283018868,0.2460063897763578,311.2307692307692,-1.6999347684279191,-0.5069690526813135,0.17486818980667818,-0.09269391696169937,-0.0462633451957295,0.05324813631522907,-0.0273972602739726,-0.6082036775106082,inf,0.10103806228373702,-0.10461538461538467,0.0656370656370655,0.002105263157894832
2004-12-31,-0.013603466221286276,-0.0795957460862673,-0.024390243902439046,-0.09482994437859027,0.0095085957705765,0.030500228067507962,-1.0030959752321982,-1.0030959752321982,-1.0,-1.0,-0.7286148501953973,1.3025641025641024,-1.0083764474008376,-0.8886300093196645,-0.11451844753234308,0.16679132385938678,-0.05143667967364296,-0.0024875621890547706,0.009100101112234471,0.11267605633802824,0.2057761732851986,inf,0.02357008170961672,-0.08247422680412364,0.0869565217391306,0.01680672268907557
2005-03-31,0.07769134499766883,0.18372326682933826,0.09254002911208148,0.32587891608743824,0.04694446537563102,-0.06421152030217181,-139.5,-139.5,inf,inf,-1.904,-0.2884187082405345,6.264705882352941,3.00418410041841,-0.5178571428571428,0.06538461538461537,-0.13425579655946152,-0.09850374064837897,0.023046092184368705,0.056962025316455556,0.038922155688622784,inf,-0.02855388394227809,-0.11985018726591767,0.026666666666666616,-0.10715303505272145
2005-06-30,0.021700025047248328,0.04935127925306171,-0.03700496286180599,-0.11677556602340067,0.1485533323736865,0.27182139253279525,5.6389891696750905,5.6389891696750905,5.560975609756098,5.55,-3.495575221238938,-0.19092331768388104,-4.327935222672065,-1.0741901776384535,0.07968574635241299,0.26233453670276763,-0.15248380129589634,-0.10650069156293218,0.12830558276199788,0.22754491017964074,0.3616714697406338,inf,0.12389380530973448,-0.15319148936170213,0.05519480519480524,0.18807851899138184
2005-09-30,0.16826387341207938,0.4334411832678531,0.17978693967902593,0.433978494623656,0.14738689058779286,0.2439254190221165,0.2289287656334964,0.2289287656334964,0.22304832713754652,0.22137404580152675,3.3226950354609928,-0.005802707930367523,-1.0304136253041363,77.95774647887323,5.82952182952183,0.40514775977121076,0.45158002038735967,0.4891640866873064,0.15451388888888906,0.24878048780487827,0.5798941798941799,0.6666666666666667,-0.017716535433070946,0.40703517587939686,0.055384615384615365,-0.00040298206729794117
2005-12-31,-0.027661198016024402,-0.10721483272873844,-0.05892700087950753,-0.09898020395920815,0.030584380120152854,-0.13103448275862073,-0.6929203539823009,-0.6929203539823009,-0.6930091185410334,-0.6937500000000001,-0.8949958982772764,0.6926070038910506,-78.6,-1.387085265786657,-0.33028919330289197,0.02917232021709637,0.0621488764044944,0.09667359667359676,0.02781954887218041,-0.10937500000000011,-0.3462826523777629,1.0,0.05983395362152866,0.09285714285714275,0.005830903790087438,-0.009137942619095618
2006-03-31,-0.003335295271728489,-0.016252821670428852,0.00031152647975085657,-0.001997336884154488,-0.009538950715421324,-0.110698229195339,-0.3804034582132565,-0.3804034582132565,-0.37623762376237624,-0.37755102040816324,-0.75,-0.08045977011494254,-0.6391752577319587,-0.3824884792626728,-0.30454545454545456,0.0847066578773894,-0.0383471074380165,-0.004739336492891044,-0.002926115581565414,0.05701754385964919,-0.0635245901639343,0.4999999999999998,-0.006212857914640657,-0.013071895424836555,0.005797101449275477,-0.014307994846409322
2006-06-30,0.10236220472440949,0.21661312528682886,0.059794456555590125,0.09539693128752491,0.17549491706795073,0.27134382254320344,6.5813953488372094,6.5813953488372094,6.603174603174603,6.639344262295082,23.5625,-0.21250000000000002,-0.7714285714285715,-3.343283582089552,1.026143790849673,0.03372835004557895,0.17359917497421784,0.20380952380952388,0.18121790168745422,0.03734439834024883,0.004376367614879584,0.3333333333333335,0.06632237020929588,0.20860927152317865,-0.0028818443804035088,0.11069069895432038
2006-09-30,0.06178571428571433,0.11278762731044889,0.034675286511901326,0.04384896467722288,0.10377787892580792,0.07080543720835863,-0.1595092024539877,-0.1595092024539877,-0.16075156576200422,-0.15879828326180256,0.19338422391857502,1.3492063492063493,2.4375,-0.15286624203821653,0.42903225806451606,-0.04644326866549109,-0.003807850029291071,0.03797468354430378,0.11925465838509308,-0.19600000000000006,-0.25163398692810457,0.25,0.03951057863879681,0.05753424657534256,-0.017341040462427793,0.06602663363270356
2006-12-31,-0.007063572149344055,-0.047118644067796644,-0.03379721669980118,-0.02450408401400228,0.031752577319587694,-0.2383478590375142,-0.4233576642335767,-0.4233576642335767,-0.41542288557213924,-0.4158163265306122,-0.4434968017057569,-0.060810810810810856,-0.6,-0.6240601503759399,0.1128668171557563,-0.015413070283600394,0.04763304910320487,0.08384146341463405,0.017758046614872347,-0.11940298507462677,-0.08588064046579325,0.19999999999999996,0.03923491907797949,0.14507772020725396,-0.055882352941176494,-0.02318284817849048
2007-03-31,0.029132791327913354,0.011028103877623652,0.012639623750734907,-0.026913875598086112,0.05155875299760182,-0.035820895522388096,-0.26582278481012656,-0.26582278481012656,-0.2680851063829788,-0.2707423580786027,-1.0727969348659003,0.02877697841726623,-1.2272727272727273,-2.5700000000000003,-0.1592292089249493,0.29743268628678754,0.005893909626718985,0.04500703234880454,0.05016357688113415,0.2768361581920902,0.14968152866242024,0.16666666666666674,0.0217083529966966,0.092760180995475,-0.04049844236760125,0.03901974779919093
2007-06-30,0.3535220539828834,0.05594651653764959,0.4940493468795355,0.5408727719729565,0.16951729380463698,0.44582043343653255,2.8189655172413794,2.8189655172413794,0.8953488372093021,0.8982035928143712,-48.36842105263158,14.874125874125873,141.0,3.2038216560509554,-0.7961399276236429,0.3841698841698842,0.0398995535714286,0.020188425302826385,0.16770508826583574,0.31858407079646023,0.2673130193905817,0.2857142857142858,-0.13602771362586608,0.09316770186335388,-0.06818181818181812,-0.314746965880467
2007-09-30,-0.027845330739299623,-0.1099633455514828,-0.05323489411307558,-0.025528520143597966,0.0146246343841403,0.05317630264097084,-0.8939051918735892,-0.8939051918735892,-0.8926380368098159,-0.8927444794952681,-0.5877777777777777,-0.9237885462555067,-1.371830985915493,-0.9,-0.3905325443786982,-0.08786610878661083,-0.2763616850013415,-0.2849604221635885,0.013339261894175225,-0.21812080536912748,-0.19562841530054642,0.22222222222222232,0.043838545843357446,-0.2537878787878788,-0.04181184668989546,-0.08663324979114462
2007-12-31,0.016635397123202056,-0.026581804567577638,0.04165811615021542,0.020875972165370404,-0.022421524663677084,0.10691291087766852,-1.851063829787234,-1.851063829787234,-1.8571428571428572,-1.8823529411764706,-0.8113207547169812,0.4566473988439306,-1.3863636363636362,0.21212121212121215,-0.7766990291262136,0.05619266055045857,-0.2936596218020022,-0.3136531365313654,-0.02676612549363755,0.03862660944205998,0.3682065217391304,0.18181818181818166,-0.038412291933418774,-0.3451776649746192,0.04727272727272713,-0.04646483124485501
2008-03-31,0.08366141732283472,0.22423076923076923,0.1507092198581561,0.1323175621491579,-0.027850589777195234,-0.00030613806826873535,1.0499999999999998,1.0499999999999998,1.0,1.0,-3.6285714285714286,-0.18253968253968256,3.0,-1.225,0.7826086956521738,-0.3222946073108939,-0.36745406824146987,-0.4032258064516129,-0.028854824165915227,-0.30165289256198347,-0.08043694141012914,0.15384615384615374,-0.10279627163781635,-0.41860465116279066,0.0277777777777779,0.08115107913669073
2008-06-30,0.09445958219800188,0.2371976123154258,0.14209895565827768,0.42315864022662897,0.0006740815638692776,0.3403766651355076,-1.048780487804878,-1.048780487804878,-1.05,-1.05,-3.510869565217391,-0.2038834951456311,-1.7720588235294117,-1.9444444444444444,-0.41463414634146345,-0.30761014686248334,-1.1950207468879668,-1.1846846846846848,-0.0004642525533889996,-0.2899408284023669,0.07235421166306688,0.1333333333333333,-0.0857821311962006,0.0,0.08445945945945943,-0.13068937982432793
2008-09-30,-0.09751037344398339,-0.2399695276790249,-0.1798830760005996,-0.2829061955710376,0.08757157292017514,-0.006397075622572523,63.75,63.75,62.0,61.00000000000001,0.09090909090909083,-0.44512195121951215,-0.1968253968253968,-10.411764705882353,6.666666666666667,-0.3355187042036252,-2.9659574468085106,-2.951219512195122,0.0831398049233627,-0.33333333333333326,0.0,0.11764705882352944,0.20487012987012987,-0.6933333333333334,0.0778816199376946,0.0599101857521942
2008-12-31,-0.145632183908046,-0.45005011693952557,-0.22957411807713402,-0.5,-0.0034066274388355744,-0.5026442860427685,-0.6254826254826256,-0.6254826254826256,-0.6296296296296297,-0.6344086021505376,-1.130952380952381,0.6373626373626373,-1.2015810276679841,-2.025,-0.8913043478260869,-0.31572838073128273,0.943722943722944,1.0124999999999997,-0.002572898799313883,-0.36250000000000004,0.19939577039274936,0.10526315789473695,0.16653193209377526,1.1304347826086958,-0.054913294797687806,0.09995185363505077
2009-03-31,0.040091483923045956,0.18165249088699875,0.060972716488730816,0.2012491325468424,0.012740832815413272,-0.24179380490060098,-0.4742268041237113,-0.4742268041237113,-0.4714285714285714,-0.4558823529411765,-6.090909090909091,-0.20134228187919467,-2.5882352941176467,-1.8292682926829267,6.8,0.23748939779474143,0.4443207126948776,0.5248447204968945,0.012467755803955205,0.23529411764705888,-0.37783375314861456,0.09523809523809512,-0.026334026334026372,0.6734693877551023,-0.08562691131498468,-0.016370480609297133
2009-06-30,0.0764454792394258,0.27506426735218503,0.14333631484794274,0.2079722703639515,-0.015342129487572853,0.2746951219512195,-1.8823529411764706,-1.8823529411764706,-1.891891891891892,-1.891891891891892,-1.119047619047619,-0.1428571428571429,-4.271604938271604,-0.09558823529411764,0.7884615384615385,-0.08636052090472923,-0.13569776407093292,-0.0835030549898167,-0.023354564755838636,-0.09523809523809534,-0.38866396761133604,0.0869565217391306,-0.08517200474495845,0.07926829268292668,-0.14715719063545163,0.05553577785688857
2009-09-30,-0.009372746935832788,-0.03427419354838712,-0.020927048699393658,-0.06647537063605935,0.009037083203490281,0.13417842621382436,-1.7333333333333334,-1.7333333333333334,-1.727272727272727,-1.727272727272727,-10.325,0.019607843137254832,-1.0528301886792453,1.0731707317073171,0.913978494623656,0.1635408852213054,-0.624442462087422,-0.62,0.003913043478260825,0.17543859649122817,0.32671081677704183,0.08000000000000007,0.018672199170124415,-0.536723163841808,-0.18431372549019598,0.03448566610455317
2009-12-31,-0.021106259097525504,-0.0718162839248434,-0.004594486616060767,-0.032274590163934413,-0.04663372452130943,-0.015394348376212563,-6.424242424242424,-6.424242424242424,-6.375,-6.375,-1.0160857908847185,0.06730769230769229,-0.7142857142857143,-1.4745098039215687,-0.22659176029962547,-0.003223726627981871,-2.040380047505938,-2.0116959064327484,-0.04893893460372456,0.0,1.6788685524126459,0.03703703703703698,-0.026221995926680175,0.0,0.004807692307692291,-0.040834623848724494
2010-03-31,0.027385377942998668,0.1097615834457939,0.07365041139875572,0.19798835362625722,-0.04729510851959828,-0.013279074748340114,-0.13407821229050276,-0.13407821229050276,-0.13953488372093015,-0.13953488372093015,4.833333333333333,-0.23423423423423428,-0.25,0.016528925619834656,-0.29782082324455206,-0.13260025873221215,1.5319634703196345,1.4277456647398847,-0.05191256830601099,-0.08955223880597019,0.0,0.0,-0.07267973856209153,0.0,0.05741626794258381,-0.07367437117607067
2010-06-30,-0.0021710288264382704,-0.015403323875151975,-0.04149532710280379,-0.04551480335837388,0.06936416184971095,0.11634469285869331,-1.432258064516129,-1.432258064516129,-1.4324324324324325,-1.4234234234234233,-0.2571428571428571,-0.14117647058823535,-1.0,-0.19512195121951215,-0.3413793103448276,-0.061148396718866516,-0.32010820559062225,-0.3214285714285714,0.05859750240153683,-0.016393442622950838,0.0,0.0,0.0718917394981673,0.0,0.05429864253393668,0.03155673791395275
2010-09-30,0.013296264958298165,0.043227665706051965,0.009360374414976613,0.012037037037037068,0.019713831478537447,0.03441571067470339,-0.16417910447761197,-0.16417910447761197,-0.16666666666666663,-0.17021276595744672,-9.307692307692308,-0.06849315068493156,inf,-2.494949494949495,0.7748691099476439,-0.05083399523431298,-0.0954907161803713,-0.10175438596491226,0.016333938294010864,-0.09999999999999987,0.0,0.0,0.006312467122567167,0.0,0.025751072961373467,0.030858159181858635
2010-12-31,0.04163187403077662,0.1554853985793212,0.06588098918083451,0.14181152790484908,0.002494543186778886,0.03627819548872191,-0.9464285714285714,-0.9464285714285714,-0.975,-0.9487179487179487,0.06481481481481488,0.014705882352941124,inf,1.0878378378378377,0.9115044247787611,0.3280334728033474,-0.8636363636363636,-0.8671875,0.00267857142857153,0.31481481481481466,0.0,0.0,-0.037637219027705116,0.0,0.02092050209205021,0.011991028295376127
2011-03-31,0.07169033440219885,0.22882513661202175,0.09280406017763276,0.1766826923076923,0.035458786936236386,0.18374750589515698,34.666666666666664,34.666666666666664,75.0,36.0,-0.08260869565217388,-0.30434782608695654,-1.5878378378378377,-0.7540453074433657,0.11728395061728403,0.4366729678638943,-8.774193548387098,-8.882352941176471,0.03116651825467498,0.43661971830985924,0.0,0.0,-0.03394894079304733,0.26829268292682906,0.061475409836065475,0.04432699684596364
2011-06-30,0.04060696730070523,0.1236798221234019,-0.022723503068502238,-0.015662240381341452,0.06758786422349061,0.2201961385228317,1.0373831775700935,1.0373831775700935,1.026315789473684,1.054054054054054,-1.5781990521327014,0.3125,-1.7816091954022988,-2.5394736842105265,-0.16160220994475138,0.07719298245614037,0.5961272475795296,0.5820895522388059,0.06649395509499123,0.03921568627450989,-0.05838509316770191,0.0,0.026145628338487326,0.4615384615384617,0.08108108108108114,0.1415394661660272
2011-09-30,0.016841240501129562,0.04180064308681675,-0.01612355736591986,-0.007263922518159771,0.06809229037704001,0.017330151952781536,0.5825688073394495,0.5825688073394495,0.5714285714285714,0.5723684210526316,-7.336065573770492,0.19047619047619047,-3.5,-5.512820512820513,0.8698517298187809,-0.11237785016286639,0.6793760831889082,0.6816037735849056,0.1024291497975709,-0.16981132075471705,-0.4617414248021108,0.0,0.05041095890410974,0.5723684210526316,0.06428571428571428,0.04941008223096177
2011-12-31,-0.0010098969905070199,-0.014482431149097863,0.020182853199931072,0.13205574912891982,-0.0337197049525817,-0.0478953215652389,-1.3594202898550725,-1.3594202898550725,-1.3760330578512396,-1.3807531380753137,-1.2238033635187582,0.3999999999999999,-1.2529411764705882,-1.4450757575757576,-0.2070484581497798,0.07889908256880718,-0.21465428276573784,-0.21178120617110807,-0.04333455747337489,-0.022727272727272707,-0.38235294117647056,0.0,-0.032863849765258246,-0.2468619246861926,0.046979865771812124,-0.1294630689561188
2012-03-31,0.0016174686615446632,-0.033004095398699085,-0.009299966181941177,-0.022776238842720842,0.019356597600872494,0.013872682484117771,-1.4516129032258065,-1.4516129032258065,-1.4395604395604396,-1.4285714285714286,-0.9132947976878613,0.4095238095238096,-1.627906976744186,-0.19148936170212771,-0.21111111111111114,0.09778911564625847,-0.11826544021024954,-0.10676156583629892,0.022648752399232253,0.15116279069767447,0.36904761904761907,0.0,0.017799352750809128,-0.12777777777777777,0.025641025641025772,-0.010410144020037593
2012-06-30,0.05046427129592246,0.09940209267563538,0.021505376344086002,-0.017322834645669305,0.09975929392885807,0.03644501278772383,5.910714285714286,5.910714285714286,5.925,6.051282051282051,-50.266666666666666,-0.1216216216216216,-1.1111111111111112,-4.221052631578948,0.8619718309859155,-0.06971340046475605,0.2921013412816691,0.31872509960159356,0.1039789789789789,-0.09090909090909083,0.02753623188405796,0.08571428571428585,0.04689984101748812,0.3312101910828025,-0.009375000000000022,0.1187218223522899
2012-09-30,0.05563028439661788,0.10038522547020157,0.04995822890559731,0.023717948717948634,0.06785019455252916,0.08278840222085138,-0.2945736434108527,-0.2945736434108527,-0.29241877256317694,-0.3018181818181819,-0.3897158322056834,0.7692307692307692,-59.666666666666664,-0.9264705882352942,0.03403933434190631,0.398834304746045,-0.1418685121107267,-0.13141993957703912,0.0632437946276776,0.2666666666666666,0.02538787023977429,0.07894736842105265,0.011642622120981994,-0.12440191387559796,-0.006309148264984188,0.0749434389140271
2012-12-31,-0.025939746973696165,-0.045304777594728174,-0.05076384468491402,-0.09799624295554166,-0.031883397859257534,-0.05731540565177762,-0.9010989010989011,-0.9010989010989011,-0.903061224489796,-0.8958333333333334,-0.09090909090909094,-0.18260869565217386,-1.2840909090909092,5.044444444444444,0.19897585954645214,0.20059523809523805,0.21102150537634423,0.231304347826087,-0.01087304125359767,0.13157894736842124,0.33700137551581855,0.018292682926829285,-0.006254691018263703,0.2295081967213115,-0.0031746031746030523,0.05840568271507496
2013-03-31,0.06428704914969163,0.10483175150992241,0.053813914501257276,0.11176674765706363,-0.006586685485768018,-0.014142390910189762,2.4444444444444446,2.4444444444444446,2.5789473684210527,2.35,-0.3975609756097561,-0.2021276595744681,3.7199999999999998,0.22426470588235303,0.20317266625991448,0.2364898363906791,0.019977802441731418,0.012711864406779627,0.005172971225347656,0.24806201550387597,-0.024691358024691357,0.11976047904191622,-0.06646525679758308,0.040000000000000036,-0.02547770700636942,-0.006276410638826779
2013-06-30,0.2000877963125549,0.1298320968371729,0.32818962774419336,0.05245082734936002,0.05185886810324414,0.0908533594899461,1.4408602150537635,1.4408602150537635,1.4558823529411762,1.4477611940298503,-2.651821862348178,17.44,5.906779661016949,-5.636636636636637,-0.7829614604462475,0.13993584603047315,-0.2203482045701849,-0.2594142259414226,0.057574782888388576,0.1366459627329193,0.08227848101265822,0.10695187165775377,-0.12351672060409924,-0.2222222222222222,-0.045751633986928164,0.0735413670189482
2013-09-30,0.03270173385031816,0.0746500777604977,0.05713259072942867,0.1192524473450014,-0.006078343088698812,0.26345959312127687,-0.5638766519823788,-0.5638766519823788,-0.5568862275449102,-0.5609756097560976,-3.036764705882353,-1.1420824295010845,-1.098159509202454,-1.689119170984456,2.485981308411215,-0.10622581779810059,-0.2819260293091417,-0.32580037664783434,0.010948905109489093,-0.15300546448087438,0.11793372319688111,0.12077294685990347,-0.03753846153846152,-0.3296703296703296,0.0034246575342467,-0.03984388652647508
2013-12-31,-0.05150184188155282,-0.14359221739829553,-0.10446408338998414,-0.09673999469917838,-0.025594563986409913,0.40112089671737383,-1.0707070707070707,-1.0707070707070707,-1.0810810810810811,-1.0833333333333333,-0.7725631768953068,-1.1374045801526718,1.43125,-1.2387218045112782,-0.17024128686327078,-0.011609602518693474,-0.07871720116618086,-0.12290502793296088,-0.018050541516245522,-0.02580645161290329,0.3557105492589363,0.10775862068965525,0.02717391304347805,-0.2295081967213115,0.14334470989761083,-0.051871625310926484
2014-03-31,0.013369183658226813,0.027037176117161055,0.028972672064777383,0.06690140845070425,-0.012552301255230103,-0.3693333333333333,-12.142857142857142,-12.142857142857142,-10.833333333333334,-10.666666666666666,-1.7936507936507935,1.0185185185185186,-0.5347043701799485,0.7322834645669292,-0.35541195476575116,0.04977105315548469,-0.03797468354430367,-0.07643312101910815,0.006433823529411686,0.07284768211920545,0.1414790996784565,0.09727626459143979,-0.025521319638966644,-0.07446808510638303,0.0,-0.03736882518556439
2014-06-30,0.03707252358490565,0.07970749542961619,0.04979712283290305,0.06353135313531344,0.024246704331450042,0.11788986207590857,1.8717948717948718,1.8717948717948718,1.9322033898305087,1.931034482758621,-4.506666666666667,0.4495412844036697,-1.4033149171270718,-2.002272727272727,0.5526315789473684,0.042290915987104105,-0.002192982456140413,-0.01379310344827589,0.03287671232876699,0.030864197530864113,0.07492957746478868,0.08865248226950362,-0.012456084318109295,-0.05747126436781591,0.0388059701492538,0.015222015421430646
2014-09-30,0.010944495771444851,0.009820521503555613,-0.024010306863434083,-0.0514610809412982,0.05791772006435303,0.004232708933717522,0.7678571428571428,0.7678571428571428,0.7919075144508672,0.7941176470588234,0.2756653992395437,0.36708860759493667,-3.2465753424657535,-0.34013605442176875,0.23486682808716708,0.12973071324599705,0.7351648351648354,0.7482517482517483,0.07456528146183317,0.09580838323353302,0.10691823899371089,0.09771986970684043,0.04657179818887469,0.7560975609756095,-0.002873563218390718,0.06462384600274973
2014-12-31,0.16583479789103683,-0.14922870556673373,0.15300612024480986,-0.05507088331515808,-0.032370193352161625,-0.24266881894000536,-0.6338383838383839,-0.6338383838383839,-0.6258064516129033,-0.6262295081967213,-0.5275707898658719,11.449074074074074,-12.231707317073171,-2.8213058419243984,-0.3464052287581699,0.08777580930906748,0.20962634578847372,0.15399999999999991,-0.027975863960504777,0.010928961748633892,-0.3929924242424243,0.08902077151335308,-0.16996291718170575,0.4375,-0.19884726224783866,-0.09969249692496918
2015-03-31,-0.0181500241196334,-0.09716200236499806,-0.041944213155703625,-0.13300634737449513,0.019533004041311086,-0.23469508584961518,0.0,0.0,0.008620689655172376,0.00877192982456143,-1.4668769716088328,-0.898475269616958,-1.0651465798045603,0.020754716981132182,-0.5409999999999999,0.17708024874148642,0.06178010471204187,0.03119584055459268,0.018340857787810583,0.21081081081081088,-0.04134165366614673,0.11444141689373288,0.03834698436336548,0.1835748792270533,-0.12589928057553945,0.04139627023703807
2015-06-30,0.02505680771356622,0.06919886487666438,0.011189570885388411,0.13277870216306153,0.06518388020259858,0.2737118984991489,3.0137931034482754,3.0137931034482754,2.965811965811966,2.991304347826087,-8.128378378378379,0.0073260073260073,1.1749999999999998,-1.9593345656192236,1.130718954248366,0.10000000000000009,0.35650887573964507,0.33613445378151274,0.08866722083679668,0.0803571428571428,0.01057770545158676,0.10513447432762835,0.03908210828253855,0.510204081632653,-0.11522633744855981,-0.0561495572318792
2015-09-30,-0.005392127493858978,-0.0489995916700694,-0.06080790717662221,-0.16216216216216217,0.1101922679346703,-0.05940233236151604,0.3041237113402062,0.3041237113402062,0.33405172413793127,0.33551198257080617,-0.1090047393364929,-0.1454545454545455,1.7739463601532566,-1.0366088631984587,-0.01942740286298572,0.11206403659233843,0.23518720465285337,0.24025157232704397,0.1351488928480531,0.024793388429751984,-0.21175523349436398,0.11061946902654873,0.11628709454796415,0.4270270270270271,-0.13023255813953483,0.13503370630342615
2015-12-31,-0.016203843141979424,-0.0753542292829541,-0.017158544955387822,-0.11290322580645162,-0.029236499068901356,-0.18984889577683073,-0.9288537549407114,-0.9288537549407114,-0.9273021001615509,-0.9249592169657422,-0.6978723404255319,0.4723404255319148,-1.0621546961325967,-0.10526315789473684,-0.017726798748696537,0.10560411311053985,-0.0918187168922896,-0.051724137931034475,-0.025112107623318503,-0.028225806451612878,-0.15628192032686405,0.09960159362549792,-0.013292117465224185,0.015151515151515138,-0.06951871657754016,0.04237080578006358
2016-03-31,-0.01965466568699481,-0.186672858137915,-0.02804934823091243,-0.10355731225296438,0.0017264530980241055,-0.1868324565598597,0.2777777777777777,0.2777777777777777,0.28888888888888875,0.23913043478260843,-0.352112676056338,0.546242774566474,-4.377777777777778,28.58823529411765,-0.5339702760084926,-0.17671130952380953,-0.08068697342838616,-0.04598930481283425,0.0011499540018400367,-0.15352697095435686,-0.13075060532687655,0.0905797101449275,0.021929824561403466,-0.001865671641791078,-0.04022988505747127,-0.09275140977443608
2016-06-30,0.09999375429392288,0.39052240936340277,0.126811160340079,0.17592592592592582,0.06051321332822668,0.2321113507155459,5.057971014492754,5.057971014492754,5.03448275862069,5.087719298245615,1.4130434782608696,-0.4934579439252337,-4.348684210526316,-2.355864811133201,1.5535307517084282,-0.10404428377767727,-0.1413464927740571,-0.12443946188340804,0.07098552722260498,-0.10784313725490191,-0.05988857938718661,0.0830564784053156,-0.03617412630288164,-0.04299065420560744,-0.08383233532934131,0.1825186144383295
2016-09-30,0.022314331137860632,0.04803941695750358,0.04250797024442088,0.009748781402324713,-0.006861682918020917,0.04120922832140006,-0.5956937799043063,-0.5956937799043063,-0.5914285714285714,-0.590778097982709,0.29054054054054057,-0.21033210332103325,-1.1827111984282908,-0.6099706744868035,0.23728813559322037,-0.02673055100239574,-0.4568965517241379,-0.46478873239436624,0.009438009438009543,-0.08791208791208793,0.0755555555555556,0.08435582822085896,-0.028307888040712492,-0.427734375,-0.07189542483660138,0.03794349540078845
2016-12-31,0.13290752568730912,0.45230166503428015,0.25086646279306835,0.31971778685480867,-0.006363636363636349,0.016503667481662543,-0.5384615384615384,-0.5384615384615384,-0.5384615384615384,-0.5422535211267605,-0.8202443280977312,0.3878504672897196,-23.602150537634408,6.172932330827067,1.375630857966835,0.11011789091851276,0.021164021164021163,-0.023923444976076458,-0.007437314067148315,0.09638554216867479,0.9931129476584024,0.0777934936350777,-0.12307692307692297,0.020477815699658786,-0.035211267605633645,0.10043783299045206
2017-03-31,-0.016129032258064502,-0.1555165902346911,-0.0436802216608263,-0.14096792346651665,0.003842634949679846,-0.0021046301864100503,-0.3589743589743589,-0.3589743589743589,-0.3484848484848485,-0.3538461538461539,-0.029126213592232997,2.127946127946128,-1.0799238820171266,-1.5225366876310273,-0.30257966616084975,-0.005368187653168377,-0.03700962250185047,-0.07843137254901966,-0.0006422607578676631,0.0,-0.03593642017968224,0.07217847769028873,0.020530048525569056,-0.08361204013377921,0.0,-0.016921528210536385
2017-06-30,0.34680352782899004,-0.036096470212426124,0.2446527481891776,0.36030134294136906,0.6183011301494714,0.1824344682133172,-0.19999999999999996,-0.19999999999999996,-0.2790697674418604,-0.26190476190476186,5.7,-0.4413347685683531,7.261904761904763,0.2407221664994985,-0.5382941688424717,-0.0014079549454417695,-0.5910837817063797,-0.5797872340425532,0.21208226221079696,0.0,0.023655913978494647,0.06731946144430845,0.20153621068032201,-0.5547445255474452,-0.051094890510948954,-0.29139847864248103
2017-09-30,0.031706685411964974,0.08450704225352124,0.04587155963302747,0.07175535757283891,0.02556882180671316,0.2531532679322206,12.975,12.975,10.516129032258064,10.419354838709678,-0.3567164179104477,0.011560693641618602,-0.6837175792507204,-0.5691188358932902,-0.5023562676720075,0.15991070379508865,0.8890977443609025,0.9303797468354429,0.03163662071403328,-0.04395604395604402,1.4691876750700281,0.06766055045871555,-0.0060882800608828,0.9262295081967211,0.0,0.011904761904761862
2017-12-31,0.024636018073585397,0.051642475171886915,-0.00772453521864358,0.12356773758705919,0.07797913234486553,0.08296055307035388,0.5724508050089445,0.5724508050089445,0.5798319327731092,0.5734463276836159,-0.004640371229698403,-0.10476190476190472,-1.1275626423690206,-1.0281425891181988,0.02840909090909083,0.10595623987034042,0.826865671641791,0.9344262295081966,0.0935412026726059,0.07471264367816088,-0.37067498581962555,0.06337271750805584,0.05206738131699851,0.8595744680851065,0.03846153846153855,-0.06405984359061534
2018-03-31,0.009379484128372972,-0.06886532035449655,0.034965034965035,-0.09098180363927211,-0.018644931227712713,-0.033045437476530215,-0.8043230944254836,-0.8043230944254836,-0.799645390070922,-0.7989228007181328,-0.4172494172494172,0.7361702127659575,7.142857142857142,-8.333333333333332,-0.20257826887661146,-0.0324235207913538,-0.039760348583878,-0.003389830508474523,-0.0014099953000156207,-0.11229946524064183,-0.51599819738621,0.05959595959595965,-0.02765647743813704,-0.022883295194508046,0.022222222222222143,0.02434062341059362
2018-06-30,0.04275163829270823,0.11717896707754716,0.05220550739418672,0.1117465904091508,0.04526578073089693,0.210873786407767,1.994186046511628,1.994186046511628,2.0176991150442483,2.0178571428571423,2.388,-0.1470588235294118,-1.4298245614035088,-0.5909090909090908,-0.10392609699769051,0.18458917076864823,0.24844015882019277,0.2534013605442178,0.045183558205208696,0.1807228915662651,0.10521415270018619,0.05624404194470922,0.0023952095808383866,0.14988290398126458,0.0869565217391306,0.004894311249822758
