,Quarter end,Assets,Current Assets,Liabilities,Current Liabilities,Shareholders equity,Revenue,Earnings,Earnings available for common stockholders,EPS basic,EPS diluted,Cash from operating activities,Cash from investing activities,Cash from financing activities,Cash change during period,Cash at end of period,Price,ROE,ROA,Book value of equity per share,P/B ratio,P/E ratio,Cumulative dividends per share,Equity to assets ratio,Net margin,Asset turnover,Current ratio
0,1994-01-29,0.06760411584366778,0.10360029742630306,0.1132470073325098,0.19081370883748885,0.0435196639463169,0.0604070948930906,0.17195281782437746,0.17195281782437746,0.16666666666666674,0.0769230769230771,1.5216514191883652,0.6597989449586941,-0.8457167832167832,1.6983570646221249,0.3916153577143584,0.2210526315789474,0.07177914110429451,0.06991869918699177,0.04635761589403975,-0.04234527687296419,-0.024169184290030343,inf,-0.022609227008860252,0.0791505791505791,0.0,-0.07322764395031223
1,1994-04-30,0.06760411584366778,0.10360029742630306,0.1132470073325098,0.19081370883748885,0.0435196639463169,0.0604070948930906,0.17195281782437746,0.17195281782437746,0.16666666666666674,0.0769230769230771,1.5216514191883652,0.6597989449586941,-0.8457167832167832,1.6983570646221249,0.3916153577143584,0.2210526315789474,0.07177914110429451,0.06991869918699177,0.04635761589403975,-0.04234527687296419,-0.024169184290030343,inf,-0.022609227008860252,0.0791505791505791,0.0,-0.07322764395031223
2,1994-07-30,0.026054761518240044,0.033840322363302144,-0.0319103404653418,-0.04393662794451714,0.05868506562731879,0.02619944070365099,0.10036904495638566,0.10036904495638566,0.08571428571428585,0.0769230769230771,-0.3121732497348788,2.147277524586232,16.08215297450425,-1.2700925474914757,-0.076006914565517,0.0,0.07177914110429451,0.06991869918699177,0.044303797468354215,-0.04234527687296419,-0.024169184290030343,inf,0.03188496405126595,0.0791505791505791,0.0,0.08134626777251186
3,1994-10-29,0.08474443315800939,0.06261667703795902,0.15008059594046852,0.2659233517934108,0.05111210466109206,0.03168102792071359,0.10132628690482236,0.10132628690482236,-0.26315789473684204,0.0769230769230771,0.9288071409250744,0.6062228488682264,-0.7844112769485904,0.2246267909027151,-0.10073679699347272,0.13793103448275867,0.07177914110429451,0.06991869918699177,0.048484848484848575,0.08843537414965996,-0.024169184290030343,inf,-0.031051196607088664,0.0791505791505791,0.0,-0.1605889402499573
4,1995-01-28,0.02518657974116012,-0.03741762405110627,-0.015168936847691494,-0.022838602038935733,0.04791584836611329,0.02313810556760676,0.09112720896968574,0.09112720896968574,0.0714285714285714,0.0769230769230771,-0.29904078083805463,-0.5295429472959989,-15.124615384615385,-0.3471324552073959,-0.07313519012399994,0.06060606060606055,0.07177914110429451,0.06991869918699177,0.046242774566473965,0.012499999999999956,-0.024169184290030343,inf,0.02219790526809451,0.0791505791505791,0.0,-0.014929634917397516
5,1995-04-29,0.04741636976638541,-0.022269311716925918,0.023834443880247358,0.026489375958546058,0.05989874260179229,0.1059637989471407,0.2139292963464141,0.2139292963464141,0.2,0.0769230769230771,-0.2259923175416133,0.8213565305093293,-0.9806665940529354,3.3625313283208023,-0.3442298755104665,0.07678571428571446,0.07177914110429451,0.06991869918699177,0.05524861878453025,0.027777777777777683,-0.024169184290030343,inf,0.011928429423459177,0.0791505791505791,0.0,-0.04749679075738122
6,1995-07-29,0.04047118984567621,0.02193567916520389,-0.01520933072871855,-0.025336776040306708,0.06894112816832654,0.0706597810872609,0.1070818964015745,0.1070818964015745,0.11111111111111116,0.0769230769230771,-0.1835711331679074,-0.4208901502041946,-19.70704225352113,-0.8836066986470571,-0.061097708082026525,0.3184079601990049,0.06811677160847163,0.06991869918699177,0.0628272251308899,0.2492492492492493,0.1786819991154356,inf,0.027353785703491118,0.06618962432915931,0.009803921568627416,0.04847404573515357
7,1995-10-28,0.09885731336996018,0.0820209649815693,0.18429265919579008,0.2620079970631133,0.0586124035136133,0.04422637342113922,0.10550328812812683,0.10550328812812683,-0.2750000000000001,0.0769230769230771,1.8491103653517384,1.0314591700133868,-0.8226170757416051,-2.7361796643632768,0.1129793794565428,0.08805031446540879,0.06430868167202575,0.06991869918699177,0.05911330049261099,0.024038461538461453,-0.03114446529080672,inf,-0.0366284201235656,0.06291946308724827,0.009708737864077666,-0.1425965086868185
8,1996-02-03,0.30722269699535176,0.4689573360607431,0.7594899358369831,0.0120760413227039,0.06888619227216042,0.09166232493759584,0.14111686685262148,0.14111686685262148,0.13793103448275867,0.0769230769230771,-0.6307560672059739,0.9581195575429512,218.26400679117145,16.9454157782516,1.8216527423055282,-0.06011560693641616,0.06898288016112786,0.0060790273556230465,0.0604651162790697,-0.11267605633802813,-0.1576297443841983,inf,-0.18231791113147056,0.056037884767166535,-0.04807692307692313,0.4513976206596382
9,1996-05-04,0.04759744519721965,0.0313951893236426,0.026853593412953014,0.03162432999300857,0.06559196067049555,0.0803471893264569,0.09730120722338632,0.09730120722338632,0.06060606060606055,0.0769230769230771,-0.6229197387823888,-1.0242306236140408,-0.9532856097532648,-0.7674857025173074,0.1501107139387059,0.19188191881918806,0.0442769665567595,-0.006797583081570857,0.05701754385964919,0.1243386243386244,0.0542528735632184,inf,0.017180205415499472,0.037369207772795184,-0.040404040404040435,-0.00019992003198721078
10,1996-08-03,0.05006196690238385,-0.02635022968616874,0.02032000281799751,0.05058696847162292,0.07492407745237517,0.0056506488026162325,-0.004477985133998552,-0.004477985133998552,0.0,0.0769230769230771,3.0290502793296086,-20.935267857142858,-0.5793966517487155,-1.884853852967228,-0.11548978893122808,-0.09287925696594436,0.011727559765448705,-0.03193916349809889,0.053941908713692976,-0.14117647058823535,-0.17357174007849985,inf,0.023682761152928226,0.02449567723342927,-0.05263157894736836,-0.07325201626341392
11,1996-11-02,0.05228864805570788,0.057081771283717934,0.02448340363563317,-0.031544090768999215,0.0743510948523387,-0.0012949036526117565,0.005114622339939645,0.005114622339939645,-0.2571428571428571,0.0769230769230771,-0.05962285080421514,-0.21964692270369124,4.135172413793104,-1.4304304304304305,0.05620095612002274,0.050056882821388086,-0.015604101649576485,-0.04163393558523176,0.0669291338582676,-0.005479452054794498,-0.0158311345646438,inf,0.02098278335724535,0.012658227848101332,-0.05555555555555558,0.0915204257767548
12,1997-02-01,0.01900196940657195,-0.044257238646754016,-0.0220693880677032,-0.08591009339984312,0.05007794074185679,-0.041306823963472517,-0.10995002271694687,-0.10995002271694687,-0.11538461538461542,0.0769230769230771,-0.012238277794160979,-0.6929564441043301,-0.7153984881623883,2.4018783542039355,0.18101556810988573,0.323943661971831,-0.06657608695652173,-0.04508196721311464,0.04428044280442811,0.24242424242424246,0.2691689008042897,inf,0.03038819603021259,-0.014583333333333282,-0.03529411764705881,0.04556386518630773
13,1997-05-03,0.04425679481717548,0.06341619597218172,0.040404609972401584,0.10350174074973696,0.04697122877034676,0.0299592896053249,0.07496171516079643,0.07496171516079643,0.08695652173913038,0.0769230769230771,0.6975881261595547,3.7957837893971647,-1.400701092085749,-1.3615018536534065,-0.05540779070048596,0.02864157119476274,-0.06792819019893259,-0.04978540772532192,0.0459363957597172,-0.01552106430155198,0.046472327841148964,inf,0.002727582679849849,-0.009161381254404466,-0.036585365853658465,-0.03633098058986639
14,1997-08-02,0.039431685722080216,0.04108254774411235,0.0060655969697609455,0.012436396453242349,0.0627955665284281,0.05759724479992556,0.09145950566279648,0.09145950566279648,0.08000000000000007,0.0769230769230771,-0.25412976571823376,-0.2610164353305472,-3.8135935397039034,-1.0949887264528329,0.005571838749450775,0.14638027048528235,-0.04268610098906811,-0.025293586269196092,0.05405405405405417,0.09684684684684686,0.1606782398062172,inf,0.022441346480789104,0.002133712660028486,-0.02531645569620256,0.028316384919726545
15,1997-11-01,0.05214392190103179,0.031704827217506004,0.011157217100350671,-0.0057359852451472895,0.07931202079014454,0.045074637186889976,0.10842089234049036,0.10842089234049036,0.07407407407407396,0.0769230769230771,0.8754357894736842,-0.1585694611304832,-0.7218368811289165,40.27258805513017,0.2286899817139656,0.08743927827897302,-0.019032082653616108,0.001853568118628468,0.07371794871794868,0.030800821355235982,0.07930434782608707,inf,0.025773195876288568,0.017033356990773685,-0.025974025974025983,0.037648255906388206
16,1998-01-31,0.031903452271816235,-0.03892435916192128,0.015763855899532775,0.03565311194851195,0.041926056629262964,-0.0052875519957651385,-0.1308853256923047,-0.1308853256923047,-0.0344827586206895,0.0769230769230771,-0.3481958438852668,1.5559715136424581,-1.0421324161650902,-2.3432340172906385,-0.2500094958235641,-0.08551372048500316,-0.02716186252771624,-0.01295097132284917,0.0388059701492538,-0.14741035856573692,-0.11182726393812448,inf,0.00972604960285306,-0.002093510118632347,0.0,-0.07201299298256357
17,1998-05-02,0.04363599003585472,0.059590390146123225,0.03158768894554731,0.07147306080365401,0.05093005430645703,0.00722058774616663,0.0938487941468702,0.0938487941468702,0.0714285714285714,0.0769230769230771,0.12862870448188926,-0.8930936290806039,-35.897959183673464,-1.9517147079540904,0.3172543025258059,0.16468946266573625,-0.022222222222222143,-0.007497656982193179,0.05172413793103448,0.12149532710280365,0.13207547169811318,inf,0.007063734146733003,0.009090909090909259,-0.026666666666666727,-0.01109533401578455
18,1998-08-01,-0.030371419742265093,-0.046349372763492484,-0.050657010179985806,-0.11536086808018707,-0.01831651549778301,-0.11464415551666275,-0.8185177539223782,-0.8185177539223782,-0.8333333333333333,-0.7857142857142858,-0.478716261581845,1.2060791435671954,-10.444444444444443,-1.3541004542354187,-0.0852833749847084,-0.09466746554823258,-0.22435897435897434,-0.21340887629839467,-0.016393442622950838,-0.13958333333333328,-0.11955128205128207,inf,0.012274828630639334,-0.18156618156618165,-0.0273972602739726,0.07800447457174342
19,1998-10-31,0.010789654137101756,0.03902515314635702,0.09097603646598862,0.19118138415960684,-0.035292035610074324,-0.0783229350332294,-3.173472869980662,-3.173472869980662,-3.4,-3.0,-0.35635333239660905,-1.2930387059503177,0.02359133126934987,-1.066639344262295,0.0062131025391185535,-0.3984116479152878,-0.4643125469571751,-0.4669867947178872,-0.02500000000000013,-0.3898305084745762,-0.2562795777211503,inf,-0.04551181102362212,-0.43268416596104986,-0.07042253521126751,-0.12771427686398407
20,1999-01-30,0.017630376048084262,0.1718207163245451,-0.006740384077802863,-0.023689533408755903,0.03346895441199793,0.10550693287126456,-2.564557492018632,-2.564557492018632,-2.583333333333333,-2.5,1.1232308531926507,-0.2492853622474125,-1.1012340451273366,41.479704797047965,0.26230105836380835,0.4180418041804181,-0.1809256661991585,-0.18243243243243248,0.028490028490028463,0.4563492063492063,1.628976994615761,inf,0.015508991915525572,-0.15373134328358218,-0.03030303030303028,0.2002485795454545
21,1999-05-01,0.023385463483998503,0.05050747373849385,-0.3182875296197958,-0.0041818564889005705,0.236799567810454,0.13167054908485865,0.3081554827055597,0.3081554827055597,0.21052631578947367,0.22222222222222232,0.4447966824888188,-3.0484506302521006,-0.9877502240812668,-0.00243224461431546,0.20729054791924265,0.21722265321955006,-0.18150684931506844,-0.14325068870523416,0.15512465373961226,0.18528610354223415,0.4606218581269783,inf,0.20861088545897635,-0.1428571428571429,0.0,0.0549128672445931
22,1999-07-31,0.07082468133303221,0.12316026073274887,0.12190720922832775,0.14696039083436974,0.053237883935381085,0.11382756927311387,0.3962307574285275,0.3962307574285275,0.3913043478260869,0.3636363636363635,0.43849182816614096,7.837510415998974,480.219512195122,-0.9373040752351096,0.010764825931269595,0.3715742511153601,0.6631799163179917,0.7299035369774921,0.043165467625899234,0.1862068965517243,0.6136392606755896,inf,-0.01640005377066811,0.6646090534979425,0.03125,-0.02075445239096907
23,1999-10-30,0.0684801921994127,0.10396362573895224,0.08119125745837308,0.3395017216706913,0.06381868032401082,0.13797072676199118,0.34096445120052743,0.34096445120052743,0.28125,0.30000000000000004,0.34695139547347154,0.5389558582473852,-1.0657374556512924,-12.512962962962966,-0.12261511191316155,0.18587360594795527,0.7245283018867925,0.8011152416356877,0.057471264367816126,0.13759689922480622,-0.3048424046133186,inf,-0.004373377067103945,0.6773794808405438,0.07575757575757569,-0.1758270084490906
24,2000-01-29,0.12215318204398408,0.1304109171857213,0.23353748736143246,0.1802121173551892,0.08063830458697874,0.1374386362160005,0.27027506897211073,0.27027506897211073,0.29268292682926833,0.28205128205128194,0.006990481437272322,-0.4232734162181523,-7.82112567463377,-2.0781928582917804,0.15067815707618348,0.5599529780564265,0.19912472647702395,0.2301341589267285,0.07391304347826111,0.473594548551959,-0.16988636363636367,inf,-0.03706245710363765,0.16801768607221826,0.056338028169014225,-0.04222268557130948
25,2000-04-29,0.0721835929544179,0.07291009845660024,0.07926776744711894,-0.020773223579995448,0.06916960852523424,0.18503417455846385,0.3122883223843367,0.3122883223843367,-0.339622641509434,-0.36,-0.06392433148741394,-1.1996224595696692,-9.498587091669492,0.9650909090909091,0.2573232791881148,0.7292137653855815,0.23600973236009734,0.21728187919463093,0.06477732793522263,0.6115606936416185,0.33675564681724857,inf,-0.002708481824661435,0.15015772870662447,0.06666666666666665,0.09567867639055194
26,2000-07-29,0.10576046207187506,0.15589387938121213,0.11306138177265268,0.1151237989319025,0.10262492508592014,0.20596218556097726,0.5747468292203324,0.5747468292203324,0.5428571428571431,0.5625,-0.2398386918716029,-2.55579662682168,-1.3489699017117318,-0.011273700392871344,0.20235232882884624,0.11853573503776872,0.29773622047244097,0.2825637491385251,0.09505703422053237,0.05021520803443336,-0.13824884792626724,inf,-0.002858776443682154,0.19637959407569935,0.0625,0.03655871249751641
27,2000-10-28,0.4947102953648546,0.6385909214809113,1.3614349976751874,0.05221429068707528,0.11895350294401365,0.1498006159923957,0.03991134281299269,0.03991134281299269,0.0185185185185186,0.040000000000000036,1.2975704351688906,7.427022760163138,43.606753563533815,9.72403301660428,1.804822931944615,0.03285714285714292,0.1547212741751991,0.042450295540032316,0.11631944444444442,-0.05669398907103829,-0.2528817587641118,inf,-0.2514334862385321,0.079779917469051,-0.03529411764705881,0.5572806849402594
28,2001-02-03,0.0629931469756222,0.03249985637689723,0.019867276308104483,0.02056479719093951,0.10245045905410977,-0.04138815342774549,-0.0475054034582133,-0.0475054034582133,-0.036363636363636376,-0.03846153846153855,-0.058122543679284926,1.4260793270656853,-1.0208203747120623,-1.4873202981732458,-0.31357660383052266,-0.30453916760970695,0.05550082101806253,-0.013402061855670168,0.09797822706065308,-0.3772628530050688,-0.4466359153809448,inf,0.03715051704327843,0.04628450106157112,-0.04878048780487798,0.011693267139867958
29,2001-05-05,0.0230923217310508,0.01604751367635449,-0.000603379015529204,-0.00942161619390225,0.043148295441121975,-0.22120646299111454,-0.4616156363426254,-0.4616156363426254,-0.4528301886792453,-0.46,0.014479880939692212,-0.7014741350685587,-0.9780039395929088,-1.0462147911574085,0.02111215517819986,-0.22708370999819205,-0.10765401369010584,-0.15047021943573669,0.04107648725212476,-0.2953488372093024,-0.3322793906294912,inf,0.019571639586410727,-0.03490259740259738,-0.1282051282051282,0.02571173655608705
30,2001-08-04,0.006555072573124488,0.010585939674406129,-0.012543616613228116,-0.06400634386229798,0.02204215394441134,-0.2021076013979736,-0.6165411333125195,-0.6165411333125195,-0.6206896551724137,-0.6296296296296297,-0.2723894390723194,-1.5603697284806468,-31.84328358208955,12.239945954538227,0.27374445806534303,0.07251461988304088,-0.2726638772663877,-0.3013530135301352,0.017687074829932037,0.029702970297029733,0.1024537236332328,inf,0.015392973560304226,-0.1585365853658537,-0.16176470588235306,0.07970899889293047
31,2001-11-03,0.011577869658729423,0.022709144485860037,-0.03746729036725771,-0.14149212956940296,0.050002640678938885,-0.11788841516526838,-0.3842454774444699,-0.3842454774444699,-0.3636363636363635,-0.4,-0.2174452496189534,-3.626619479919988,-0.3788410355673845,-1.5561875318906264,-0.1195320250746007,-0.1086150490730644,-0.36385426653883024,-0.346830985915493,0.04278074866310155,-0.125,0.1479890667707926,inf,0.03798822899946508,-0.2178910544727636,-0.17543859649122806,0.1912626336604657
32,2002-02-02,0.006250942964009409,0.01816898739096895,-0.0046541423237995705,-0.033380181381499674,0.0140828821122283,-0.07167037156902811,0.02020577662080081,0.02020577662080081,0.0,0.0,-0.2394994737777292,-1.0538241634642422,-0.38718473074301296,-1.7314805320957343,0.09930554181877847,0.08563738683631028,-0.4815373021853806,-0.4703504043126685,0.012820512820512995,0.0421245421245422,0.6227891156462586,inf,0.0077319587628865705,-0.35782747603833864,-0.17021276595744672,0.053318373243982815
33,2002-05-04,0.007602232820210997,0.01970275593252913,0.00565064600602061,0.02613040709351888,0.008977948460388019,0.051896563131403006,-0.4157148643175375,-0.4157148643175375,-0.4285714285714286,-0.3333333333333333,-0.7766824525300815,-8.362973443622117,-0.3735897028444303,-1.7847388728632874,-0.07088922596261504,-0.07369844489519939,-0.4738372093023255,-0.4656488549618321,0.0063291139240506675,-0.08611599297012308,0.7581219870048206,inf,0.0013640238704177856,-0.4029850746268657,-0.10256410256410264,-0.006259940756737858
34,2002-08-03,0.01432330943961424,0.024525585105861003,0.009388311483703449,-0.04388343581713328,0.01779062396440234,0.07760639430241345,1.1775266879245807,1.1775266879245807,1.25,1.0,0.8161442195485091,0.9887806536488744,2.6836631151699644,0.9565098853989412,-0.1492776483060726,-0.26763990267639903,-0.0966850828729282,-0.08571428571428585,0.018867924528301886,-0.2711538461538462,0.3801859799713878,inf,0.0034054146092286075,-0.056666666666666636,-0.02857142857142847,0.07155443305629805
35,2002-11-02,-0.0086619320477751,-0.008066893304566114,0.008322321893392548,-0.034043700567228614,-0.02049650420508664,0.023055440814640612,0.106866583898386,0.106866583898386,0.0,0.25,-0.0060266323975805,-2.7697762053767194,-7.436746780524758,-3.0553259783193667,0.36065142515060944,-0.23156146179402004,0.10397553516819567,0.10416666666666674,-0.016049382716049387,-0.2453825857519789,-0.16748725922086893,inf,-0.01187849991515355,0.09010600706713777,0.0,0.02688591983555999
36,2003-02-01,0.010463654908014595,0.023960984762259496,-0.010065499296934122,-0.03378167419644984,0.025189171370088914,0.025684743635318245,0.7253954558527467,0.7253954558527467,0.8888888888888891,0.5999999999999999,1.346247297206928,-1.3618648445472912,-1.0468288612145331,-1.1435037335939289,-0.03803679993158804,0.19282317336792046,0.3268698060941828,0.32547169811320753,0.02383939774153077,0.2097902097902098,0.022411288649097468,inf,0.01459728662201609,0.27876823338735823,0.0588235294117645,0.05977020697385815
37,2003-05-03,0.020469955896923464,0.032557230875772884,0.009805088001041184,0.01963419409925593,0.027856774069857204,0.07372337261966133,0.18859181224163213,0.18859181224163213,0.17647058823529416,0.1875,0.018982471141513413,2.0590037602711107,0.270961846013251,5.745283633638526,-0.2667139491783859,0.14570496556723445,0.3862212943632568,0.39501779359430605,0.025735294117646967,0.11849710982658967,-0.15587578648264666,inf,0.0072782667569397655,0.3384030418250952,0.0277777777777779,0.012667472549612093
38,2003-08-02,0.021956792117637125,0.039694803108755616,0.0023900803490191076,0.02010821202505086,0.03527128802294599,0.03698471556119642,0.10728409951476724,0.10728409951476724,0.09999999999999988,0.10526315789473673,0.07902809245429032,-1.0633176009955383,3.587273054107496,-1.421199452225515,0.15320047226995293,0.14583992407465995,0.21987951807228925,0.2270408163265305,0.02867383512544808,0.1188630490956073,-0.17840827121904299,inf,0.012939001848429,0.19223484848484865,0.027027027027026973,0.01919872671657008
39,2003-11-01,-0.220117384149748,-0.2756724221151995,-0.6138918766953336,-0.046447609622818915,0.03932268536225325,0.07123135009463066,0.11488677237955325,0.11488677237955325,0.04545454545454541,0.04761904761904767,-0.09507556446525932,8.590868236563006,-48.77111172067871,-5.55781482054899,-0.6054969624254889,0.11457758144671447,0.1802469135802469,0.2723492723492724,0.026713124274099886,0.08314087759815257,-0.10491659350307292,inf,0.3327803583278035,0.1572676727561555,0.10526315789473673,-0.2403923578068955
40,2004-01-31,0.05115228236763536,0.07085451236365592,0.07386031115689183,0.10142682376903278,0.045594168501073895,0.08580186792510358,0.3273086666590932,0.3273086666590932,0.3478260869565217,0.3636363636363635,0.8299944617382502,-0.13933350826554713,-1.0209233096349597,-1.620155224060862,0.9518357747251264,0.16546940797622,0.14748953974895396,0.2352941176470589,0.04072398190045234,0.13432835820895514,-0.01389570050678435,inf,-0.005352252925068468,0.11530542210020588,0.11904761904761907,-0.02775368603642681
41,2004-05-01,0.05022573140438325,0.08416073875260421,0.06384640484306559,0.1359097017352091,0.04680175137165854,0.12088318716517475,0.3059252475628857,0.3059252475628857,0.32258064516129026,0.30000000000000004,0.2340227917849391,-2.9958587398373986,-0.43125416552318974,-1.6056446034029104,-0.2953497459945291,0.008501594048884398,0.17958067456700078,0.2711640211640212,0.04130434782608705,-0.030075187969924814,-0.14489389920424411,1.5,-0.003253660367913969,0.13723076923076905,0.1063829787234043,-0.04556117223378597
42,2004-07-31,0.042920156164238055,0.05619961949153707,0.013528020230035187,0.003526676852928068,0.0504290900401374,0.05786479595596373,0.1079215902164723,0.1079215902164723,0.09756097560975617,0.10256410256410242,-0.2906367072871652,-0.06570661157776247,0.1264217274419246,0.10185535655069143,-0.4618357799916885,-0.07881981032665962,0.1537867078825348,0.24349635796045765,0.04279749478079342,-0.11627906976744196,-0.24331136099263276,0.5999999999999999,0.0071563088512240905,0.11309523809523815,0.1153846153846152,0.052495846026031634
43,2004-10-30,0.0016629009472550749,-0.0028051140909364225,-0.012182048219534392,-0.025620756438699432,0.0050756748520786035,-0.11935056485644192,-0.21759242827565808,-0.21759242827565808,-0.22222222222222232,-0.2325581395348837,0.0856744335759374,-1.191244279994628,-9.832384798971912,-1.4122979550021433,0.3538212697128993,-0.16700983756577448,0.04621567314132635,0.04686192468619232,0.012012012012011963,-0.20175438596491213,-0.3038688188572892,0.25,0.003490401396160525,0.053475935828877,0.0,0.023417586212567176
44,2005-01-29,-0.022869936821026227,-0.024972715893024192,-0.04650243180146685,-0.059738766353557786,-0.017144562598103152,-0.08161057007802264,-0.1876748370707514,-0.1876748370707514,-0.17142857142857149,-0.1515151515151515,-0.3583146659638952,-1.5701491018268792,0.17904801496570366,-1.8081400921658988,-0.21120746136354876,0.03542982697061259,-0.035851472471190686,-0.03277378097521977,-0.008902077151335286,0.02472527472527464,-0.04306220095693791,0.30000000000000004,0.005838509316770103,-0.0069220119981541215,-0.0344827586206895,0.03697395272604576
45,2005-04-30,-0.005824851180635471,0.0017991612827468195,-0.009459898257387134,0.006071689831748328,-0.0049705042001054744,0.0399458431518458,0.09452453859255616,0.09452453859255616,0.10344827586206916,0.10714285714285697,0.4990588154764961,1.4910924669760799,-0.230590226359213,-0.1335352724353126,-0.2320050032247347,-0.05968169761273213,-0.06972111553784865,-0.06611570247933872,0.001996007984031989,-0.05093833780160861,-0.04653846153846153,0.23076923076923084,0.0008645177226134226,-0.034851301115241706,-0.0357142857142857,-0.004245823906777857
46,2005-07-30,0.02316875560217824,0.04284584420610904,-0.014511123737925624,0.011122981093169448,0.031984720662843864,-0.03529746938180567,0.03235571731052134,0.03235571731052134,0.03125,0.032258064516129004,0.029160792461230267,0.8193205351448574,-1.0529664253200135,-0.30171215567349,-0.21094704295602607,0.05782792665726366,-0.09421841541755882,-0.08938053097345132,0.02589641434262968,0.056497175141243076,0.12061315046389676,0.3125,0.00863770977295153,-0.03899855560905152,-0.03703703703703709,0.03137254901960773
47,2005-10-29,-0.023082997886605727,0.03842076943921557,0.04076163709491043,0.5100003134605491,-0.03734771700351447,0.06818837394577071,-0.4370778557543409,-0.4370778557543409,-0.4545454545454546,-0.46875,0.11096999611779723,-2.731078270733552,-38.62364816149964,-6.723260197542034,1.5300681709150863,-0.02399999999999991,-0.12687155240346734,-0.12730806608357625,-0.023300970873786464,-0.05080213903743325,0.06263498920086398,0.2380952380952381,-0.014680694886224588,-0.1302605210420842,0.0,-0.31230007845977426
48,2006-01-28,-0.045608417330120776,-0.05103208182494312,-0.25474761974184434,-0.2622224555910629,0.0049107395609535595,-0.0013309115458184364,0.7640508625861488,0.7640508625861488,0.8333333333333335,0.8823529411764706,-0.12512043290950936,-1.5572195676905576,-0.4998198681588226,-1.5262608750638935,-0.3182582286871546,0.01885245901639343,0.03339350180505418,0.0456570155902003,0.006958250497017815,0.045070422535211214,0.1697154471544715,0.23076923076923084,0.053017134343183565,0.01440092165898621,0.01923076923076916,0.2862345868620826
49,2006-04-29,0.0066684529070375476,0.004374670558650706,0.14425873788087862,0.15144583677461965,-0.017979695543678398,0.03632693923406016,0.20956062277594836,0.20956062277594836,0.21212121212121213,0.21875,0.17051724629825116,-1.06167873972021,0.8862589746143885,-0.8730123763367645,-0.059281766018861475,0.0471976401179941,0.07074235807860263,0.0766773162939296,-0.003948667324777944,0.03773584905660377,0.0098465102809151,0.1875,-0.024525409739417414,0.04883588869960254,0.03773584905660377,-0.12772925764192145
50,2006-07-29,-0.025230807383565312,-0.03501021510756508,-0.15202599629676386,-0.15886523191563984,0.0012360925858876384,0.030732816460414588,-0.007790373128698902,-0.007790373128698902,0.0,0.0,-0.6394006015433438,15.385567692816947,-0.182296786773368,-5.756111023497871,0.29971850302242786,-0.13137003841229178,0.06443719412724302,0.0741839762611276,0.02477700693756191,-0.12727272727272732,-0.18927444794952675,0.21052631578947367,0.027196905596518658,0.017325392528424466,0.05454545454545445,0.14725438047559458
51,2006-10-28,-0.07115061178911652,-0.12281818902115048,-0.14573527518831042,-0.16101639882152696,-0.058024627724586615,-0.02910827833529217,-0.04330787573003425,-0.04330787573003425,0.0,-0.02564102564102566,1.2539980803806796,-0.8905189411080225,0.8524744900493806,-2.485302650993916,-0.34251469534050183,-0.12558962264150952,0.16704980842911876,0.18692449355432766,-0.028046421663442844,-0.14583333333333326,-0.17403608065086662,0.17391304347826098,0.014120969639915382,0.13624268227780734,0.034482758620689724,0.04552892646507356
52,2007-02-03,-0.04089292526858912,-0.05781917589135865,0.021365512008002296,-0.0049659532776717965,-0.05081388779824625,0.07336476591623707,0.10697953315657527,0.10697953315657527,0.125,0.1578947368421053,0.2484061534770745,6.4783924419677446,-0.04262896495500035,-1.3047360725089017,0.15875120294696576,0.10485502360080924,0.09323703217334224,0.09464701318851844,-0.027860696517413075,0.13588850174216027,-0.05182012847965745,0.14814814814814814,-0.010327222093293176,0.031381733021077274,0.06666666666666665,-0.053116389781045714
53,2007-05-05,-0.0358649485579462,-0.0519778189060941,0.1062067862284708,0.12204583371715748,-0.060374579105220816,-0.03250657158472792,-0.18189353051355184,-0.18189353051355184,-0.15555555555555556,-0.15909090909090906,0.14643075045759613,-0.6263459697397379,-0.004574280944324327,-1.7318230101461485,-0.10026119749390916,0.11534940494354573,0.006606606606606613,0.008504606661941859,-0.040941658137154564,0.14723926380368102,0.031616982836494945,0.14516129032258052,-0.025442607574158727,-0.04405086285195281,0.0625,-0.1550990891716456
54,2007-08-04,-0.1411322828477468,-0.19232708237288645,0.011886953433928538,0.02140022805017105,-0.17221054115555426,0.016708213028221675,-0.039256198347107474,-0.039256198347107474,0.0,0.0,-0.200743400954604,5.7831030930558125,0.8818982280091061,-1.8836056958382343,0.09846342619704962,0.042681258549931655,0.042959427207637235,0.030217849613492612,-0.1302027748132336,0.08823529411764698,0.05604203152364273,0.12676056338028174,-0.03621270452358039,-0.04940617577197148,0.07352941176470584,-0.2092478245807096
55,2007-11-03,-0.06140096836532216,-0.08903413437770147,0.006426247417671061,-0.021084030686517097,-0.0782403731600414,-0.2576068039370172,-0.18720471623697432,-0.18720471623697432,-0.1578947368421053,-0.16216216216216214,-0.041309921406812784,-0.6249554617087517,-0.4850790346867397,-0.1199161663079189,0.07888844320103172,-0.0661243768039883,0.01544622425629272,-0.0068212824010913655,-0.05398773006134972,0.07371007371007376,-0.05431177446102831,0.11250000000000004,-0.017975283984521414,-0.024487756121938986,0.027397260273972712,-0.06940185037239388
56,2008-02-02,0.05484414436452312,0.060844014259763275,0.2554117335218236,0.29809999434359197,0.0004755915062435445,0.2155193749641131,2.787136450469409,2.787136450469409,2.875,2.9354838709677415,-0.02969647251845775,1.0221779217542983,0.03708070403679909,5.697464117912081,0.4897193226847887,-0.15734756954200635,0.5661971830985917,0.5144230769230769,0.032425421530479996,-0.10983981693363842,-0.11749232792634813,0.101123595505618,-0.051480869454684115,0.4825819672131146,0.013333333333333421,-0.18277485461091114
57,2008-05-03,-0.037881390506940615,-0.05288927100773788,-0.10479583757493494,-0.12435323470499347,-0.01512063893901172,0.0577137653951969,-0.6410057213145266,-0.6410057213145266,-0.6290322580645161,-0.6311475409836065,-0.13457896516739942,-1.4376668720476484,-0.435734166652666,-2.0509857435961503,-0.34549328767361304,0.008002667555851994,0.09172661870503583,0.06575963718820854,-0.002512562814070307,-0.02313624678663251,-0.33830104321907595,0.09183673469387754,0.023586169927633405,0.01900483759502425,0.05263157894736836,0.0815994578109116
58,2008-08-02,0.02517682093318485,0.03426577260055863,-0.014794224384217403,-0.015481004306878375,0.0375349084718748,0.0148550836233714,0.041491967599897706,0.041491967599897706,0.04347826086956519,0.04444444444444429,0.27747276007372523,-0.23993430314406386,-0.6890836368689024,-1.0187218828865074,0.00988268683587501,0.08666887198147544,0.04118616144975285,0.03148936170212768,0.03652392947103267,0.08947368421052637,0.04954954954954949,0.09345794392523343,0.012045037968054341,0.0342488979315021,-0.012499999999999956,0.05053574785387549
59,2008-11-01,-0.00036641468245945935,0.016083135343413213,-0.044228354995318964,-0.0721572834751587,0.012510678316804523,0.002594895794447938,0.037970391319404266,0.037970391319404266,0.02083333333333326,0.042553191489361764,-0.2747378241828833,-1.7632509106624683,-0.06288505123375998,41.76996336996337,0.4185457969296653,-0.2155251141552512,0.05284810126582285,0.051980198019802026,0.009720534629404698,-0.2439613526570048,-0.2474964234620888,0.08547008547008561,0.012936610608020649,-0.0019672131147541183,0.06329113924050622,0.09510602129372804
60,2009-01-31,-0.05558150910775572,-0.05514752507325649,-0.2290105243697529,-0.226345996365924,-0.007519017561314567,-0.2786864155375544,-0.826587707043115,-0.826587707043115,-0.8163265306122449,-0.8163265306122449,-0.5788637545867368,0.7795225432006391,-0.012858943352522356,0.005544041154941892,0.2966885052030075,-0.2689173457508731,-0.4433423504658852,-0.42980392156862746,-0.007220216606498298,-0.2747603833865815,-0.3193916349809885,0.07874015748031504,0.05095785440613043,-0.4083442838370565,-0.03571428571428559,0.22129629629629652
61,2009-05-02,-0.015021632713184132,-0.016273269777981714,-0.11996519216823788,-0.17082411516987914,0.007570985797636709,-0.003821062637309636,1.074391759188745,1.074391759188745,1.0,1.0,0.26850275413119684,-1.6319910450983846,0.01965182284028355,-1.5271244761915583,-0.12060859047463145,0.07112526539278141,-0.19492440604751612,-0.1746905089408528,0.007272727272727319,0.0792951541850222,0.8784916201117317,0.07299270072992692,0.022846032324705282,-0.12159911160466408,-0.06172839506172845,0.1863711367791998
62,2009-08-01,0.1407875732218009,0.21491978480218174,0.8057738283584712,-0.03046722622778375,0.0157479534147491,0.03632032151794218,0.26482977161185617,0.26482977161185617,0.22222222222222232,0.22222222222222232,0.7575135533449129,3.4810565874885366,-6.37629022978781,-0.5242691255359028,-0.06524652116552587,0.17343904856293355,-0.2092555331991952,-0.21666666666666667,0.014440433212996371,0.16326530612244894,0.43122676579925656,0.06802721088435383,-0.10954021622906017,-0.14096080910240205,-0.0921052631578948,0.2531012705811593
63,2009-10-31,0.0378467332753889,0.05551837934119419,0.06493052935922483,0.09235546413657092,0.028793120630988375,0.16180987050576134,0.6133363886342804,0.6133363886342804,0.6363636363636362,0.6363636363636362,0.21797789823605165,-0.7971830420737946,-1.1720780038271728,-1.158817136128974,0.011085559849221216,0.16680743243243246,-0.1433418150975403,-0.15531914893617027,0.02846975088967985,0.15087719298245594,0.4644155844155844,0.06369426751592355,-0.008805870580386954,-0.0949227373068432,-0.05797101449275355,-0.03371831408429593
64,2010-01-30,0.086325094131118,0.1406544352526824,0.06727113792571515,0.16765602812114433,0.09291821082901808,0.05490377886634002,0.14061301593614184,0.14061301593614184,0.13888888888888884,0.11111111111111116,0.3140867234659881,-0.5750054409116989,-2.91443830705637,38.14157399486741,0.4291489052395623,0.03981179876945351,0.3366336633663367,0.3047858942065491,0.07151095732410595,0.009146341463414752,0.19900673997871565,0.05988023952095811,0.006057342845604996,0.3032520325203252,0.0,-0.02312874483871974
65,2010-05-01,0.062173182952649515,0.08354690588200088,0.11116500020877562,0.2509486499597946,0.04561867595607039,0.10822361492778397,0.3875260462065929,0.3875260462065929,0.3658536585365855,0.375,0.3019417793640917,2.0281418030306555,-1.5141683385879432,-0.6572290275698535,0.10292824423473212,0.00730943264879924,0.27703703703703697,0.23745173745173756,0.04413347685683533,-0.057401812688821725,-0.2618343195266272,0.056497175141243076,-0.015520470966015497,0.2252027448533997,0.0,-0.13381109769274768
66,2010-07-31,0.0447980281546001,0.05075190656685424,0.030588323712454683,0.04190063341461303,0.0499005276360176,0.07789117682269843,0.1935563001076941,0.1935563001076941,0.1964285714285714,0.18181818181818168,-0.19227507904570276,0.3290286873904622,0.20065777249247474,-1.1587923998979852,-0.01481893586890548,-0.003800967519004938,0.2256380510440834,0.22152886115444592,0.049484536082474266,-0.04807692307692302,-0.24488977955911814,0.058823529411764726,0.0048926338678987324,0.17718940936863548,0.04615384615384621,0.008493698519564719
67,2010-10-30,0.05476590543821391,0.07557833607148834,0.055648269949410745,0.09362672699059617,0.054454889231250865,0.06899998611670301,0.1278403537001669,0.1278403537001669,0.11940298507462675,0.12307692307692307,0.22005640418850025,-0.19098186192855826,-0.08889301576984387,-6.124205313524728,0.07707747609542293,0.0672910163024627,0.13393279697113125,0.13282247765006394,0.05206286836935181,0.01683501683501687,-0.16666666666666674,0.05555555555555558,-0.000270489586150946,0.1154844290657442,0.014705882352941124,-0.016516898897660726
68,2011-01-29,0.061927573518116175,0.07416788564756692,0.09154434361809337,-0.05435554581664637,0.05147642744655223,-0.05387862180028313,-0.01283589784616479,-0.01283589784616479,-0.013333333333333308,-0.013698630136986356,-0.20973399057883305,-2.488003660384912,-2.2864131265605625,5.534079481788144,0.4675897196261682,0.1868703282417941,0.08764607679465762,0.08173618940248017,0.04855275443510743,0.12913907284768222,-0.0019108280254777066,0.052631578947368585,-0.00987554112554112,0.09305932531989124,-0.014492753623188246,0.13592646025228428
69,2011-04-30,0.12258117146210325,0.14870342188942076,0.2806727584589745,-0.03341544903704408,0.06466806977830107,0.08548477427714872,0.08878643530566488,0.08878643530566488,0.09459459459459474,0.08333333333333348,-0.09279311283454283,-1.8842151285697808,3.0938667722981448,-0.3515363136866132,0.20660743886122648,0.06708652792990133,0.034535686876439035,0.0182386659718603,0.06411398040961691,0.017595307917888547,-0.06126356094447982,0.05000000000000005,-0.05164639978139085,0.04717985101099687,-0.029411764705882363,0.18840674102417987
70,2011-07-30,0.01763080723021604,0.01080732157424924,-0.02707613591223013,-0.054187820279584686,0.03733084161409361,-0.04157667113482888,-0.09052376502113092,-0.09052376502113092,-0.09876543209876554,-0.08974358974358987,0.3068684587922985,2.6425936088938635,-1.3947311553980175,-2.654974725681174,-0.2833813868873172,-0.008211444701052062,-0.027077151335311637,-0.037871033776867964,0.03849372384937255,-0.0691642651296831,-0.08769544527532291,0.054112554112553994,0.019449647024924355,0.010501355013550208,-0.045454545454545525,0.06872550900172625
71,2011-10-29,0.004999446812181453,0.010881671929241056,-0.03480058137717623,-0.0562335628910976,0.02144835034530357,-0.055110027417792806,-0.16553981858276312,-0.16553981858276312,-0.15068493150684925,-0.15492957746478875,-0.10436609852906842,-0.9142789376644608,0.0196100861209616,-1.088052668827057,0.034819759010944695,-0.13350582147477352,-0.08501715592832626,-0.09042553191489357,0.02659145850120881,-0.16408668730650144,-0.1512667660208643,0.05133470225872694,0.016393442622950838,-0.028494803888702624,-0.0634920634920636,0.07111356119073875
72,2012-02-04,3.770628321198011e-05,0.002010784370050089,-0.031589734871024684,-0.05133284444910047,0.012389165553261305,-0.09506042165293084,-0.24053681474660404,-0.24053681474660404,-0.2419354838709677,-0.2333333333333333,-0.0666492874522071,6.068702688593056,-0.0808023335951148,-7.507286533133104,-0.2189580812753541,0.08330845028366674,-0.12458333333333327,-0.12456140350877197,0.012558869701726929,0.05555555555555558,0.1334503950834065,0.048828125,0.012235817575083408,-0.07039337474120089,-0.050847457627118516,0.05623047552932992
73,2012-05-05,0.02551349663517266,0.0289775043866356,0.03619272411364372,0.12151067653170845,0.0215241116635676,0.041718488160010336,0.1687233645664432,0.1687233645664432,0.17021276595744705,0.15217391304347827,0.051899264500512084,0.34048985359536976,-0.26484050112028457,0.30786782726273976,-0.3666489891948732,0.07194046306504953,-0.12041884816753935,-0.11155644622578488,0.020155038759689825,0.056140350877192935,0.18125484120836569,0.05586592178770955,-0.003846153846153833,-0.0634743875278394,-0.0535714285714286,-0.08250705406416081
74,2012-08-04,0.008153733309437916,0.008569541510955458,-0.03989242612700439,-0.08957094315166836,0.026359824108184604,0.011749474887941423,0.04216723245692111,0.04216723245692111,0.03636363636363616,0.05660377358490565,-0.3905978253654262,-0.4811583237069591,0.029967388081826307,-0.42114589339324415,-0.3351005516022939,-0.046284391874517834,-0.08982683982683981,-0.07969924812030083,0.024316109422492405,-0.06312292358803984,0.05770491803278688,0.0529100529100528,0.01806398234969664,-0.04558065794688882,-0.03773584905660377,0.1077859842402984
75,2012-11-03,0.030004827162299238,0.029574999150458806,0.018887743554694136,0.03251845471957093,0.0339454888365851,0.01747810478664058,0.05548159841666278,0.05548159841666278,0.035087719298245716,0.03571428571428559,0.7141373651111789,-0.6231669114914252,-0.26602726477225624,-1.2862994113783022,0.14429112688764878,0.07306551631167424,-0.029726516052318575,-0.022058823529411686,0.025222551928783418,0.046099290780142084,0.14755114693118432,0.05025125628140703,0.0037924962752269313,0.0012458471760798948,-0.019607843137254943,-0.002843031228747073
76,2013-02-02,0.01716281930635244,0.025073543738161952,-0.04259622759775339,-0.031507639802772484,0.03803705755014164,-0.10479679522968101,-0.2676812491977655,-0.2676812491977655,-0.27118644067796605,-0.27586206896551724,-0.3307731087452922,-2.5066644123200046,-0.17138061398967794,3.003419111031132,0.5048172107262596,0.04874371859296489,-0.04166666666666663,-0.03258145363408527,0.02243125904486254,0.023728813559321882,0.058887088060507915,0.04784688995215314,0.020510052624477026,-0.002903359601824973,-0.040000000000000036,0.0584203582369911
77,2013-05-04,0.021730308241942,0.031009350977942107,-0.009020029274715012,0.0012329534840276324,0.0316372392135893,0.05965917310418645,0.2533873893097194,0.2533873893097194,0.2325581395348839,0.2380952380952381,0.5964271470984814,-3.569397946396843,-0.24913861648555524,-1.7497864880658067,-0.25152897032786004,0.06708193579300414,-0.028772378516624064,-0.016407599309153698,0.024062278839348968,0.043046357615893927,0.08724489795918355,0.051750380517503684,0.009784477059368024,0.008319467554076532,-0.02083333333333337,0.02973706728077485
78,2013-08-03,0.050948153717936366,0.056672574131429336,0.08326584306810991,-0.034081490763254174,0.040946601234365776,0.02263481228668951,0.07154409261150829,0.07154409261150829,0.07547169811320731,0.0769230769230771,-0.1275288874085001,0.08651797716276755,-3.329534567091927,-0.3227471198904909,-0.22759560869061546,0.05365963179164801,-0.02567478604344975,-0.019315188762072052,0.03248099516240499,0.02857142857142869,0.05865790708587526,0.049204052098408065,-0.009558727248919818,0.013613861386138515,-0.04255319148936165,0.0939596626931205
79,2013-11-02,0.039605605554076766,0.043461804675001714,0.09815767124295327,0.1600275716792494,0.02074846077175496,0.005875355250588799,0.14364017045035427,0.14364017045035427,0.1578947368421053,0.1428571428571428,0.2824224519940917,-0.44080609034125295,-2.087375803623612,-0.4985431127962645,-0.1477585922081084,0.012784998934583404,0.0020270270270270623,0.0017905102954343108,0.02008032128514059,-0.01851851851851849,0.012854609929078055,0.04689655172413798,-0.01811210999471169,0.04070004070004063,-0.022222222222222254,-0.10049044890610204
80,2014-02-01,0.002776354448231322,-0.00026788855032278125,-0.023347708586300864,-0.08942493759991021,0.011827851267708356,-0.07357701217902679,-0.2429522609325541,-0.2429522609325541,-0.2575757575757576,-0.25,-0.4419116474403275,-0.8229926278544101,-0.13097833119332716,-1.3697906706482883,0.06411299475374221,0.023774458236902832,0.005394470667565932,0.0026809651474530853,0.006561679790026309,0.003144654088050203,-0.004814004376367698,0.044795783926218746,0.009021139087114438,0.029331247555729467,-0.02272727272727271,0.0979139083203886
81,2014-05-03,0.030546757949254436,0.030538156107549064,0.03715785870474053,0.09953531705852224,0.028335767838878482,0.10553006981430603,0.2283761288715871,0.2283761288715871,0.22448979591836735,0.22916666666666674,0.5140627282137256,2.835841436725853,-0.056970724332249034,-1.57430980984963,-0.034602266871511245,0.04336210439786292,0.007377598926894713,0.002673796791443861,0.023468057366362368,0.037617554858934144,0.014951627088830357,0.046658259773014084,-0.0021350413664263934,0.01937689969604861,-0.023255813953488413,-0.06274628963185935
82,2014-08-02,0.3606568115517461,0.05070067002102863,1.3843941547214549,3.5912409270275667,0.015344955300826912,0.047824734786965584,-0.03642368206239033,-0.03642368206239033,-0.05000000000000005,-0.03389830508474578,-0.10477972016239978,-1.580921795595709,-23.723006291447028,-152.18452587102584,5.418831152709849,0.040575142800866486,-0.012649800266311684,-0.0942222222222222,0.015286624203821653,0.01510574018126887,0.008232235701906454,0.04457831325301198,-0.25381117945974874,-0.013417815877748708,-0.0714285714285714,-0.7711564763689782
83,2014-11-01,-0.23555839355254626,-0.356522511244312,-0.4700829595982924,-0.7296286099737428,-0.04978833467107446,0.11885230133342127,-0.3981650664983445,-0.3981650664983445,-0.3859649122807017,-0.4035087719298245,0.2287319271745953,-0.9916772978555374,-2.2175280456855506,-1.9237427330342782,-0.7798313711277882,-0.09596819988642813,-0.1294672960215778,-0.14327772325809618,-0.04077791718946056,-0.1071428571428571,-0.09969918349806617,0.04267589388696647,0.24301075268817215,-0.17000377786173015,0.02564102564102577,1.380024791924916
84,2015-01-31,-0.0056174550161888215,-0.002321423043606275,-0.04132043450520584,-0.10739208186659444,0.010154276143430565,-0.05190194130282333,0.6445742674456048,0.6445742674456048,0.6285714285714286,0.6764705882352939,-0.35693178221861266,55.290754257907544,-0.9423665536358063,-1.0401590510502885,0.14224228040187414,0.12206867671691812,0.041053446940356286,0.026345933562428314,0.008502289077828795,0.16666666666666674,0.2921241050119332,0.04092920353982321,0.015859284890426872,-0.008192990441511117,0.024999999999999908,0.1177083333333333
85,2015-05-02,0.0333255829363821,0.06382372824666183,0.03440340336664116,0.6877923998552715,0.03287371962523489,0.06351540053835181,0.14869907192445608,0.14869907192445608,0.1578947368421053,0.14035087719298267,1.0398747724618,-6.804088954204577,-0.3183424741011578,-1.172732774271635,-0.0215102383566953,0.08434409404739672,0.02604166666666674,0.01227678571428581,0.02658884565499342,0.07714285714285718,0.03694126339120807,0.04250797024442088,-0.0004257734885040332,-0.014226709499770672,0.024390243902439046,-0.3696911196911197
86,2015-08-01,0.01223328450480432,0.025738297442681413,-0.00706579339403257,-0.009781702066711029,0.02033617447133551,0.05157736909864452,0.054252013752934085,0.054252013752934085,0.04545454545454541,0.04615384615384621,-0.4269731506753752,-0.4510781535666013,0.4295771500089398,4.6284141284141285,-0.1237299910722145,0.08518327310273621,0.05003625815808577,0.1223814773980154,0.02021478205938076,0.0557029177718833,0.054862842892767986,0.0407747196738022,0.007951157177339184,0.009776536312849249,0.11904761904761907,0.03585573216454563
87,2015-10-31,-0.010164826809140326,-0.016950802575103174,-0.038811040134522634,0.05299828885296432,0.0015395364530368385,0.13361324584619494,-0.5551280037694362,-0.5551280037694362,-0.5507246376811594,-0.5588235294117647,0.004240662679632079,-3.39171341550275,0.7423981865082467,-5.152186892618047,0.5862919441718968,-0.09039010466222652,-0.033149171270718265,-0.024557956777996104,0.0068111455108361705,-0.1080402010050252,-0.1350894967916244,0.0391772771792358,0.011832652486265749,-0.06454587367450447,0.042553191489361764,-0.06642536704730839
88,2016-01-30,0.07588353054822461,0.13839425348102294,0.3086638524968845,-0.4666107036082706,-0.015394762701610663,-0.2138431546445262,0.7081563781735112,0.7081563781735112,0.7096774193548387,0.7333333333333334,0.1097613335017047,-1.5796207428584397,-3.5651331284627985,0.7931107276598871,0.6627319633675692,-0.04428172942817288,-0.02928571428571447,-0.04632426988922456,-0.009225092250922606,-0.050704225352112615,-0.026942600546661418,0.037700282752120666,-0.08478351663650296,-0.019714144898965055,-0.020408163265306145,1.1342761972369355
89,2016-04-30,-0.0036573708545618593,-0.003501190964774081,0.035867900472453584,0.1523215593203222,-0.024257126623318137,0.012134972817504863,0.03689271993386178,0.03689271993386178,0.03773584905660377,0.05769230769230771,0.4574224528344826,0.6891933550265457,-1.5713183893833478,-1.598509782643933,-0.238554121821874,-0.0145932141554177,-0.04709345106696095,-0.06863780359028515,-0.015518311607697122,-0.005934718100890191,0.008426966292134797,0.03814713896457755,-0.020687557042896158,-0.039215686274509776,-0.04166666666666663,-0.1352181143661252
90,2016-07-30,0.015159388832029162,0.021611219320145647,0.0019020311200326208,-0.008628396143733563,0.022494609332825318,0.11662681729813572,0.3509172026053362,0.3509172026053362,0.3636363636363635,0.34545454545454524,-0.20674384687214054,-0.6762453217153517,-0.5204258745090596,-0.954410171617538,-0.014282881798256987,0.10218437615697873,0.026254826254826117,0.0034013605442175803,0.02206809583858771,0.11940298507462675,0.15559092717867085,0.03674540682414706,0.00714507611059334,0.019884877027734227,-0.021739130434782598,0.030502958579881726
91,2016-10-29,0.037114252822979976,0.05223791257322508,0.0381016537613077,0.15359079878531245,0.036578932212637534,0.15413222997938106,0.285236297357115,0.285236297357115,0.28,0.28378378378378377,0.9172371979858503,3.983080419455281,-0.2891256335295094,10.414332166083042,-0.16539182907934435,0.045515619751427705,0.2957110609480813,0.2632768361581921,0.033929673041332535,0.024000000000000018,0.015840220385674897,0.03544303797468351,-0.00046267735965443984,0.291944586967676,-0.022222222222222254,-0.08786712985558842
92,2017-01-28,0.2801775546599503,0.4540567247781497,0.7460012978400234,0.03664676716045023,0.027259661864272644,-0.019104783369851,-0.2668449504823455,-0.2668449504823455,-0.27083333333333337,-0.27368421052631586,-0.35420465559443426,-4.177701286878579,-18.801961083624413,-23.275531670118003,4.4142761298055,0.11999999999999987,0.04471544715447151,-0.02146690518783545,0.02386634844868718,0.08333333333333348,-0.143728813559322,0.034229828850855785,-0.19750038574294093,-0.0015885623510722981,0.0,0.4026534048881825
93,2017-04-29,1.6092046442298336,0.04171207314397707,2.401325725861456,5.714030846720041,0.8782106089761651,0.1661162741797697,-0.5690856587558548,-0.5690856587558548,-0.6142857142857142,-0.608695652173913,0.6581153097694059,-5.972896233035778,3.5341204337240253,-0.8252687874542163,0.14245889980135407,0.13912794033275966,-0.26792662590327954,-0.416819012797075,0.5827505827505828,0.11298076923076915,0.07323832145684861,0.03546099290780158,-0.28013843491636226,-0.16865552903739067,-0.2954545454545454,-0.8448488656508762
94,2017-07-29,-0.2068795245017191,-0.7095544310657853,-0.32804779849866306,-0.7979409030400703,-0.004384145237164794,0.24906313862064036,-0.26343465435423885,-0.27391945620110303,-0.33333333333333337,-0.33333333333333337,-1.6985774665173434,-1.0484127414282538,-1.5398698983493944,-7.740758360544983,-0.8405387887800485,0.03966255351296888,-0.32498101746393315,-0.3573667711598746,-0.006259204712813049,-0.3434125269978402,0.14939136849870893,0.03424657534246567,0.2550747863247862,-0.2933014354066985,-0.096774193548387,0.4374457622215795
95,2017-10-28,0.0012455129636546047,0.07433601551280855,-0.018972408650927308,0.4497914314802689,0.024049421036189008,0.07480845971342531,4.04454698473504,4.117391624346801,4.277777777777779,4.222222222222221,-2.7593985994405448,-1.030595839660526,-0.8990018046725317,-1.0290799624319351,0.15328390028715488,0.01598643575148362,-0.07536557930258725,-0.102439024390244,0.021489440533531082,0.023026315789473676,0.2881899871630296,0.0331125827814569,0.02277080229836148,-0.037237643872715,-0.07142857142857151,-0.2589424963525683
96,2018-02-03,-0.013621635459021621,-0.07382690195965025,-0.043190220837370334,-0.2253816875186365,0.018327832198662845,-0.01462914538954174,-0.22861498633683294,-0.2321904214008341,-0.2421052631578947,-0.2446808510638297,-0.3935458302843261,3.9478367597422523,0.1181009507487656,-2.5817446811566107,-0.21023097081800807,0.08451543688163078,-0.06569343065693434,-0.057065217391304324,0.014871236851650371,0.061093247588424486,0.08968609865470856,0.03205128205128216,0.032459425717852534,-0.03234880450070321,-0.03846153846153855,0.19558723693143246
97,2018-05-05,-0.0036857928823307295,0.0048343562564230344,-0.029930600399636912,0.1587605171817026,0.022959129683770785,-0.0036684524938365155,0.4163708366272392,0.4172270528867228,0.4166666666666667,0.42253521126760574,0.8485108879100975,0.6432558139534883,0.14984508034290345,-0.9045204459616504,-0.02541598694942904,-0.022862167509342668,0.34635416666666696,0.4639769452449567,0.020014295925661063,-0.036363636363636265,-0.032235939643347145,0.0331262939958592,0.026803708182184586,0.2834302325581395,0.15999999999999992,-0.1328147180739312
98,2018-08-04,-0.01096616390843208,-0.032773318149372566,-0.048934859724157335,-0.0655889641926688,0.025588371859044837,0.039407740508759385,0.09118002480050348,0.09156513762922967,0.08823529411764719,0.08910891089108919,-0.13605680771168582,-0.4859043305972262,-0.04922676526831127,0.6137498217087434,-0.04208466777513675,0.08796400449943742,0.2959381044487428,0.3326771653543308,0.023475823405746388,0.0660377358490567,-0.19536971415072046,0.032064128256512836,0.0368989205103043,0.29558323895809746,0.034482758620689724,0.03509690937663712
99,2018-11-03,-0.004809910312207899,-0.0020934942928538813,-0.023849616591310352,0.05023217114564904,0.01218868414292018,0.015201449246794898,0.044638376312538634,0.04849880611617241,0.054054054054053946,0.045454545454545185,0.15095418679056216,0.6337058855915874,-0.030676403087836483,-2.2968004242531377,0.05697310940685374,-0.0824028122415219,0.040298507462686484,0.06942392909896622,0.01643272851763089,-0.1032448377581121,-0.30710510863182616,0.03106796116504862,0.017035775127768327,0.051136363636363535,0.0,-0.049784919028340036
100,2019-02-02,0.06740899253727872,-0.06010342186024886,0.08261095613375803,-0.3955394136279654,0.05431995515327781,-0.03475227767248368,-0.1800584342845265,-0.18245354705345693,-0.17948717948717952,-0.17391304347826084,-0.4796393264104384,0.08083667531650551,-0.1628887672063174,-5.7875090876045086,-0.25805697099282265,0.018028169014084442,0.02869440459110484,0.045580110497237536,0.05961603233411927,0.0,-0.035593220338983045,0.030131826741996326,-0.012097524660338643,0.05446985446985453,0.0,0.5548898209173823
101,2019-05-04,-0.0023800778054962053,0.04801025599693731,-0.020382431007178625,0.6060085533940032,0.013536045295486021,-0.009408208806561014,0.036424736483327,0.036895886362930064,0.03125,0.03157894736842115,0.8045765223917132,-0.22494413552980308,0.005699898590761254,-1.511263388175222,0.17782373601996482,0.2024349750968457,-0.03277545327754538,-0.01981505944517836,0.009535918626827787,0.13486842105263164,0.1340070298769771,0.03290676416819016,0.01582516955538793,-0.009463722397476393,-0.033333333333333326,-0.3474481931837643
