,Quarter end,Assets,Current Assets,Liabilities,Current Liabilities,Shareholders equity,Revenue,Earnings,Earnings available for common stockholders,EPS basic,EPS diluted,Cash from operating activities,Cash from investing activities,Cash from financing activities,Cash change during period,Cash at end of period,Price,ROE,ROA,Book value of equity per share,P/B ratio,P/E ratio,Cumulative dividends per share,Equity to assets ratio,Net margin,Asset turnover,Current ratio
0,1996-05-04,0.10760969727306846,0.19282366558509326,0.3299988843851103,0.3299988843851103,0.009588592034092793,0.291583939995588,-1.1156803744567034,-1.1156803744567034,-1.1333333333333333,-1.1333333333333333,-0.8491725768321513,-1.4378867206092336,inf,-0.2813527477689056,-0.08568068544548357,0.5384615384615385,0.12515644555694605,0.7783902976846746,0.0,0.3643410852713178,0.4571766095688128,inf,-0.08845987609854489,0.0943396226415092,0.02857142857142869,-0.10312276762934992
1,1996-08-03,0.10760969727306846,0.19282366558509326,0.3299988843851103,0.3299988843851103,0.009588592034092793,0.291583939995588,-1.1156803744567034,-1.1156803744567034,-1.1333333333333333,-1.1333333333333333,-0.8491725768321513,-1.4378867206092336,inf,-0.2813527477689056,-0.08568068544548357,0.5384615384615385,0.12515644555694605,0.7783902976846746,0.0,0.3643410852713178,0.4571766095688128,inf,-0.08845987609854489,0.0943396226415092,0.02857142857142869,-0.10312276762934992
2,1996-11-02,0.1872843056696796,0.2747721235066733,0.4268418845239759,0.4268418845239759,0.0481857293611494,0.12225116358512313,5.199421965317919,5.199421965317919,4.25,4.25,6.639498432601881,2.1402173913043483,11.642857142857142,3.842483660130719,-0.4537882035891469,0.3625,0.12515644555694605,0.7783902976846746,0.032258064516129004,0.3643410852713178,0.4571766095688128,inf,-0.11727516990674892,0.0943396226415092,0.02857142857142869,-0.10661660124025718
3,1997-02-01,-0.044604391231378826,-0.07956473994209845,-0.2282730105230154,-0.2282730105230154,0.10056843703049734,0.5587981635086117,1.9953379953379955,1.9953379953379955,2.1428571428571432,2.1428571428571432,-6.8110381616741895,0.023883696780893082,-0.8785310734463276,-4.429342691321367,2.84906929804889,-0.29357798165137616,0.12515644555694605,0.7783902976846746,0.09375,-0.31534090909090906,0.4571766095688128,inf,0.15201432408236348,0.0943396226415092,0.02857142857142869,0.19270203145895687
4,1997-05-03,-0.09695937992357706,-0.17822668112798268,-0.1898583109034584,-0.1898583109034584,-0.0454711776626886,-0.5040722509255116,-1.5632684824902725,-1.5632684824902725,-1.5454545454545454,-1.5454545454545454,-1.5731384387247114,0.29986477349560503,-0.6976744186046512,-1.789711901763224,-0.5845423294295868,-0.3376623376623377,0.12515644555694605,0.7783902976846746,-0.02857142857142847,-0.39419087136929465,0.4571766095688128,inf,0.05704072116879089,0.0943396226415092,0.02857142857142869,0.01436275294997058
5,1997-08-02,0.05695377519302114,0.07818325799320291,0.2097163454004074,0.2097163454004074,-0.014906008109104363,0.4135549284683029,-1.309477756286267,-1.309477756286267,-1.3055555555555556,-1.3055555555555556,-0.6480625885541798,0.08452535760728219,-0.3846153846153846,-0.5078494891602292,-0.6924479349274244,0.3137254901960784,0.12515644555694605,0.7783902976846746,-0.029411764705882363,0.34931506849315075,0.4571766095688128,inf,-0.06807822379061901,0.0943396226415092,0.02857142857142869,-0.10869565217391296
6,1997-11-01,0.2766340954368656,0.430737686104693,0.5842056171624002,0.5842056171624002,0.0989612955368635,0.21753966503789512,4.603571428571429,4.603571428571429,4.545454545454545,4.545454545454545,-2.9616663749343597,-0.2767386091127099,5.25,-1.83453164556962,1.8789329685362521,0.6417910447761195,0.6262513904338154,0.7783902976846746,0.1212121212121211,0.6903553299492386,0.4564248074584514,inf,-0.13916061849163786,0.5632183908045978,0.027777777777777683,-0.09691135652276628
7,1998-01-31,0.07598275990190984,0.0959327508208292,-0.11705155043830963,-0.11705155043830963,0.2367281344482881,0.4651770223637299,1.5111536010197577,1.5111536010197577,0.8852459016393441,0.639344262295082,2.2932096011421432,-0.18401856763925728,24.72,3.335881567770902,2.8298091391462736,0.5727272727272725,0.7886456908344734,0.7783902976846746,0.21621621621621626,0.4054054054054053,-0.04397439465627606,inf,0.1493768328445748,0.7720588235294119,0.006006006006006093,0.24123724823437095
8,1998-05-02,0.03446251597085537,0.0,-0.055772686017004136,0.0,0.08810897718262711,-0.3513728041639558,-0.6316624365482233,-0.6316624365482233,-0.7739130434782608,-0.76,-0.9784322757200532,1.2584315318976027,-0.473561430793157,-1.1143232956453601,-0.0844723836307616,0.8323699421965318,0.34302103250478,0.3434593924364537,0.06666666666666665,0.5042735042735045,0.004657933042212514,inf,0.05198532929357347,0.3526970954356845,-0.005970149253731294,0.0
9,1998-08-01,0.06632840404579897,0.07173596947488603,-0.012790332705586938,-0.06784966751254927,0.10714611017215027,0.2611691776837122,0.645650301464255,0.645650301464255,0.6153846153846152,0.6666666666666667,-3.603015075376885,0.1977329974811084,0.06499261447562787,0.960342717258262,-0.18087365044947368,0.5173501577287065,0.14350797266514806,0.17212736502076598,0.10416666666666674,0.4232954545454546,0.022602144305998276,inf,0.03819918144611178,0.1855828220858895,-0.012012012012012073,0.1497286760444656
10,1998-10-31,0.22088029050838973,0.26602564102564097,0.4207733884428901,0.4207733884428901,0.12892610333101762,0.18561054950648612,0.4520046058829688,0.4520046058829688,0.4523809523809523,0.4499999999999997,-9.22876447876448,0.3509088177857893,-1.3855755894590849,-1.9714035964035963,0.2144984282799316,-0.04158004158004147,0.060507968127490035,0.09133858267716533,0.1132075471698113,-0.13173652694610782,-0.2547463870784924,inf,-0.07533946561541828,0.10219922380336356,-0.012158054711246202,-0.10892177977363338
11,1999-01-30,0.08179016302647701,0.11121979286536243,-0.16430999034951532,-0.16430999034951532,0.22426720647773268,0.4295958891244265,0.7943190829788769,0.7943190829788769,0.8032786885245904,0.7758620689655173,1.583401759530792,0.8975870121205383,-4.284172661870503,2.5859364956935345,0.6333295493245545,0.35140997830802595,0.05259450575252411,0.0916305916305915,0.2372881355932204,0.21379310344827607,0.13003802281368815,inf,0.13184904468656256,0.08098591549295775,0.012307692307692351,0.32973362131029504
12,1999-05-01,0.07584333579839586,0.054859421115310836,-0.0658231661394788,-0.0658231661394788,0.13182801246056464,-0.3176948668978494,-0.508095946000241,-0.508095946000241,-0.7545454545454545,-0.7572815533980582,-1.0487660907666811,-0.5353061822443598,0.4304490690032857,-1.314464957877756,-0.12193494578815678,0.3418940609951844,-0.026767789426723088,0.00991407799074695,0.12328767123287675,0.08428030303030297,0.12516823687752354,inf,0.0518973214285714,0.03800217155266017,-0.027355623100303927,0.12916698893959322
13,1999-07-31,0.16186598633161053,0.14820836912504598,0.2591278798953742,0.2591278798953742,0.13014158909360773,0.2281780418695496,0.3843829126847995,0.3843829126847995,0.3333333333333333,0.3999999999999999,-7.202513966480447,2.5698612862547288,-0.29785604900459417,0.6038531691746467,-0.2227235309017224,0.19138755980861252,-0.02544121017648404,-0.00785340314136107,0.12195121951219524,0.06113537117903944,0.06788277511961738,inf,-0.027188328912466808,0.03556485355648542,-0.04375000000000007,-0.08808822522090554
14,1999-10-30,0.19652839405040926,0.2275095519277528,0.3183318630659344,0.3183318630659344,0.15226473629782844,0.2470069771869505,0.4358959230633075,0.4358959230633075,0.44444444444444464,0.4285714285714286,3.359828867372213,0.9527358790490656,-0.8658669574700109,-1.2081882152249628,0.05965498278987357,0.008032128514056103,-0.0011759172154279796,0.01715039577836408,0.15217391304347827,-0.1020576131687243,-0.09941192943153188,inf,-0.037082481254260384,0.04242424242424248,-0.022875816993463968,-0.06888004206414777
15,2000-01-29,0.12400832955629593,0.14301510600322145,-0.027284010576871243,-0.045653229723166544,0.18691215537047667,0.2816972244300449,0.5257016066072235,0.5257016066072235,0.5576923076923077,0.52,0.09580621836587122,-0.28675832127351664,1.6829268292682928,7.382724479344485,0.471918966710233,-0.06772908366533859,0.0023546032493524387,0.012970168612191912,0.17924528301886775,-0.19065077910174155,-0.18905472636815912,inf,0.056066827127283066,0.056201550387597,-0.04013377926421413,0.19768473701193925
16,2000-04-29,-0.01724624113155193,-0.13706857808822293,-0.16913910370921034,-0.17143341815097535,0.03451026650182798,-0.3763720767276868,-0.6604454498936199,-0.6604454498936199,-0.6666666666666667,-0.6578947368421053,-1.494681937440103,-0.8479760576240235,-16.442424242424245,-2.7340854478067853,-0.5559734137710398,-0.3482905982905983,-0.10382898754991776,-0.09122919334186952,0.040000000000000036,-0.44733861834654587,-0.4340490797546012,inf,0.0525539616570585,-0.033944954128440334,-0.059233449477351874,0.04149126056646346
17,2000-07-29,0.02377823432191728,-0.03040962515392387,0.2656677750624308,0.2712718041110473,-0.042418749474653634,0.1740346855881212,-0.7797430203045685,-0.7797430203045685,-0.7777777777777778,-0.7692307692307693,-1.146727220757773,-0.4371037704371038,2.01903453689168,-0.6679192991521243,-0.4158040230561111,-0.4049180327868852,-0.21231979030144174,-0.21275096865093332,-0.030769230769230767,-0.42827868852459017,-0.40785907859078585,inf,-0.06457776079480315,-0.18423551756885093,-0.03703703703703709,-0.23731608730800316
18,2000-10-28,0.17943716209966953,0.2094700090585071,0.3270941262120557,0.3348149579669533,0.12602758546992246,0.35310105896821176,9.524306805905654,9.524306805905654,9.5,9.166666666666666,10.822077922077924,0.1440426793123888,-1.0218394540136495,-4.613692623240682,2.5720614145482004,0.5537190082644627,-0.006655574043261225,-0.012080536912751684,0.11904761904761907,0.6057347670250897,0.8375286041189929,inf,-0.04534313725490213,-0.003492433061699773,-0.007692307692307666,-0.0939116424997879
19,2001-02-03,0.2904410891065581,0.19932630786601435,0.3941309290972985,0.1996444830526196,0.2462378492699393,0.4985270558445647,0.6816191062752344,0.6816191062752344,0.12698412698412698,0.11475409836065588,1.2490753963894687,23.92772020725389,104.4970238095238,0.214741456922535,0.8806071111486915,0.7996453900709222,0.04824120603015092,0.017663043478260976,0.2269503546099292,0.6071428571428571,0.6830635118306354,inf,-0.034231921266580916,0.0011682242990653788,0.015503875968992276,-0.0002339619110010016
20,2001-05-05,0.014247411821466384,-0.042173344086662616,-0.111656049865698,-0.11711264725405135,0.07428983260582811,-0.4063539862272085,-0.6837039900706046,-0.6837039900706046,-0.6901408450704225,-0.6911764705882353,-1.1013350700097688,-0.875100030138951,-0.8507348999915366,-1.3154867399220185,-0.14673351018389458,0.0630541871921182,-0.06327900287631827,-0.08010680907877178,0.06358381502890187,-0.1333333333333333,-0.07880133185349625,inf,0.059223157583813135,-0.032672112018669715,-0.04961832061068694,0.08485444163624445
21,2001-08-04,0.03544045477075364,-0.035292344588529034,-0.06805459260971157,-0.0763897326852977,0.07625357268531753,0.16237060123713953,-0.015374718559022171,-0.015374718559022171,-0.045454545454545525,0.0,-0.1640424164524421,2.2205857879846898,1.0274050274050277,0.9594504877176856,-0.3369604356035656,0.1612604263206674,0.0051177072671442225,0.013546202225447557,0.07065217391304346,0.09134615384615374,0.12931726907630536,inf,0.03931957612939208,0.05307599517490957,-0.03614457831325313,0.04447991716640054
22,2001-11-03,0.10015903826562368,0.14709797928340973,0.2090569053047786,0.263498902327723,0.06297338238476513,0.2437378587649457,1.0084934012805435,1.0084934012805435,1.0476190476190474,1.0,-4.810686142610034,-0.09802351117426687,-1.6833224573506107,-0.9336426188490408,-0.033723194299111185,-0.32003192338387865,-0.08316361167684982,-0.07732696897374702,0.06598984771573613,-0.3656387665198237,-0.3968705547652917,inf,-0.03367319559967785,-0.04696449026345939,-0.033333333333333326,-0.09211069805865336
23,2002-02-02,0.07219519814352028,0.11921672888978364,-0.027637876025524144,-0.024247078116458883,0.1109704716045885,0.2767455225912188,0.4280788497820571,0.4280788497820571,0.4186046511627908,0.4047619047619047,2.9867352599989916,0.4008478702987597,-0.8517053206002728,-43.20227808326787,1.472865347973297,0.034037558685446216,-0.1192151055164754,-0.09829280910501803,0.1047619047619046,-0.02777777777777779,0.025353773584905648,inf,0.036096071081493715,-0.07572115384615385,-0.021551724137930942,0.14704276615104628
24,2002-05-04,0.017603137110332456,-0.0027325873607915163,-0.021122758087291804,-0.03820143788931718,0.030767729239202343,-0.4014796467800991,-0.7103093253154753,-0.7103093253154753,-0.7049180327868853,-0.7118644067796609,-1.1568536909355431,-0.2687046314282793,-1.125114995400184,-1.5616164248420152,-0.33450481712657565,-0.04086265607264483,-0.08995376208490967,-0.07802639127940336,0.03017241379310365,-0.1333333333333333,0.019551466359976958,inf,0.01299745410692732,-0.04551365409622876,-0.03524229074889873,0.03684753292083154
25,2002-08-03,0.025091919954774108,0.043172757342896606,0.06377795335919179,0.06298972360519772,0.012602922904198843,0.14872630832730582,-0.2074225507155213,-0.2074225507155213,-0.2222222222222221,-0.17647058823529405,-1.4847763842400292,-0.4122581366737501,-15.132352941176471,-0.8208935436828848,-0.09002615489696307,-0.19171597633136084,-0.09792147806004614,-0.09707529558182948,0.01673640167364021,-0.2142857142857143,-0.1686407219402143,inf,-0.012301587301587149,-0.0681198910081744,-0.03196347031963465,-0.018629738724608932
26,2002-11-02,0.05609912503206305,0.07872139709565618,0.13417248577811036,0.14850813448316358,0.029620950305426774,0.1730702361671934,1.6846230158730158,1.6846230158730158,1.714285714285714,1.6428571428571428,1.364279178104983,-0.4845861084681256,4.95369406867846,-1.5690229459659513,0.05629496732145789,-0.33382137628111275,-0.07834101382488479,-0.07718814610613378,0.04115226337448541,-0.34615384615384603,-0.29850746268656714,inf,-0.02504352484264105,-0.04532163742690065,-0.03301886792452846,-0.06077025025337179
27,2003-02-01,0.0003130452147934726,0.008594354032699147,-0.18707209620765608,-0.19582651762995276,0.07031691635328419,0.3126623957529422,0.4366061860241677,0.4366061860241677,0.42105263157894735,0.4864864864864866,2.1280743112487244,-0.9212663836071626,-0.19732587608144714,11.866666666666667,0.6857256750667267,0.20879120879120894,-0.08666666666666667,-0.07617625093353242,0.07114624505928857,0.16042780748663096,0.2562862669245649,inf,0.07005494505494503,-0.07197549770290956,-0.004878048780487697,0.2542021166217057
28,2003-05-03,0.025207091492555955,0.015773187684339884,0.06177947844767085,0.07443532552653509,0.01482989946006974,-0.40625445017231065,-0.8352968412388105,-0.8352968412388105,-0.8333333333333334,-0.8363636363636364,-1.1443708311305578,85.52168815943729,-0.7888949373979314,-2.106672564134968,-0.4501763260438193,-0.06181818181818177,-0.0997566909975669,-0.09458367016976554,0.014760147601476037,-0.12442396313364056,-0.03079291762894532,inf,-0.01014120667522467,-0.07920792079207918,-0.014705882352941346,-0.05459960291197874
29,2003-08-02,0.01836516119185405,0.016542920711322573,0.02399126336360502,0.0077370583401807904,0.01669493520986398,0.15485955498907011,0.2656567234109011,0.2656567234109011,0.22222222222222232,0.22222222222222232,-2.3601869887027656,-0.9501917266235791,-0.4894275399690562,-1.1412910666773246,0.1156841662381376,0.19573643410852706,-0.054054054054053946,-0.047321428571428514,0.01454545454545464,0.17894736842105274,0.2787926926131852,inf,-0.0016859032550901045,-0.035842293906810034,-0.01492537313432829,0.008750437521876098
30,2003-11-01,0.07671864017860841,0.09686589696639114,0.2621215353009194,0.2693180780420348,0.021282916268063,0.10901781608342853,0.2511105626850938,0.2511105626850938,0.2727272727272729,0.2727272727272729,0.8263833199679229,14.878400435255713,-0.4181818181818182,-3.1477410490584337,-0.22269710378117455,-0.0016207455429497752,-0.23357142857142865,-0.23430178069353336,0.021505376344086,-0.013392857142857206,0.024844720496894238,inf,-0.05144193296960264,-0.21003717472118955,-0.03030303030303028,-0.13587786259541978
31,2004-01-31,0.038048245482460885,0.0846219878088541,-0.015347873267749447,-0.028542209477411377,0.057778741879768836,0.3837747458533976,2.486931650064109,2.486931650064109,2.5714285714285707,2.5,3.7972714442527833,-1.1090133461255118,1.5677083333333337,-6.967110709716264,1.7095758673480388,-0.08766233766233766,-0.08108108108108125,-0.09179926560587504,0.05263157894736836,-0.10859728506787324,0.14787878787878794,inf,0.019035880580662967,-0.07058823529411773,-0.02083333333333337,0.1165274654673949
32,2004-05-01,0.02771795609840111,0.046175681048964856,-0.061598637765863724,-0.0670669452746846,0.05843988379138376,-0.3233028196924148,-0.2898399049612491,-0.2898399049612491,-0.30000000000000004,-0.3061224489795917,-1.0170174096665163,-7.631148829168631,-5.413116970926302,-1.2451598663051018,-0.15468081042797344,0.4110320284697509,0.2626774847870184,0.2628032345013478,0.056666666666666636,0.3401015228426396,0.5131995776135163,inf,0.029834699637145468,0.2632911392405064,0.0,0.12137668129180755
33,2004-07-31,0.0695383494048134,0.07023899151472834,0.03288843538069819,0.030024325657614925,0.0807150007485844,0.18213556174558956,0.1799099852630741,0.1799099852630741,0.17142857142857149,0.17647058823529416,-15.236650019208605,-0.17967009527420966,0.1936571165926153,-1.2804887459807075,0.05132525923868792,0.2269861286254731,0.20642570281124506,0.20917822838847375,0.05362776025236582,0.16287878787878785,-0.056873691556175825,inf,0.01043977554482578,0.21442885771543094,-0.005319148936170136,0.03903017863442471
34,2004-10-30,0.1118478617521601,0.1504609884489514,0.10338496523700358,0.18275053398806507,0.11431446903063525,0.21667226549566565,0.9595260599513908,0.9595260599513908,0.951219512195122,0.925,1.5633601381618003,0.01880796232629356,-2.4844050827878323,3.622340425531915,0.2256607253988081,0.21891058581706055,0.3688415446071904,0.3901147396293028,0.11077844311377237,0.1563517915309447,-0.03921568627450989,inf,0.0021955314477590804,0.3696369636963697,0.016042780748662944,-0.02728563491573544
35,2005-01-29,0.22363640663056586,0.2223901031951048,0.3944176499902865,0.17880464884639902,0.17434849221700954,0.21964678376977176,0.7323812641044636,0.7323812641044636,-0.15000000000000002,-0.1558441558441558,0.0,0.0,0.0,1.2924288718701638,0.00477068911983336,0.2757166947723442,0.2966926070038911,0.2926984126984127,0.12938005390835586,0.14929577464788735,-0.12591451675009624,0.5,-0.040206185567010166,0.36626506024096384,-0.05263157894736836,0.03696769689661728
36,2005-04-30,0.0486712495333006,0.02363104731525789,-0.09826666626283798,-0.15670937555524844,0.09902479122685737,-0.26056500892496515,-0.4503644481568768,-0.4503644481568768,-0.4705882352941178,-0.4615384615384616,-0.7171791605697262,0.3985934664246824,-2.0083009079118033,-1.2143184788347194,-0.0900273030345996,0.21678783873099805,0.0206301575393848,0.027013752455795625,0.09307875894988048,0.0759803921568627,-0.13436123348017626,1.0,0.0479323308270676,0.08201058201058209,-0.05555555555555558,0.2138376327304996
37,2005-07-30,0.07910598596662455,0.12204112852013348,0.10062876182287184,0.12430235606997032,0.07305445771299324,0.1306134765285154,0.04968067591771752,0.04968067591771752,0.05555555555555558,0.05714285714285716,2.295205836373111,1.810746147607461,-0.8193979933110368,0.9286839235956872,-0.19081255143868514,0.07930472569255853,0.004410143329658167,0.0057388809182208345,0.06331877729257651,-0.011389521640091105,-0.04325699745547063,0.8333333333333335,-0.005509288917360578,0.06275468622656866,-0.052941176470588165,-0.001991579902689833
38,2005-10-29,-0.024151946118010303,-0.03581771760936092,0.09519115744244533,0.10440022654961599,-0.05856975389262242,0.12535065845866122,0.2637239524983195,0.2637239524983195,0.26315789473684204,0.2702702702702702,0.08328344384326036,-1.4603970395163968,-71.55887939221273,-1.2828517587939698,0.06669859483158724,-0.09511826874685457,-0.005854372484449311,-0.014740846409890597,-0.020533880903490842,-0.14976958525345618,-0.18244680851063835,0.4545454545454546,-0.035300180365885,0.019938650306748684,-0.031055900621118068,-0.12698292411841972
39,2006-01-28,0.12394519604391195,0.17907397688924576,0.2541678160727372,0.3636219658889941,0.08025599652987457,0.3232011633039911,0.4667348608837971,0.4667348608837971,0.5208333333333333,0.5106382978723405,0.0,0.0,0.0,-3.208083499888963,-0.395830536873921,-0.14015572858731914,-0.020242914979757054,-0.029922779922779807,0.08595387840670865,-0.121951219512195,-0.1802212101496421,0.3125,-0.038862179487179516,-0.04210526315789465,0.012820512820512777,-0.1353259454298198
40,2006-04-29,0.007230098234421113,-0.014681605519528572,-0.12427987744863887,-0.18545280582263848,0.05845431447481375,-0.316522037188942,-0.4034275299653155,-0.4034275299653155,-0.410958904109589,-0.4084507042253521,-0.43426623010990384,-1.137567961393228,-0.933672954366508,-2.275369606758524,0.2914524741628297,0.242561448900388,-0.0067618332081140755,-0.013930348258706536,0.05019305019305032,0.1450617283950617,0.2039682539682539,0.2857142857142858,0.05085452271779901,0.0,-0.012658227848101222,0.2096439566323116
41,2006-07-29,0.0737717791471737,0.09474871478936064,0.12436351827561976,0.1496033052800967,0.057467956396007214,0.1529359069575138,0.12380759398965012,0.12380759398965012,0.11627906976744184,0.11904761904761907,4.037508063772925,10.28132118451025,0.03530844155844148,3.2790000788581337,0.9656763875376692,0.14992191566892246,0.011724659606656472,0.002018163471241285,0.0625,0.0943396226415094,0.10876730388925517,0.2592592592592593,-0.01520560624090961,0.009419152276294971,-0.012820512820512886,-0.04771916235580509
42,2006-10-28,0.05973167734482888,0.037007107347976964,0.14515386594099874,0.16659087016354324,0.03046185676687885,0.15600189930369934,0.40008876683449146,0.40008876683449146,-0.06249999999999989,-0.06382978723404252,-0.6311221689656434,1.4361938414941953,5.893081144649157,-2.2909095376752298,-0.6341841754235601,0.17926663648709829,0.02990654205607468,0.021148036253776592,0.03460207612456756,0.11083743842364546,0.12247324613555287,0.23529411764705865,-0.02765843179377025,0.03654743390357696,-0.012987012987012991,-0.11108528933302353
43,2007-02-03,0.079981785519053,-0.008752235625404281,0.12347612939328913,0.16561951002182074,0.0634197362369231,0.3979304600094789,0.4875328148992026,0.4875328148992026,0.5333333333333332,0.5227272727272727,2.1828145767620857,0.2514701311618077,0.11412201259649968,-0.7074406829667559,-0.5071855200633579,0.2326295585412668,0.06787658802177865,0.0641025641025641,0.07692307692307687,0.19068736141906872,0.12870762711864406,0.09523809523809534,-0.015327257663628857,0.03975993998499616,0.02631578947368429,-0.1495751633986928
44,2007-05-05,-0.07366147350117036,-0.10672194709969672,-0.2195635702910701,-0.3587794051217902,-0.014966358853943262,-0.3708567700708367,-0.4754227185849666,-0.4754227185849666,-0.4782608695652174,-0.4776119402985075,-1.242068030602864,-1.6328703979654686,0.3296028788729519,-1.163535516192521,0.16830440095753052,-0.045157271877919625,0.0047586675730793004,0.006024096385542244,-0.009316770186335477,-0.11359404096834268,-0.15532613796339745,0.17391304347826098,0.06338521946431075,0.005772005772005651,0.0,0.3930753564154785
45,2007-08-04,0.003493595888941492,0.0194548821253131,0.062236085423488026,0.060987133330397965,-0.015229568082515632,0.14827739367000548,0.03267741525961654,0.03267741525961654,0.0277777777777779,0.05714285714285716,-2.1866599721921833,-0.6089274688935631,0.09834633804574212,4.363636363636363,0.7726784255849608,-0.1245923026744945,0.007780784844384492,0.007830492860432914,0.003134796238244641,-0.11554621848739488,-0.15888888888888886,0.18518518518518512,-0.018594223921930664,-0.01147776183644178,0.01923076923076916,-0.039142667990731635
46,2007-11-03,0.07323783568739639,0.05925414086169512,0.20145257755295895,0.2868041855803056,0.02915688975719322,0.058667015553428785,0.2222905192761606,0.2222905192761606,0.2432432432432432,0.21621621621621626,0.8825061025223759,-2.5117004053999814,-0.3077420482348829,-1.3493676519675109,-0.15228303305123791,-0.09165424739195238,-0.01812688821752273,-0.021937842778793404,0.03281249999999991,-0.09501187648456057,-0.12021136063408187,0.15625,-0.04111797903789294,-0.01959361393323666,-0.006289308176100628,-0.17684379754830182
47,2008-02-02,-0.058070236223808136,-0.11681558948519545,-0.07163773840066634,-0.06681517791581493,-0.052624734614721384,0.3371084152849848,0.4129000462655643,0.4129000462655643,0.4565217391304348,0.4666666666666668,0.5920412632549561,-0.5555909581718089,1.7279669788695058,-1.5936305732484075,0.10663920592694298,-0.16324856439704682,-0.01025641025641022,-0.00841121495327102,-0.010590015128593032,-0.1889763779527559,-0.16741741741741745,0.12162162162162148,0.005745515695067205,-0.031088082901554518,0.025316455696202445,-0.053569560213441385
48,2008-05-03,0.0004363702561467342,-0.20968639367419184,-0.043987663500349,-0.06870417727777811,0.017908724143281818,-0.3567396456302535,-0.6875333679767083,-0.6875333679767083,-0.6865671641791045,-0.6818181818181819,-1.1851468410974078,-5.4500119493348205,-1.2393633019457233,18.865611587982837,1.914312301289839,-0.038235294117646916,-0.08186528497409329,-0.09048067860508946,0.013761467889908284,-0.029126213592233,-0.03336339044183945,0.12048192771084355,0.017556081928382206,-0.09549274255156592,0.006172839506172646,-0.15138003463905358
49,2008-08-02,0.04111811912796126,0.06514175505311859,0.0713893160061505,0.10099533872058863,0.02993616569070778,0.07576581050816644,0.3630481831643695,0.3630481831643695,0.3809523809523809,0.3809523809523809,-2.760904842903787,-1.2545604267735988,-1.384863715445583,-0.9318021217317723,0.04479685901643227,-0.20540265035677885,-0.06395786305492845,-0.0709844559585493,0.030165912518853814,-0.21666666666666667,-0.1399253731343284,0.10752688172043,-0.01081747227166907,-0.054054054054054064,-0.018404907975460016,-0.032567632116027645
50,2008-11-01,0.013414217888639612,0.05615046070561625,0.08630999227787782,0.09566389691870936,-0.014596706650527924,0.09468580097704038,-0.28792766291721683,-0.28792766291721683,-0.27586206896551724,-0.27586206896551724,-0.1615721978571032,0.053023909985935314,-0.01999095886282587,-2.3564545934530097,-0.05815954045105976,-0.16292495189223855,-0.16077170418006426,-0.1639709983268265,-0.01610541727672044,-0.18723404255319154,-0.12039045553145344,0.09708737864077666,-0.027685492801771905,-0.16785714285714282,0.006250000000000089,-0.03604291036401985
51,2009-01-31,-0.003927627764569563,0.01958271723010263,-0.05449911782003525,-0.049338166743174594,0.017494894584360043,0.20115352582635304,-0.2317388038681813,-0.2317388038681813,-0.23809523809523805,-0.2857142857142857,1.4864857706620054,-0.5278649659409643,0.06714161242376092,-7.836228287841191,0.4221435717783779,-0.3095785440613027,-0.3836206896551724,-0.3835890593729153,0.016369047619047672,-0.2984293193717277,-0.18865598027126995,0.08849557522123908,0.021497722095672026,-0.35729613733905585,-0.0434782608695653,0.07245297075805546
52,2009-05-02,-0.02565545436212491,-0.028096122694003082,-0.1348934904308161,-0.19258617642739628,0.01734454387447837,-0.3243047190445538,-0.328862546210015,-0.328862546210015,-0.3125,-0.2666666666666666,-1.0754359242019151,-0.15951766328370875,-0.09283896066471352,-1.3881356535354614,-0.11521267920446532,0.33407325194228643,-0.13286713286713292,-0.12770562770562766,0.014641288433382194,0.31343283582089554,1.1246200607902734,0.08130081300813008,0.04418118466898946,-0.11352253756260433,-0.012987012987012991,0.20375998610628687
53,2009-08-01,0.05070671202641308,0.1468633250311333,0.12635804154413988,0.22409206230790807,0.025383858748351917,0.07452784867627682,0.3006782901625165,0.3006782901625165,0.2727272727272729,0.2727272727272729,-7.71208698107879,-1.0012622012790309,-0.07507412113511225,-2.493646282204089,0.19449531645841645,0.178036605657238,-0.20788530465949814,-0.2047146401985112,0.023088023088023046,0.15909090909090914,0.3326180257510729,0.07518796992481191,-0.024025627335824917,-0.19020715630885127,-0.019736842105263164,-0.0630838593327322
54,2009-10-31,0.04257742820275845,0.0610882036137721,0.05947929252465967,0.060226854906543226,0.03636272099938975,0.13893940960711434,1.0705235895282097,1.0705235895282097,1.0714285714285712,1.0,-0.3216577258861891,-221.33333333333331,1.4198626216370922,-0.8485071695148301,0.024667025144773813,0.1652542372881356,0.10407239819004532,0.1138845553822152,0.03385049365303239,0.14215686274509798,0.451959205582394,0.06993006993007,-0.006017505470459428,0.13255813953488382,-0.013422818791946291,0.000808438558669522
55,2010-01-30,0.020153556358389668,0.06631446605241709,-0.02265443946329304,-0.02860352924130105,0.036244875451731495,0.2977641055220426,0.0027890937980696857,0.0027890937980696857,-0.0344827586206895,0.0,2.738036904946503,1.832223903177005,-0.026091070372560643,13.696677471636953,0.3537962126636012,-0.012121212121212088,0.15368852459016402,0.16106442577030802,0.0300136425648021,-0.0472103004291845,-0.1138632162661738,0.065359477124183,0.015822784810126445,0.16016427104722794,0.0,0.09770358118244404
56,2010-05-01,-0.07621455577443659,-0.1037042749543714,-0.16224619436735987,-0.2076096392023572,-0.04571379338961823,-0.32153365926730704,-0.8158923875665836,-0.8158923875665836,-0.8214285714285714,-0.8214285714285714,-1.1031999535396946,-0.3258372950162919,1.9759302438550472,-1.8751854077868515,-0.22871779353276844,0.07607361963190185,-0.07637655417406762,-0.07237635705669487,-0.02913907284768213,0.045045045045044814,-0.0967876512307051,0.061349693251533825,0.0329134498171475,-0.07964601769911518,0.006802721088435382,0.13112800925114776
57,2010-07-31,-0.06353160961730264,-0.07953411268025745,0.006142912294996306,0.02213842222853124,-0.08521685098552334,-0.012056962361229662,-0.11527192821827505,-0.11527192821827505,0.0,0.0,-3.0807138837527126,-0.9695745186593772,0.3048847174046112,-0.308749314835466,-0.2049850627476697,-0.1812998859749144,-0.10673076923076917,-0.10273081924577364,-0.038199181446111896,-0.15517241379310345,-0.11547344110854507,0.06358381502890187,-0.0230789404668239,-0.11730769230769222,0.0135135135135136,-0.09947643979057584
58,2010-10-30,0.03212461676279932,0.2338839086798967,0.07658682291986874,0.10970153309220887,0.016904331671492526,0.1534991450525094,2.4175721825520027,2.4175721825520027,2.4,2.4,0.9560698554980296,-321.9869791666667,-0.8703660847755519,-2.8707572277516498,0.4823523052807957,0.023676880222841312,-0.17115177610333687,-0.1681159420289856,0.01560283687943276,0.06632653061224493,0.16292428198433415,0.0597826086956521,-0.014765100671140785,-0.1895424836601308,0.026666666666666616,0.11191000412825104
59,2011-01-29,-0.015256211749472559,-0.0114368975679231,0.04152292060491503,0.05516076199389497,-0.035833564074091995,0.2043760071429808,1.635598352713178,1.635598352713178,1.5882352941176467,1.5882352941176467,1.4988642424002998,-1.6704987059768457,5.43626363022291,-0.8206205055249157,0.0583694661329317,0.060544217687074964,0.2961038961038962,0.2874564459930313,-0.030726256983240163,0.04306220095693791,0.2730130220026943,0.3128205128205128,-0.020844686648501483,0.27419354838709675,0.012987012987013102,-0.06311685900807529
60,2011-04-30,-0.02535109079903275,-0.06170502635365849,-0.1192092670633188,-0.16731255656371102,0.011393183629875958,-0.3265230135554532,-0.6745674303177922,-0.6745674303177922,-0.6590909090909092,-0.6818181818181818,-1.1548849893289068,0.6117974469114889,-0.8374113554925862,-6.239964147971102,-0.28898595401689353,-0.01731879409878123,0.15230460921843705,0.1447902571041948,0.010086455331411948,0.013761467889908063,-0.2388007054673722,0.04296875,0.037567830805621316,0.14345991561181434,0.0,0.1268121924639214
61,2011-07-30,0.01864503164809106,0.04827654424956651,0.07221051185513683,0.1224504330431928,0.00038273968432389616,0.1085057795597495,-0.3055957634598411,-0.3055957634598411,-0.3333333333333333,-0.2857142857142857,0.16844012350404447,-0.8712304908901184,0.0195951865000692,-0.5575016198004406,-0.17984991615192092,-0.07963446475195822,0.06521739130434767,0.061465721040189214,0.0,-0.0904977375565612,-0.1830398517145505,0.041198501872659055,-0.017835590720128747,0.053505535055350606,0.006410256410256388,-0.06605902523372709
62,2011-10-29,0.02354672001422986,0.043890745805057474,0.056845139785592025,0.09395241826026512,0.011379040181069831,0.2310526962289645,1.6654634195942857,1.6654634195942857,1.7000000000000002,1.7000000000000002,-1.8057654509718282,-0.498338483064187,0.6880709053088541,-0.8943996064145064,-0.023157007852576017,-0.1574468085106382,0.11999999999999987,0.1146993318485523,0.01854493580599148,-0.15920398009950246,-0.20703346568349398,0.039568345323741205,-0.011878754778809395,0.08581436077057791,0.025477707006369418,-0.04578403991590052
63,2012-01-28,0.02112065626354398,0.06770959023619194,0.0114432384307932,0.02232258812908361,0.024815882627797103,0.2535398027952962,-0.021801743376504423,-0.021801743376504423,-0.03703703703703709,-0.03703703703703709,6.787808976582828,-9.31946542707728,-0.4751406375569247,-38.63294509151415,0.8921253589422642,0.20370370370370366,-0.20043731778425644,-0.19780219780219774,0.019607843137255054,0.18343195266272194,0.07653791130185983,0.03806228373702414,0.0035926488876605327,-0.22580645161290325,0.03726708074534146,0.044396211523283435
64,2012-04-28,-0.017608142702334684,-0.021364859322960728,-0.1648653153566526,-0.21504633683686025,0.03788683496006296,-0.3103727054157033,-0.2259379143592544,-0.2259379143592544,-0.23076923076923075,-0.23076923076923075,-0.9558779003198312,-1.1115115450697732,-0.3999387536365029,-1.0179861522544589,-0.008480359115830116,0.11888111888111876,0.054694621695533296,0.062266500622665026,0.030219780219780112,0.10000000000000007,0.3807308970099668,0.03666666666666663,0.05645050254715689,0.0395833333333333,0.0239520958083832,0.2467724667800237
65,2012-07-28,0.03257582240515289,0.06863754294707625,0.12232435790196015,0.21259753441790447,0.005360648636445031,0.028629120294593413,-0.5206942590120159,-0.5206942590120159,-0.5,-0.55,0.6977441236788138,1.7153952148315168,0.33843667602279504,1.8459521468371023,-0.024341117650604205,0.213125,-0.023336214347450257,-0.017584994138335253,0.002666666666666595,0.17727272727272705,0.1256015399422521,0.03536977491961424,-0.02632607845692692,-0.024048096192384797,0.005847953216374213,-0.11872711200909206
66,2012-10-27,-0.07365219351128571,-0.11037139527785024,0.09809618197367254,0.1493337203335805,-0.13179190673248498,0.2307673588578845,3.131392232091238,3.131392232091238,3.0,3.333333333333334,6.253949080096637,-0.21838815334225212,17.51588713777326,7.7178394564090755,-0.21749605287920734,0.12519319938176188,0.18141592920353974,0.17183770883054894,-0.13829787234042545,0.11969111969111967,0.13852073535699014,0.5,-0.06277606746084853,0.13552361396303916,0.03488372093023262,-0.2259700808161862
67,2013-02-02,-0.0420482310885244,-0.04679376083188913,-0.02674129579556084,-0.0171274729536548,-0.0486019082699749,0.21560479539178407,0.20567881131691435,0.20567881131691435,0.22499999999999987,0.20512820512820507,0.8235554075345537,7.547895886206692,-0.39699209928406204,-0.7650897657767151,-0.06529302364861768,-0.08562271062271065,0.2749063670411984,0.2627291242362526,-0.029320987654321007,0.0620689655172415,-0.20240330454374766,0.04554865424430643,-0.0068551842330762955,0.20795660036166352,0.04494382022471921,-0.030175126809581895
68,2013-05-04,-0.050686966737336525,-0.09212997022245573,-0.14012294668197267,-0.2036398089478828,-0.01151502595425602,-0.3860082862319332,-0.7048197855997299,-0.7048197855997299,-0.7142857142857142,-0.7021276595744681,-1.1358672937176657,-0.7418230026169154,-0.7195041435206265,2.5413339331908666,-0.2473763501263948,0.024536805207811874,-0.00235017626321965,-0.01774193548387093,-0.0031796502384738856,0.05519480519480524,-0.16242937853107342,0.0,0.041271210813919934,-0.040419161676646616,0.021505376344086,0.1400320684126135
69,2013-08-03,0.06780924798625597,0.036056129329754986,0.25329025328373045,0.33895746611548816,-0.002859687273480405,0.070401205633156,-0.2996139548184158,-0.2996139548184158,-0.2857142857142857,-0.2857142857142857,-1.7547823389515045,0.2388810141477895,-0.5810640801915506,-0.6983818204916471,-0.09913746982449267,-0.06891495601173027,0.05889281507656064,0.03119868637110001,-0.0031897926634768536,-0.06461538461538463,-0.017425519955030833,0.023762376237623783,-0.0661510841044054,0.006240249609984261,0.02631578947368429,-0.22624070725336556
70,2013-11-02,0.03370681737108061,0.01851148343268316,0.1231150635309466,0.15847280222203586,-0.009108786190269336,0.17872910287592814,0.27095029090537914,0.27095029090537914,0.30000000000000004,0.30000000000000004,1.8327282690595248,0.0182846534119121,0.18424876489392614,-1.2394503382736202,0.02635085808313153,-0.1280839895013124,-0.228587319243604,-0.24363057324840756,-0.009599999999999942,-0.125,-0.13615560640732272,0.025145067698259197,-0.041407867494824065,-0.2310077519379845,-0.02051282051282055,-0.12079113650134166
71,2014-02-01,-0.07930172828878645,-0.15568951504895956,-0.1844226779758935,-0.2283914964426129,-0.022244319444223226,0.21509497786668685,-0.5779624944785768,-0.5779624944785768,-0.5384615384615385,-0.5384615384615385,0.8937492443477209,0.3669917320330718,-0.0941513292433538,6.107409850483728,0.1824778990866085,-0.11860325105358215,-0.4981975486661861,-0.5,-0.027463651050080858,-0.10902255639097748,0.15430463576158934,0.024528301886792336,0.06201789571120031,-0.4939516129032258,-0.010471204188481686,0.09421609648043328
72,2014-05-03,-0.02496039344479051,-0.07143986313829097,-0.04785543556079142,-0.047513947790256084,-0.014594684516428869,-0.3797401764603675,-0.6321598477640342,-0.6321598477640342,-0.6666666666666666,-0.6666666666666666,-1.0277337964145257,-0.028349436268047982,0.15712479682138336,-2.4112205911924387,-0.21777706697729704,-0.1188524590163934,-0.2816091954022988,-0.28842105263157897,-0.018272425249169392,-0.09704641350210974,0.7211703958691911,0.022099447513812098,0.010604299825682784,-0.2828685258964144,-0.005291005291005346,-0.025147330064330453
73,2014-08-02,0.017061803027707212,-0.031376627980330696,0.08651950692136158,0.1113163540432156,-0.01332366828582321,0.0997726460196029,0.5036213140196586,0.5036213140196586,0.5,0.5,-8.823204419889503,0.1901265701562576,-0.005852973310441656,-0.286768090843326,-0.1985694188874546,-0.13720930232558134,-0.2220000000000001,-0.22189349112426027,-0.013536379018612488,-0.12149532710280385,0.19666666666666652,0.02342342342342341,-0.029897944516314445,-0.2277777777777777,0.010638297872340495,-0.12838024919243185
74,2014-11-01,0.05476646383672978,0.12136544705317265,0.1933509576832524,0.24259815502434126,-0.01199456364042062,0.2022178596809716,0.5542749010837777,0.5542749010837777,0.6666666666666667,0.6666666666666667,2.095162429378531,-0.1363508348420841,-0.010754376324672243,-1.2738086090577985,0.06784120505048974,0.1338724168912846,-0.3419023136246786,-0.3460076045627376,-0.012006861063464935,0.14893617021276606,0.4646239554317548,0.021126760563380254,-0.06326863238998381,-0.3525179856115108,0.005263157894736858,-0.0975751800084711
75,2015-01-31,-0.04241588377898864,-0.04398875777251021,-0.14522763011544515,-0.1599104085960903,0.017405982787724428,0.2546711304123892,5.818815716657444,5.818815716657444,5.4,5.4,0.944774019356188,-0.4619708686605174,0.0900650690366609,6.310546107649998,0.4644475743907004,0.05150554675118868,1.76171875,1.7441860465116281,0.013888888888888841,0.06481481481481466,0.5774058577405858,0.02241379310344826,0.062480227776020136,1.7222222222222223,0.010471204188481577,0.13798767967145786
76,2015-05-02,-0.014230588812121803,-0.03466990375210688,-0.05349790545658173,-0.06601059044681579,0.004965141356056524,-0.3473731938987902,-0.5283891702376315,-0.5283891702376315,-0.53125,-0.53125,-1.0622351060553472,0.2358866312629877,0.06617165319938856,-1.643291465774038,-0.20401902132228866,0.2004521477015826,0.3154172560113153,0.31144067796610164,0.0034246575342467,0.18695652173913047,-0.5426814564745599,0.021922428330522825,0.019353878219443118,0.2897959183673471,0.015544041450777256,0.03356189101407425
77,2015-08-01,0.052278270642530884,0.07367743901800639,0.1273828824985066,0.14775600063434613,0.01769941636364436,0.13996454711802375,0.1448976079848563,0.1448976079848563,0.13333333333333353,0.13333333333333353,-5.732306967245307,-0.11758249457042105,-0.2921275433565479,-1.0045709511874923,0.0011715870262796189,0.06842435655994983,0.2516129032258065,0.2455573505654283,0.017064846416382284,0.06227106227106227,-0.18402320063274455,0.01980198019801982,-0.03286110705418421,0.2278481012658227,0.010204081632652963,-0.06454509177972867
78,2015-10-31,0.07250673073481617,0.13800157100679875,0.14134166258782122,0.17474357098735327,0.03739883569905245,0.15254543356892405,1.2279272508642718,1.2279272508642718,1.2352941176470589,1.2352941176470589,0.8019320464089499,-0.1999417773778648,1.0262840607668196,92.5430809399478,0.10946255614287016,-0.02937720329024673,0.4604810996563575,0.4643320363164721,0.04194630872483218,-0.04482758620689653,-0.22649434571890134,0.02103559870550153,-0.032618544246451275,0.46391752577319606,0.005050505050504972,-0.03124666737762605
79,2016-01-30,-0.14598196029739874,-0.3112990278450836,-0.17344447015236608,-0.19798043044713853,-0.1305718394440296,0.2032006197555796,0.1024665371329878,0.1024665371329878,0.10526315789473673,0.07894736842105265,0.6491741969952376,0.4112335020343356,4.643793883136975,-3.8763223267368185,-0.2837908547130944,-0.09564164648910413,0.12294117647058812,0.11514614703277234,-0.0628019323671497,-0.12996389891696747,-0.3880534670008354,0.02060221870047552,0.01795192007492985,0.08978873239436602,0.020100502512562683,-0.1412923822104799
80,2016-04-30,-0.009893031212358405,0.008228097459823669,-0.07467327544707325,-0.09747197432723287,0.02466482019753169,-0.32230328767222394,-0.5046141042273518,-0.5046141042273518,-0.4761904761904762,-0.4634146341463414,-0.8331676310909537,-0.4118088273210979,-0.8772203572814223,-0.7953323629306162,-0.08109833235281683,0.0006693440428380272,0.068098480880042,0.06354249404289103,0.02405498281786933,0.0663900414937757,-0.08054607508532419,0.01863354037267073,0.03496396258242607,0.03877221324717284,0.024630541871921263,0.1171078777001473
81,2016-07-30,0.06069801590682423,0.13285124505194526,0.1422056001294827,0.19127282633110787,0.021432125260371304,0.09764670089776573,0.02757189445597397,0.02757189445597397,0.04545454545454541,0.04545454545454541,1.3936857611570526,0.4536941101458516,-0.15923610634059215,-1.4247309278839315,0.03748493572576317,0.046822742474916364,0.051495831289847915,0.046303211351755184,0.015100671140939603,0.023346303501945442,-0.015590200445434356,0.01981707317073189,-0.037042524818491684,0.02799377916018675,0.01923076923076916,-0.04905898554050947
82,2016-10-29,0.07639553315993264,0.13389912359798073,0.09748629786889483,0.12907522300518925,0.06503380143711768,0.1434668864591766,0.8215041354106558,0.8215041354106558,0.7826086956521738,0.7826086956521738,0.4194721456844344,0.2954850736039913,-0.5947381322003431,3.882004911810672,0.17638968435148072,0.15079872204472844,0.01539179104477606,0.017130620985010614,0.06446280991735542,0.1330798479087454,0.09502262443438902,0.017937219730941534,-0.010617018002769707,0.0015128593040845126,0.014150943396226356,0.004284076509986079
83,2017-01-28,-0.02188154992483016,-0.038021068496630665,-0.1114221156506502,-0.12275462399556568,0.027824328475374527,0.16652721800450565,-0.2790258711721225,-0.2790258711721225,-0.24390243902439024,-0.2682926829268293,0.6035590414630301,0.14670531973422496,1.17258064516129,0.9881096654700112,0.2981002307425935,-0.07384786229872298,-0.1428571428571429,-0.13473684210526304,0.026397515527950333,-0.1308724832214766,-0.09573002754820924,0.0190895741556536,0.05085536547433889,-0.11027190332326277,-0.027906976744186074,0.0966113914924296
84,2017-04-29,-0.0838449283654763,-0.15263268270328634,-0.10858325073388098,-0.1482270552044117,-0.07197263087461159,-0.3056835021499281,-0.5379798978414896,-0.5379798978414896,-0.5483870967741935,-0.5333333333333332,-0.9342026028929226,-0.25917587791330665,4.734502598366741,-2.764497504198008,-0.4052053151899169,-0.13369304556354922,-0.07984994640943187,-0.0770478507704786,-0.04387291981845687,-0.15444015444015444,-0.051028179741051005,0.018731988472622474,0.013023531152878576,-0.07640067911714776,0.0,-0.005204909051062856
85,2017-07-29,0.03253136647046606,0.07007327753276282,0.09063106419312272,0.12218758841725096,0.005748416859518103,0.10858111194535304,-0.15850372483753372,-0.15850372483753372,-0.14285714285714302,-0.14285714285714302,2.9701158012700786,0.15939321476610369,-0.7787766000485477,-0.7872516556291391,-0.14493532329471526,-0.1301038062283736,-0.10774606872451943,-0.10193321616871708,0.004746835443037778,-0.09132420091324199,-0.0658105939004816,0.01697312588401689,-0.026004382761139592,-0.10845588235294112,0.009569377990430672,-0.04642837473150852
86,2017-10-28,0.06846671723032904,0.13831262198890082,0.13621660284970027,0.17131585526566684,0.03459933700910533,0.13720329119289754,2.0011772461857222,2.0011772461857222,2.0,2.0,2.1727512231840422,0.05003759802341823,-0.1252697414139936,-2.990532798186219,0.33739964062775885,-0.01670644391408116,-0.06657963446475201,-0.06555772994129161,0.03307086614173227,-0.02010050251256279,0.0945017182130583,0.018080667593880276,-0.03164841757912107,-0.07216494845360832,0.004739336492891154,-0.02818528358553773
87,2018-02-03,0.008065912597542413,0.041192760360003966,-0.10814446405389444,-0.12231206135590765,0.07186388571516987,0.2793427547783136,0.4742441121553984,0.4742441121553984,0.4722222222222223,0.4166666666666667,0.5297004744958482,-0.2514424847567214,-0.4177538049841111,1.4024688697686587,0.6060956715218211,0.2944983818770228,0.2272727272727273,0.23246073298429315,0.07012195121951215,0.2512820512820513,0.3649921507064364,0.01775956284153013,0.06319702602230493,0.1955555555555557,0.03301886792452824,0.1863187923451799
88,2018-05-05,-0.047017777222317925,-0.09698615427503532,-0.08075017295205457,-0.10390523081235148,-0.03160914700218398,-0.33023065410186025,-0.5750335256178292,-0.5750335256178292,-0.5660377358490566,-0.5686274509803921,-0.8643408974147708,0.8372830394970616,5.052495511669659,-1.7938764527247801,-0.2995868118265141,0.193125,0.051851851851851816,0.0569243840271878,-0.02564102564102555,0.11475409836065588,-0.0287521564117309,0.01879194630872472,0.016171328671328755,0.05390334572490696,0.0,0.007715044336455978
89,2018-08-04,0.06923220911033122,0.14004637569803655,0.12728710511085262,0.16838851528504795,0.04405900043151245,0.17241643285647812,0.5110070374915474,0.5110070374915474,0.4782608695652175,0.5454545454545456,3.444694533762058,0.1094068464822886,-0.8030042358301397,-1.2713355338019416,0.11605799102519845,0.19643792561550555,0.1457204767063922,0.15192926045016095,0.039473684210526334,0.2279411764705881,0.11782119597394902,0.017127799736495364,-0.023512544802867352,0.14462081128747786,0.009132420091324313,-0.02426050211285113
90,2018-11-03,0.07063788768763346,0.12675813375055167,0.16249161261462766,0.19512420770835792,0.027634170701194668,0.04026934672950189,0.41667081033596864,0.41667081033596864,0.4117647058823528,0.4117647058823528,-0.2669865843561857,0.1070657494200158,1.9663916159730168,-2.2923086074594017,-0.13438615374147134,0.10770577933450087,0.05579196217494098,0.05792044661549189,0.03234880450070321,0.06586826347305386,-0.06302966101694908,0.0181347150259068,-0.04008221993833505,0.07241910631741133,-0.013574660633484116,-0.057217098894380085
91,2019-02-02,-0.03941696164789788,-0.06872914938387209,-0.10239042663285093,-0.10623786331810914,-0.006065251827217954,0.2396037887550848,-0.10885436166229877,-0.10885436166229877,-0.10416666666666664,-0.10416666666666664,1.3363452934467936,-0.29155108715401856,1.0784958681042007,-2.230333716915996,0.1910087468557056,-0.20750988142292487,-0.0712046574115539,-0.07453825857519791,0.016348773841961872,-0.2331460674157304,-0.26851328434143595,0.011450381679389388,0.03472009788926278,-0.06752873563218388,-0.009174311926605559,0.041990920881971316
92,2019-05-04,0.7103029456051293,-0.0914214821845194,2.269773944786083,0.19746242939675107,-0.03557440264687717,-0.28766218265727583,-0.4649721667892028,-0.4649721667892028,-0.4418604651162791,-0.4651162790697674,-0.9637700886151996,-1.177102212495298,-0.5443986402000625,-1.5361031089827528,-0.08597785977859773,0.09476309226932657,-0.0033751205400193163,-0.16678545972915182,-0.03351206434316356,0.07692307692307687,0.1537867078825348,0.017610062893081757,-0.4362158167036215,-0.012326656394452962,-0.15740740740740744,-0.2412737928530677
