,Quarter end,Assets,Current Assets,Liabilities,Current Liabilities,Shareholders equity,Revenue,Earnings,Earnings available for common stockholders,EPS basic,EPS diluted,Cash from operating activities,Cash from investing activities,Cash from financing activities,Cash change during period,Cash at end of period,Price,ROE,ROA,Book value of equity per share,P/B ratio,P/E ratio,Cumulative dividends per share,Equity to assets ratio,Net margin,Asset turnover,Current ratio
0,1994-03-31,0.003403422321240024,0.008979252799294013,0.0053976085654552355,0.004172621795181852,-0.0019539865378791488,-0.0938203247580106,-0.3214103586699269,-0.3214103586699269,-0.32530120481927705,-0.1325301204819277,-0.7757380826105057,1.4343977364591756,-1.2436331168033292,-2.315940863540765,-0.5681038281281294,-0.10585786500148686,0.05190592051905929,0.056716417910447785,-0.002199736031676225,0.0,-0.09200805910006726,1.0,-0.005528934758569859,0.0417112299465241,0.0,0.004803073967339033
1,1994-06-30,0.003403422321240024,0.008979252799294013,0.0053976085654552355,0.004172621795181852,-0.0019539865378791488,-0.0938203247580106,-0.3214103586699269,-0.3214103586699269,-0.32530120481927705,-0.1325301204819277,-0.7757380826105057,1.4343977364591756,-1.2436331168033292,-2.315940863540765,-0.5681038281281294,-0.10585786500148686,0.05190592051905929,0.056716417910447785,-0.002199736031676225,0.0,-0.09200805910006726,1.0,-0.005528934758569859,0.0417112299465241,0.0,0.004803073967339033
2,1994-09-30,0.0,0.0,0.0,0.0,0.0,0.0,0.0,0.0,0.0,-0.1325301204819277,0.0,0.0,0.0,0.0,0.0,-0.006318589956767595,0.05190592051905929,0.056716417910447785,0.0,0.0,-0.09200805910006726,0.0,0.0,0.0417112299465241,0.0,0.0
3,1994-12-31,0.012819277363161907,-0.002889154659647009,0.013686495125188712,0.19453132935210915,0.01047232365655737,0.0,0.0,0.0,0.0,-0.1325301204819277,0.0,0.0,0.0,0.0,0.9435478884560689,0.0,0.05190592051905929,0.056716417910447785,0.006613756613756515,0.0,-0.09200805910006726,0.0,-0.002223869532987366,0.0417112299465241,0.0,-0.16527246653919692
4,1995-03-31,0.0034074986098824307,-0.7552608865977128,0.00048349443863826563,-0.8097023304692116,0.011345909689500113,0.05013188112086708,0.4244698582756064,0.4244698582756064,0.4285714285714286,-0.1325301204819277,3.2573045136681498,-0.2845346217919981,-4.041725506018425,-1.5789362352222251,0.3918175166226576,0.07295850066934406,0.05190592051905929,0.056716417910447785,0.009636443276390905,0.06060606060606055,-0.09200805910006726,0.5,0.0078008915304605955,0.0417112299465241,0.0,0.28604151753758056
5,1995-06-30,0.012331919341580509,3.6126593499097632,0.018017044865523912,3.914140864434452,-0.002936914203906405,-0.07825831521520388,-0.3474602637808589,-0.3474602637808589,-0.35,-0.1325301204819277,-1.0035629276334457,0.09176845541536773,-2.017094631191484,0.6929197791490744,0.476582321881643,0.04491578290704923,0.05190592051905929,0.056716417910447785,-0.004772234273318854,0.03571428571428581,-0.09200805910006726,0.3333333333333333,-0.01511242167342419,0.0417112299465241,0.0,-0.061338083045753174
6,1995-09-30,-0.016350067553563497,-0.07407855452702272,-0.026377328522868226,-0.10766322739634683,0.01114662972772229,0.16704281330103532,0.5978357760318413,0.5978357760318413,0.596153846153846,-0.1325301204819277,-397.3587594300084,0.032713591338727754,-2.9702652328190973,-1.8507673860911271,-0.274594033963374,0.046567164179104566,0.05190592051905929,0.056716417910447785,0.009154315605928387,0.055172413793103565,-0.09200805910006726,0.25,0.028068862275449025,0.0417112299465241,0.0,0.037594876660341565
7,1995-12-31,0.012904123706743542,0.04659225801635003,0.015402674936131788,0.06146670159031031,0.006306872633821348,-0.06430461011297173,-0.1474934481953346,-0.1474934481953346,-0.15662650602409645,-0.1325301204819277,-0.4710651868645,0.16123388518775172,-0.7390245516876183,-0.6119739549567325,-0.14688276906989894,0.0912721049629206,0.05190592051905929,0.056716417910447785,0.004319654427645814,0.07843137254901955,-0.09200805910006726,0.2,-0.006552602839461352,0.0417112299465241,0.0,-0.014058749571379536
8,1996-03-31,0.0052511268652253315,0.1012798728544546,3.1740526814871835e-05,0.060370004344449724,0.0191571216711568,0.0647889161789188,0.369756275728776,0.369756275728776,0.37142857142857133,-0.1325301204819277,0.6519731318219983,-0.4816633284293741,1.2824834874504625,-8.951910504140637,1.3690951160027516,0.10925248301097756,0.05190592051905929,0.056716417910447785,0.017204301075268713,0.10909090909090913,-0.09200805910006726,0.16666666666666674,0.013924514474166427,0.0417112299465241,0.0,0.03860421980060291
9,1996-06-30,-0.008022366842184825,-0.03293285953578029,-0.01275037897159115,-0.0750391575511834,0.0043380706110469625,-0.07698080289580644,-0.3741195031442348,-0.3741195031442348,-0.375,-0.1325301204819277,-0.658474012222424,0.3772868720719489,-0.5402861376053338,-1.72174921893556,-0.4170973651284704,-0.041234684260131986,0.017733230531996824,0.031073446327683607,0.0021141649048626032,-0.06010928961748641,-0.09200805910006726,0.1428571428571428,0.012287676183592387,0.012320328542094305,0.0277777777777779,0.04554079696394675
10,1996-09-30,-0.010781796091984376,-0.06442285473159659,-0.020886271498402945,-0.15203323750738773,0.015184863266894276,0.059589233236802874,0.4407540873022917,0.4407540873022917,0.45,-0.1325301204819277,2.0492169229678976,0.14622438507630675,1.915620058616765,-1.0289847735010822,0.02074012353505905,0.021381174735807473,0.0030303030303029392,0.013698630136986356,0.013080168776371305,0.01744186046511631,-0.005177514792899407,0.12500000000000022,0.026419136022848955,0.02028397565922924,0.0,0.10334151809544156
11,1996-12-31,0.012683318215323869,-0.030019072001099656,0.014601841368200754,0.10691121696551042,0.007928243332962381,-0.02582284552505953,-0.18417486015623075,-0.18417486015623075,-0.1839080459770115,-0.1325301204819277,-0.4131613502992273,0.5766159311460259,-0.6914839596668613,-25.08951965065502,-0.4894679869392391,-0.01347449470644857,-0.009818731117824721,0.002702702702702675,0.005830903790087438,-0.02285714285714291,-0.026022304832713727,0.11111111111111094,-0.004869565217391125,-0.001988071570576455,0.0,-0.12375423318819555
12,1997-03-31,0.0012680079571700806,0.03904328129186263,-0.005212950013315454,0.2279188282107996,0.017437469295388475,0.031795393094482316,0.303062796387471,0.303062796387471,0.295774647887324,-0.1325301204819277,0.651515631559354,-0.4291909963133429,1.9540039412396992,-1.5174295295930391,0.4960809190288327,0.014390243902439037,-0.02364607170099153,-0.013477088948787077,0.014906832298136719,0.005847953216374213,0.011450381679389388,0.09999999999999988,0.016427822439706308,-0.007968127490039945,0.0,-0.15382067137809186
13,1997-06-30,0.026476562789794045,0.031233573427666306,0.03516411159758825,0.04423433270985711,0.005284364913962003,-0.07366348339118367,-0.2979972415711455,-0.2979972415711455,-0.3043478260869565,-0.1325301204819277,-0.6417144871478211,3.485425910028161,-2.5834028230513817,-0.7163677130044843,0.0940487668877712,-0.018754508295263258,0.003124999999999823,0.00819672131147553,0.00244798041615657,-0.02906976744186052,-0.0067924528301887,0.09090909090909104,-0.0209766162310866,0.01807228915662651,-0.027027027027027084,-0.012397233459480515
14,1997-09-30,-0.004679662626238645,-0.05005682796624766,-0.006281323338979905,-0.08137379963519231,-0.0006564818766261472,0.14602961455926167,-0.2473026853449344,-0.2473026853449344,-0.25,-0.1325301204819277,1.674370352522271,-0.6927694572486982,-1.551117186041279,-1.2979249011857708,-0.025610804956519014,0.07963734378828713,-0.1269470404984422,-0.13008130081300828,-0.002849002849002913,0.07185628742514982,0.06610942249240126,0.08333333333333326,0.004214963119072657,-0.13609467455621305,0.0277777777777779,0.03409090909090895
15,1997-12-31,0.0224567817164536,0.10083243901731588,0.028753644509576626,0.1824558755264805,0.006728839519480445,0.0752231384714841,0.3827332448646099,0.3827332448646099,0.3750000000000002,-0.1325301204819277,-0.4195657886504411,0.5500116441546343,-1.1477541730552892,-0.8814262023217247,-0.003116588751947869,0.10372219700408536,-0.019625334522747617,-0.02180685358255452,0.004897959183673528,0.1061452513966481,0.26015680684248044,0.0769230769230771,-0.015389996502273571,-0.053652968036529636,0.027027027027026973,-0.06900076667518518
16,1998-03-31,0.011017345049570526,0.044461761001649336,0.010669191242300258,-0.01351254719385242,0.011905968356511476,-0.11375236547403135,0.1943781279991117,0.1943781279991117,0.19696969696969704,-0.1325301204819277,0.4616237005609525,-0.39649926755061415,-5.015962606931828,-146.83566433566438,0.4559307397164438,0.02303105079169221,-0.048225659690627865,-0.057324840764331086,0.009341998375304694,0.02020202020202011,0.04242081447963808,0.0714285714285714,0.000710479573712286,-0.045838359469239975,-0.02631578947368418,0.05874279440021945
17,1998-06-30,0.06035287997317362,0.6655989556234571,0.08178131632039243,0.4945753834642723,0.00572606219288252,0.034141817001345,-0.215836797577464,-0.215836797577464,-0.2151898734177216,-0.1325301204819277,-0.31830437476031737,0.3541918217464368,-1.2096317280453257,0.010525306288810654,0.3164501839477438,-0.04080402010050255,-0.0124282982791587,-0.027027027027027084,0.003621730382293853,-0.04950495049504955,0.007596310363537695,0.06666666666666665,-0.051473198438054764,-0.03413400758533513,0.027027027027026973,0.11446720248898125
18,1998-09-30,-0.018862764835518964,-0.2726479648864535,-0.03349140869827971,-0.25763413629846155,0.02124969170310553,0.18212312549329132,0.6544578435689847,0.6544578435689847,0.6451612903225807,-0.1325301204819277,0.191394620231254,-0.17083528665581993,-5.272400307284029,-1.6511340988896268,-0.15652054888272934,-0.0477787091366304,0.20038722168441425,0.1944444444444444,0.01844426623897344,-0.05208333333333326,-0.04038772213247177,0.0625,0.04116766467065869,0.16753926701570698,0.02631578947368429,-0.020239618471559858
19,1998-12-31,0.11483901549342955,0.154458708145927,0.16062891733668505,0.22843094310733325,-0.003988956570340818,-0.22485459791418727,-0.6307015074348015,-0.6307015074348015,-0.6274509803921569,-0.1325301204819277,-0.33120366704562376,8.168351736064919,-13.21877681789576,-1.9142617694213675,0.1696552936562674,0.08516725352112697,-0.09919354838709682,-0.12790697674418605,-0.006299212598425252,0.06593406593406592,-0.10437710437710436,0.058823529411764934,-0.1067577282530554,-0.052690582959641234,-0.10256410256410264,-0.06019233052356654
20,1999-03-31,0.03319772591794723,0.1678929542686487,0.03917502002196227,0.2738980817286465,0.015122537579154828,0.18435035516527765,1.092920108665521,1.092920108665521,1.0789473684210529,-0.1325301204819277,1.1886591611407096,-0.8688063920911415,-1.0528426679794836,3.2644773026184684,0.6186374541145185,-0.11275603325897388,-0.008057296329453845,-0.043333333333333335,0.010301109350237871,-0.10824742268041232,-0.02443609022556392,0.05555555555555558,-0.017303822937625783,-0.02721893491124272,0.0,-0.08324911571500747
21,1999-06-30,0.02270243417784412,0.15250965250965254,0.028853105488005237,0.20425889604931347,0.003662258392675533,-0.03010625737898465,-0.4172185430463576,-0.4172185430463576,-0.4177215189873418,-0.1325301204819277,-1.2903225806451613,-0.10138248847926268,-4.4683544303797476,-1.355140186915888,-0.13571428571428568,-0.06857142857142863,-0.06498194945848379,-0.09059233449477344,0.0003921568627451855,-0.07514450867052014,-0.06872190109184327,0.05263157894736836,-0.018837018837018826,-0.06812652068126512,-0.02857142857142847,-0.04299297230260435
22,1999-09-30,-0.007237577111769533,-0.052596314907872636,-0.015076018908905087,-0.09097254536993947,0.01763632677883642,0.16494217894096175,0.9772727272727272,0.9772727272727272,0.9565217391304348,-0.1325301204819277,-4.94871794871795,0.00512820512820511,-1.8540145985401462,-1.8421052631578947,0.1322314049586777,-0.12417177914110432,-0.04922779922779919,-0.07662835249042155,0.013720109760877895,-0.1250000000000001,-0.07103448275862068,0.05000000000000005,0.0250417362270452,-0.052219321148825104,-0.029411764705882363,0.04218862491000719
23,1999-12-31,0.05137488991095029,0.13719943422913716,0.06901024776235576,0.1952905042231892,-0.002788844621513964,-0.1300940438871473,-0.3850574712643679,-0.3850574712643679,-0.4,-0.1325301204819277,-0.8506493506493507,0.5612244897959184,-2.2649572649572653,0.84375,0.21532846715328469,-0.0700476323900252,0.0629441624365481,0.04564315352697101,-0.002706883217324041,-0.08571428571428563,-0.025983667409057217,0.04761904761904767,-0.05130293159609123,0.03581267217630857,0.0,-0.04849405913235705
24,2000-03-31,0.019266567386448274,0.11162935323383084,0.0271811673340614,0.09850107066381164,-0.006791849780263704,0.0486486486486486,-0.028037383177570097,-0.028037383177570097,-0.01851851851851849,-0.1325301204819277,3.1739130434782608,-0.3562091503267973,-1.2027027027027026,-0.4745762711864406,0.0930930930930931,-0.08285628201265427,-0.0936007640878701,-0.11111111111111116,-0.006591702210158923,-0.07812500000000011,-0.1371951219512194,0.045454545454545636,-0.02575107296137347,-0.09707446808510643,0.0,0.011906490489327792
25,2000-06-30,0.8445347456853256,1.577902097902098,0.8987005316007088,1.4707602339181287,0.6600965406275141,0.8144329896907216,-1.0865384615384617,-1.0865384615384617,-1.0566037735849056,-0.1325301204819277,-0.6979166666666667,2.4060913705583755,-4.65,-12.774193548387096,-0.1428571428571429,0.1159658344283836,-0.31822971548998946,-0.3571428571428572,0.00039032006245109935,0.12711864406779672,0.23498233215547715,0.04347826086956519,-0.09999999999999998,-0.3475699558173785,0.0,0.04333476825943472
26,2000-09-30,0.002945617465778927,-0.06629774305555558,-0.0013687976357131815,0.00662721893491125,0.01974800096922702,0.23768939393939406,-40.888888888888886,-40.888888888888886,-38.00000000000001,-0.1325301204819277,0.7586206896551724,-0.4560357675111774,-0.2009132420091324,-0.9369863013698628,-0.054487179487179516,0.02943773918163095,0.3013910355486864,0.25694444444444464,0.01989855637924309,0.022556390977443552,0.2896995708154506,0.04166666666666674,0.01664219285364643,0.20541760722347635,0.03030303030303028,-0.07247971393205888
27,2000-12-31,0.34626585714990865,1.5602556653108657,0.4483660945141896,1.1214044987851717,-0.04312700487109422,0.23922468757969906,-1.5208913649025069,-1.5208913649025069,-1.3693693693693694,-0.1325301204819277,5.372549019607844,0.4273972602739726,-2.5885714285714285,-9.347826086956523,0.4813559322033898,0.2170431798684589,-0.5724465558194775,-0.6243093922651934,-0.04322876817138477,0.1985294117647056,0.09816971713810307,0.040000000000000036,-0.2893596533461723,-0.6348314606741573,0.02941176470588225,0.20685053380782906
28,2001-03-31,-0.1400234655716066,-0.35391039898325083,-0.1643437862950058,-0.2964495511139026,0.0003724857213807109,-0.4011113397818481,-2.4224598930481283,-2.4224598930481283,-3.024390243902439,-0.1325301204819277,-0.401025641025641,-0.6046065259117083,0.9172661870503598,-1.84375,-0.3707093821510298,0.026080827067669118,0.452777777777778,0.3823529411764708,0.0,0.07361963190184051,0.8378787878787879,0.03846153846153855,0.1639566395663956,0.4820512820512819,-0.05714285714285705,-0.08158250399311939
29,2001-06-30,0.0707098699637605,0.13474778698889978,0.08303091138393426,0.031875229743212774,0.011294526498696776,0.17113402061855676,-0.1278195488721805,-0.1278195488721805,-0.1325301204819277,-0.1325301204819277,-0.9058219178082192,3.6990291262135915,-2.5891181988742966,-0.6111111111111112,-0.2290909090909091,0.10258758873368444,0.5678776290630976,0.47872340425531895,0.011195521791283358,0.10285714285714276,-0.11788953009068424,0.0370370370370372,-0.055878928987194376,0.5363321799307961,-0.06060606060606066,0.09966555183946467
30,2001-09-30,0.0516057100762537,0.11484645864289254,0.03773853941395955,0.11832061068702293,0.028350515463917425,0.14818075117370902,0.8146551724137931,0.8146551724137931,0.8194444444444446,0.8194444444444446,9.145454545454543,-0.7293388429752066,-1.1463990554899646,-3.6507936507936503,0.7877358490566038,-0.061266874350986426,0.09390243902439033,0.02877697841726623,0.028074337682878703,-0.07253886010362688,-0.37414330218068537,0.03571428571428559,-0.022194821208384785,0.0923423423423424,-0.03225806451612912,-0.0031630170316301327
31,2001-12-31,-0.10484863401427512,-0.9483462542344644,-0.10568621613575467,-0.9406934698521048,-0.017901897601145692,-0.22795808842320475,-0.8764845605700713,-0.8764845605700713,-0.8854961832061069,-0.8854961832061069,2.1469534050179213,6.618320610687023,-3.282258064516129,-0.7065868263473054,-0.12137203166226918,-0.041371681415929284,0.3199554069119286,0.3776223776223775,-0.01807692307692299,-0.06703910614525144,-0.11946241911398706,0.034482758620689724,0.0970996216897857,0.511340206185567,-0.09999999999999988,-0.12899682694654624
32,2002-03-31,0.06074321609103017,14.352709140345047,0.07464406432449032,13.67626208411055,-0.005225422287033711,0.03012247600132412,2.480769230769231,2.480769230769231,2.733333333333334,2.733333333333334,-1.0079726651480638,-0.8106212424849699,0.3462897526501767,-1.5510204081632653,-0.08108108108108103,0.0013847219016847045,-0.09121621621621624,-0.10152284263959388,-0.006658832745789378,0.017964071856287456,-0.18485019785189385,0.03333333333333344,-0.062068965517241274,-0.10095497953615283,0.0,0.046097800196160936
33,2002-06-30,0.02003868163419931,0.058193277310924385,0.01922939452426897,-0.03199665394468554,0.024187637429758047,0.14717223650385616,-0.6574585635359116,-0.6574585635359116,-0.6607142857142858,-0.6607142857142858,-8.857142857142858,0.12698412698412698,0.7874015748031495,-14.629629629629632,0.911764705882353,0.011753860336483068,-0.19795539033457246,-0.19774011299435024,-0.02444794952681395,0.01764705882352935,0.1109570041608876,0.032258064516129004,0.004289215686274384,-0.20182094081942334,0.0,0.09308866863112786
34,2002-09-30,-0.1102857813049768,-0.1001919131758322,-0.1384953476410904,-0.09986497434512552,0.03363549618320616,0.09607843137254912,5.854838709677418,5.854838709677418,5.578947368421051,5.578947368421051,0.0,0.0,0.0,-1.2934782608695652,-0.032478632478632474,-0.28132118451025057,-0.002317497103128674,0.042253521126760514,0.03395311236863385,-0.2601156069364161,-0.10861423220973787,0.03125,0.16168395363026256,0.005703422053231932,0.03703703703703698,-0.00024506800637191795
35,2002-12-31,-0.2367299411196063,-0.5512980804589247,-0.24892808683853465,-0.4125765030601224,-0.1848603738749135,0.0071556350626118545,-3.792941176470588,-3.792941176470588,-3.784,-3.784,7.381818181818181,-0.07746478873239437,-0.8179148311306902,-7.074074074074074,1.1572438162544167,-0.27670364500792405,-1.7468060394889662,-1.7702702702702702,-0.18491008600469105,-0.3046875,-0.2570028011204481,0.03030303030303028,0.06775210084033613,0.0,0.1428571428571428,-0.2361809045226131
36,2003-03-31,0.0621743760974065,0.2201278478937878,0.028435162770531486,-0.1672114402451481,0.194365798414496,0.03527023598071555,-1.3706823925863525,-1.3706823925863525,-1.3563218390804597,-1.3563218390804597,-0.15943600867678964,-0.2646310432569975,-0.4758064516129033,-0.16006097560975607,0.4447174447174447,0.08764241893076252,-0.5038880248833593,-0.456140350877193,0.02446043165467615,0.3370786516853932,0.0,0.029411764705882467,0.12444663059517945,0.0,0.15625,0.4650192554557127
37,2003-06-30,-0.041787485433999134,-0.2031166039763568,-0.05333052276559869,-0.23451490248988105,-0.0028446130141045467,-0.10073529411764703,-0.6022727272727273,-0.6022727272727273,-0.6451612903225806,-0.6451612903225806,-0.9703225806451612,0.062283737024221526,-5.676923076923077,-2.0671506352087112,-0.33333333333333337,0.08944399677679282,-0.4357366771159875,-0.3709677419354839,-0.0028089887640448947,0.0672268907563025,0.0,0.016666666666666833,0.040682414698162805,0.0,0.10810810810810813,0.04107338444687847
38,2003-09-30,0.0203625668146723,0.07130815913688471,0.02278631336747572,-0.008492228809485636,0.01259954831807919,0.11992368492777315,0.4685714285714286,0.4685714285714286,0.4772727272727273,0.4772727272727273,31.826086956521745,-0.05863192182410426,-1.2171052631578947,-1.9047619047619049,0.4523809523809523,0.046227810650887546,1.161111111111111,1.2564102564102568,0.00516431924882621,0.04724409448818912,0.0,0.016393442622950616,-0.014712063892391769,0.0,0.07317073170731714,0.08048395581272992
39,2003-12-31,0.018431774716594074,0.05995279307631796,0.045319303338171364,-0.033290239172592107,-0.06855264702429864,-0.3460696033098077,-3.964980544747082,-3.964980544747082,-3.969230769230769,-3.969230769230769,0.0,2.4705882352941178,-5.0,-1.9624060150375942,-0.3079625292740047,0.01237186284906322,-1.3419023136246786,-1.3409090909090908,-0.06912657636618402,0.007518796992481258,0.0,0.016129032258064502,-0.0857508532423209,-0.8563327032136105,-0.09090909090909084,0.09639727361246342
40,2004-03-31,-0.013852601785325548,0.033699524940617565,-0.02450623069179769,0.055165496489468335,0.0248267170762444,0.2433941198362486,-1.3648293963254594,-1.3648293963254594,-1.362694300518135,-1.362694300518135,0.19337748344370853,-0.7467597208374875,1.1818181818181817,-1.138671875,0.06006768189509315,0.14175977653631303,-1.473684210526316,-1.4666666666666668,0.02358253888610129,0.22388059701492516,6.704995287464657,0.015873015873015817,0.039197386840877264,0.0,-0.05000000000000005,-0.02033747779751327
41,2004-06-30,-0.010680281495791366,-0.031021111589832007,-0.014197772479806468,0.018377693282636283,0.0014756517461878005,0.008081412750673422,-0.6402877697841727,-0.6402877697841727,-0.6428571428571428,-0.6428571428571428,-0.5993340732519423,0.2637795275590551,-0.6024305555555556,-3.661971830985916,-0.31524341580207504,-0.05076452599388392,1.4761904761904765,1.5,0.0014705882352941124,-0.07317073170731703,0.0,0.015625,0.012572968118545136,0.0,-0.02631578947368418,-0.04849968271235594
42,2004-09-30,-0.028620843561705026,-0.013191047873128749,-0.044253537395322014,-0.12383322962041066,0.024557956777996104,0.11401425178147262,4.3,4.3,4.36,4.36,1.7783933518005541,-3.1962616822429912,4.606986899563318,-3.2433862433862437,0.4941724941724941,0.022551546391752497,-2.1602564102564106,-2.171428571428572,0.02447381302006857,0.019736842105263275,0.0,0.015384615384615554,0.05498891352549884,0.4605263157894737,0.0,0.12633384146341453
43,2004-12-31,-0.004566078915628102,0.08335836587563827,-0.014766976357730943,-0.11097301136363637,0.0278044103547459,-0.04157782515991471,-0.6584905660377358,-0.6584905660377358,-0.6567164179104478,-0.6567164179104478,-0.6689930209371884,-1.7177304964539006,-0.4641744548286605,-3.0330188679245285,-0.672386895475819,0.051984877126654234,6.303867403314919,6.512195121951219,0.027711419015767014,0.032258064516129004,0.13455657492354733,0.015151515151515138,0.03278688524590168,5.981981981981982,0.08108108108108114,0.2185755371341569
44,2005-03-31,0.012520555058708194,0.034105088035491386,0.026104956491739276,0.10485320551228283,-0.028801305970149294,-0.17046718576195774,0.9613259668508288,0.9613259668508288,0.9565217391304348,0.9565217391304348,1.0271084337349397,-2.5573122529644268,-0.2441860465116279,-2.091647331786543,2.0023809523809524,0.028451632225217294,0.06429652042360035,0.07792207792207795,0.0009298000929800488,0.0,-0.8653369272237197,0.0149253731343284,-0.041107041107041116,0.09806451612903212,-0.025000000000000026,-0.06407052616965159
45,2005-06-30,-0.03299427301478764,0.001474728515886925,-0.04751942618051408,-0.18094721619667387,0.013687117300996476,-0.07039892725444186,-0.3774647887323944,-0.3774647887323944,-0.3555555555555556,-0.3555555555555556,-0.6716196136701338,-1.385786802030457,0.09807692307692316,-1.6950053134962806,-0.5186360031720856,0.030576587070471724,0.09381663113006412,0.12048192771084333,0.011611704598235129,0.024999999999999908,-0.039231385108086436,0.014705882352941124,0.04838709677419351,0.15393654524089315,-0.02564102564102566,0.2227249128532225
46,2005-09-30,0.05943015410000285,0.034002677376171235,0.05545967994979595,0.1944383138380048,0.07142011133483361,0.19004688063469174,0.751131221719457,0.751131221719457,0.7068965517241381,0.7068965517241381,2.1357466063348416,0.5526315789473684,-1.0367775831873904,-1.3700305810397553,0.3986820428336079,0.07629273806159942,-0.1293047433398311,-0.118279569892473,0.04775022956841135,0.06707317073170738,-0.032500000000000084,0.014492753623188468,0.011740890688259231,-0.07942973523421593,-0.05263157894736848,-0.1342957661045736
47,2005-12-31,0.006007342307264407,0.022656654583117497,0.00419918246005202,0.008869179600886845,0.011386248065443194,-0.07424242424242422,-1.3850129198966408,-1.3850129198966408,-1.3737373737373737,-1.3737373737373737,-0.5815295815295816,1.154661016949153,12.285714285714285,-2.851239669421488,-0.5276796230859835,0.0026253609871356165,-0.30000000000000004,-0.2957317073170732,0.01139351446099912,-0.045714285714285714,0.1223083548664945,0.015102040816326491,0.005202080832332756,-0.2566371681415929,-0.05555555555555547,0.013663116591928315
48,2006-03-31,-0.01125179697003209,-0.029750601341942073,-0.02601487621655629,-0.1091575091575091,0.032353262651655834,0.017348608837970625,-3.5570469798657722,-3.5570469798657722,-3.6216216216216215,-3.5945945945945947,1.0344827586206895,-0.255653883972468,-0.8494623655913979,-0.7209821428571428,-0.3117206982543641,-0.051584184341450616,0.0,0.025974025974025983,0.032062391681109366,-0.059880239520958,0.3238679969301612,0.01487736228387604,0.044585987261146716,0.02083333333333326,0.02941176470588225,0.08916845233980775
49,2006-06-30,0.011715364182860231,-0.023355949895615846,0.014323708206686938,-0.062294407894736836,0.004446797247220857,-0.05534105534105538,-0.5406824146981628,-0.5406824146981628,-0.5463917525773196,-0.5416666666666666,-0.07288135593220335,0.095112285336856,5.071428571428571,-0.784,-0.09782608695652173,-0.06874654886802878,-0.08208955223880599,-0.07172995780590719,0.0046179680940385825,-0.09554140127388544,-0.09449275362318844,0.014659270998415241,-0.007240853658536661,-0.06705539358600576,-0.02857142857142847,0.041505362695944514
50,2006-09-30,0.005554941410568226,-0.02765531062124249,0.003820654006068125,0.22692392019294005,0.010435332560345678,0.22411444141689366,0.5142857142857142,0.5142857142857142,0.5227272727272727,0.5227272727272727,0.9670932358318098,0.07117008443908324,-1.6980392156862745,-1.3703703703703702,0.04016064257028118,0.05840498072932121,-0.16608594657375142,-0.15454545454545454,0.006268282490597521,0.04929577464788748,0.13124199743918075,0.014447481452557696,0.004990403071017058,-0.17343750000000002,0.02941176470588225,-0.20748278593626224
51,2006-12-31,0.04402913288443045,0.040670513877438814,0.06399492518377548,-0.02501786990707644,-0.011788024201961234,-0.16972732331663887,-0.3169811320754717,-0.3169811320754717,-0.31343283582089554,-0.31343283582089554,-0.5176579925650557,0.429054054054054,-5.449438202247192,3.2,0.16216216216216206,0.1151260504201681,0.4791086350974929,0.4731182795698927,-0.014534883720930147,0.10738255033557033,0.325410299943407,0.01501154734411081,-0.053475935828877,0.5009451795841209,0.0,0.06735352914039683
52,2007-03-31,-0.0013425645615605664,-0.013731185635067368,-0.0062776180122045,-0.027126099706744844,0.013512086984059923,0.06199731903485261,0.4972375690607736,0.4972375690607736,0.4782608695652175,0.4782608695652175,-0.3236994219653179,-0.5051221434200157,-0.7032828282828283,-2.0,-0.13953488372093026,0.14468726450640546,-0.11393596986817325,-0.12408759124087587,0.008006742520016985,0.16363636363636358,-0.23099914602903504,0.014789533560864545,0.014931396287328537,-0.11460957178841302,-0.02857142857142847,0.01375882437689091
53,2007-06-30,0.033134753268663,-0.0009370816599731936,0.04026821951649895,0.0934438583270536,0.012082074783876571,-0.007257810034711266,-0.3357933579335793,-0.3357933579335793,-0.3382352941176471,-0.3382352941176471,0.7606837606837606,1.3869426751592355,2.37872340425532,1.0714285714285716,-0.3359073359073359,0.038183015141540544,0.0,-0.012500000000000068,0.011287625418060276,0.03125,0.16768461965574666,0.01457399103139001,-0.020278330019880664,-0.009957325746799528,0.0,-0.08633553613302059
54,2007-09-30,0.0067103819559615205,-0.019831167090982205,0.00033925905821674535,-0.15437629221226745,0.02603684264690753,0.2043865225683408,1.2611111111111108,1.2611111111111108,1.2666666666666666,1.2666666666666666,0.06957928802588986,-0.4609739826551034,-0.7846347607052897,-1.2758620689655171,0.13953488372093026,-0.03529909110124718,0.1466524973432517,0.13502109704641366,0.023976849937990874,-0.045454545454545525,-0.03994293865905851,0.01436464088397793,0.019074675324675328,0.1408045977011494,0.0,0.15912272515165649
55,2007-12-31,0.023063665855636684,0.017634996582365003,0.025096656040154645,0.06092094539527304,0.01705115346038122,-0.13539192399049882,-0.4324324324324325,-0.4324324324324325,-0.4313725490196079,-0.4411764705882354,0.14674735249621795,0.22029702970297027,0.2280701754385965,-1.75,-0.09183673469387754,0.03571428571428581,0.03058387395736784,0.03345724907063197,0.01614856681469523,0.010582010582010692,-0.103021297672115,0.014887436456063831,-0.005575467941059231,0.02518891687657443,0.0,-0.04079441760601177
56,2008-03-31,0.02355943120447912,0.018941429339065063,0.017898497981869932,-0.006721720760514693,0.04043392504930976,0.058302808302808325,1.4805194805194803,1.4805194805194803,1.4655172413793105,1.5087719298245617,-0.17150395778364114,-0.09330628803245432,0.15714285714285725,0.2777777777777777,-0.1292134831460674,-0.06431140258091828,0.2464028776978417,0.2482014388489211,0.0377433452522844,-0.07853403141361248,-0.10215350635008268,0.0146690518783541,0.01682018422106535,0.24938574938574945,0.0,0.025881365416899667
57,2008-06-30,0.03337609216545245,0.013315754779169351,0.04020541489257967,0.08778035576179423,0.01345971563981041,0.022786270550908542,-0.5095986038394416,-0.5095986038394416,-0.5104895104895105,-0.5104895104895105,-0.0939490445859873,-0.15995525727069348,0.008230452674897082,-3.739130434782609,0.40645161290322585,-0.034591905946190216,0.04761904761904767,0.04899135446685876,0.011868300153139222,-0.07386363636363646,-0.2429274292742928,0.01445698166431586,-0.01929893658920845,0.042281219272369615,0.0,-0.06845765716623475
58,2008-09-30,0.008010118043844772,-0.05477491543065316,0.0017497812773403787,0.017063633131887634,0.026748971193415686,0.18189509306260576,0.3309608540925266,0.3309608540925266,0.32857142857142874,0.32857142857142874,0.5043936731107206,0.8854860186418109,1.7755102040816326,0.9047619047619048,0.5504587155963303,-0.1046838407494146,-0.04545454545454541,-0.041208791208791284,0.023458191449110988,-0.11042944785276064,-0.16490658001624706,0.014250955856795366,0.018875502008032008,-0.049056603773584895,0.02941176470588225,-0.07063387498170104
59,2008-12-31,0.049189088712300766,0.15526496902959394,0.07301933873986277,0.10048933939182114,-0.020404445254144643,-0.2278692436172751,-0.5935828877005347,-0.5935828877005347,-0.6021505376344086,-0.6129032258064516,-0.389018691588785,-0.3177966101694916,-0.2411764705882353,-0.3916666666666667,0.21597633136094685,-0.17839393146743387,-0.06782106782106777,-0.08022922636103158,-0.026617375231053675,-0.20000000000000007,-0.15856031128404655,0.014050719671007572,-0.06661411115490723,-0.05158730158730152,-0.02857142857142847,0.04977553752855002
60,2009-03-31,0.015723618646882986,0.012272131538186626,0.01293567047469546,0.018103858980466958,0.0229681978798586,-0.3791718170580965,1.375,1.375,1.4054054054054053,1.4722222222222223,-0.39388145315487577,-0.2474120082815735,0.374031007751938,3.095890410958904,0.7274939172749393,-0.07131486787647245,-0.16253869969040247,-0.17757009345794386,-0.1283706798328902,-0.043103448275861884,-0.0138728323699423,0.013856032443392952,0.007179054054053945,-0.05857740585774063,-0.1470588235294119,-0.005776877485182741
61,2009-06-30,0.010312874741087885,-0.5028248587570621,-0.03822533432818687,-0.15878958040867264,0.1640759930915372,0.5938277750124441,-0.1246537396121884,-0.1246537396121884,-0.247191011235955,-0.247191011235955,0.7034700315457414,0.033012379642365815,-1.1988716502115655,-2.1772575250836117,-0.495774647887324,-0.07610558793280775,-0.01848428835489835,0.011363636363636465,0.16470588235294126,0.054054054054053946,0.09730363423212184,0.013666666666666716,0.15303983228511542,0.05777777777777793,-0.0344827586206895,-0.4089948686990642
62,2009-09-30,0.018451378997798692,0.06036931818181813,0.01653040520379534,-0.0752827739662526,0.024910198344525902,0.1077451592754528,0.4050632911392405,0.4018987341772151,0.3880597014925373,0.3880597014925373,0.8777777777777778,-0.1757656458055925,-1.8794326241134751,-2.4744318181818183,1.4497206703910617,0.12096474953617807,0.00941619585687392,0.03370786516853918,0.02319491208380109,-0.034188034188034185,0.13247863247863245,0.013482407102926695,0.00654545454545441,0.11449579831932755,-0.07142857142857151,0.14670582226762008
63,2009-12-31,0.024473968597037654,0.06184416164322393,0.0316719502172127,0.06817726087828357,0.005790476190476125,0.3338032139836482,-0.4617117117117117,-0.4650112866817155,-0.4731182795698925,-0.4731182795698925,-0.4043392504930966,0.3231017770597737,-2.3870967741935485,-1.7456647398843932,-0.4412770809578107,0.09400860642171448,0.014925373134328181,0.050724637681159424,0.00511882998171842,0.07079646017699126,0.0943396226415094,0.013303049967553493,-0.018063583815028927,-0.05183788878416595,0.1153846153846152,-0.005901347288720604
64,2010-03-31,0.026412674774551226,0.15979814970563488,0.03109795999658571,0.035291909142106226,0.013938338004696682,-0.2456140350877193,0.4435146443514644,0.4514767932489452,0.4693877551020409,0.4693877551020409,-0.9966887417218544,-0.474969474969475,-5.395348837209302,-1.847545219638243,0.6693877551020408,0.052042360060514666,-0.057904411764705836,-0.03103448275862075,0.01200436522371784,0.04132231404958686,0.0060344827586207295,0.01312840217739364,-0.012141280353200723,-0.1153081510934394,0.06896551724137945,0.12029569892473102
65,2010-06-30,0.006287153652392964,0.05021754894851349,0.010126931567328912,0.047688123300090764,-0.004183787822188978,-0.058559820678061085,-0.6057971014492753,-0.6046511627906976,-0.6111111111111109,-0.6111111111111109,289.0,0.3069767441860465,-0.9973544973544972,-0.9390243902439024,0.02444987775061125,-0.09030773655450107,-0.1424390243902438,-0.14946619217081847,-0.005032350826743359,-0.09523809523809534,-0.03513281919451583,0.013274336283185972,-0.010428305400372541,-0.14269662921348306,0.0,0.002399520095980767
66,2010-09-30,-0.0009011354306426301,-0.06421543241843608,-0.01177370448274917,0.06403599861543796,0.02903443619176227,0.20952380952380945,3.0882352941176467,3.0808823529411766,3.1428571428571423,3.1428571428571423,0.9310344827586208,0.03736654804270456,-143.5,11.6,0.30071599045346065,0.08757508694277583,0.08418657565415222,0.07949790794979084,0.02709537572254339,0.08771929824561409,0.2619893428063944,0.013100436681222629,0.03010914565299205,0.0602883355176933,0.032258064516129004,-0.1204867344903251
67,2010-12-31,0.011284374248376585,-0.07470946319867178,0.016502653693056146,0.0601821730644112,-0.0024788568095654995,-0.15501968503937005,-0.6816546762589928,-0.6828828828828829,-0.6810344827586207,-0.6810344827586207,-0.1428571428571429,0.6260720411663807,1.835087719298245,-4.158730158730158,-0.7302752293577981,0.059011627906976775,-0.056663168940188864,-0.05813953488372104,-0.003517411185367636,0.032258064516129004,-0.032371569317382165,0.01416256157635476,-0.013518450858604258,0.03708281829419047,-0.09375000000000012,-0.1272397369017919
68,2011-03-31,0.0020810623327718325,-0.0452551834130781,-0.0014140809833301793,-0.08115986498926052,0.011474930565706698,0.08619685497961571,1.0,1.0056818181818183,0.972972972972973,0.972972972972973,-0.13541666666666666,-0.3533755274261603,-1.1410891089108908,-1.4158291457286432,1.1258503401360542,-0.03376338182816352,-0.0011123470522801382,0.004115226337448652,0.009530533003882844,-0.03125,0.011636363636363669,0.013964784456587777,0.0092592592592593,-0.0035756853396902155,0.0,0.03898128898128905
69,2011-06-30,0.0037974683544304,-0.00730841511797875,0.0008714359630728197,-0.017031223910502602,0.0115360213888287,-0.03243967828418226,-0.005649717514124243,-0.0028328611898017497,0.0,0.0,0.08674698795180724,0.0880913539967374,-4.885964912280702,-1.6283987915407856,-0.3328,0.0420454545454545,0.16258351893095768,0.1680327868852458,0.010489510489510412,0.032258064516129004,0.038102084831056704,0.01377245508982039,0.00770642201834848,0.1578947368421053,0.0,0.00987993996998493
70,2011-09-30,0.008571090794451397,-0.07993268826251576,-0.007591217043506626,-0.03448275862068961,0.05100735806824752,0.20060958714325292,1.6392045454545454,1.6363636363636362,1.6301369863013695,1.6301369863013695,0.7804878048780488,0.02998500749625177,0.783295711060948,-1.6201923076923077,0.3093525179856116,-0.017720828789531073,0.2375478927203065,0.2526315789473685,0.04982698961937726,-0.0234375,-0.16551246537396114,0.013585351447135352,0.04260742898761838,0.2376033057851241,0.034482758620689724,-0.04705882352941182
71,2011-12-31,0.020239513939086073,-0.04389574759945125,0.029719800405768382,0.16308937368050658,-0.003308778325309958,-0.2051696284329564,-0.6652314316469321,-0.6681034482758621,-0.6666666666666666,-0.6666666666666666,-0.7198007471980075,0.3435225618631732,-1.1873417721518988,-3.5193798449612403,-0.5952380952380952,0.07632528448515119,0.053405572755417914,0.06442577030812324,-0.0003295978905735186,0.024000000000000018,-0.1419087136929461,0.013694638694638606,-0.01921061823262316,0.07178631051752915,0.0,-0.17790773229369705
72,2012-03-31,0.013001934013748828,0.00765184122429452,0.012966611640662372,-0.04068975949175613,0.013093289689034338,0.05255516840882701,0.25080385852090026,0.2629870129870129,0.25,0.25,0.9466666666666668,-0.14192849404117014,-1.1283783783783785,-1.2,0.2941176470588236,0.02423929860752949,0.0,0.007894736842105399,0.011210023079459395,0.0234375,-0.04448742746615075,0.013509629203794171,0.0,0.02570093457943945,-0.033333333333333326,0.05042680999051519
73,2012-06-30,0.009810593172280724,0.06383483626008535,0.009672755946904976,0.010249132765689062,0.010164243403338658,-0.020413793103448263,-0.06940874035989719,-0.06940874035989719,-0.0625,-0.0625,-0.044520547945205435,-0.06818181818181822,3.631578947368421,-0.8307692307692307,0.03846153846153855,-0.025176233635448183,-0.01322556943423947,-0.007832898172323799,0.009129442451907277,-0.03816793893129777,-0.041497975708502,0.013329551900170156,0.00035612535612528085,0.009111617312072662,0.0,0.052972159518434925
74,2012-09-30,0.0078995151719361,0.0368057104617443,0.00322807382917234,0.06055876385203685,0.01992403545012333,0.17037454238242744,0.3453038674033149,0.3453038674033149,0.3333333333333333,0.3333333333333333,0.4324970131421744,0.017615176151761558,2.4318181818181817,12.272727272727273,0.4915824915824916,0.09065082644628086,-0.23008190618019356,-0.23157894736842102,0.01906300484652657,0.07936507936507953,0.08447729672650461,0.013154212146655686,0.012103951584193641,-0.21294206170052665,-0.0344827586206895,-0.022438187794769138
75,2012-12-31,0.009731998588488722,-0.0126936316695353,0.015387809118509566,0.004120676968359049,-0.004508036064288512,-0.13065447545717035,-0.9568788501026694,-0.9568788501026694,-0.95,-0.95,-0.25604670558799003,0.478029294274301,-1.1788079470198676,-2.1232876712328768,-0.3702031602708804,0.017759886336727426,-0.1934235976789168,-0.1952054794520548,-0.005389980976537645,0.0,0.3115871470301852,0.012983425414364593,-0.014069644741470322,-0.19502868068833654,0.0,-0.016666666666666833
76,2013-03-31,0.0033660124708003725,-0.04183918064937897,-2.555583950936136e-05,-0.09497288582734864,0.012075867953009078,0.05895377802380297,16.333333333333332,16.285714285714285,14.0,14.0,-0.15246636771300448,-0.3045045045045045,-2.555555555555556,-0.3902439024390244,-0.3584229390681004,0.06561191251744991,-0.029976019184652317,-0.029787234042553123,0.011475932419509059,0.07352941176470584,0.3080920564216778,0.01281701663485135,0.008562254727078278,-0.0332541567695962,0.0,0.05872732679155512
77,2013-06-30,0.00786434463794694,0.05117125312713222,0.007999182192235832,0.05570850202429156,0.007522209973412908,-0.06377417668583374,-0.06868131868131866,-0.06887052341597799,-0.08000000000000007,-0.08000000000000007,0.005291005291005346,0.12823834196891193,-1.5833333333333337,-0.38,-0.34636871508379885,0.03100436681222707,-0.028430160692212606,-0.02631578947368418,0.005988023952095745,0.02054794520547953,0.05107832009080582,0.0131933225632741,-0.00035373187124154715,-0.02088452088452097,0.0,-0.004353321162757996
78,2013-09-30,-0.0002910202077156532,-0.0659887494591086,-0.006135591501445159,-0.1268599478447615,0.01448156014674651,0.16582914572864316,0.28023598820059004,0.28106508875739644,0.2898550724637683,0.2898550724637683,1.0052631578947366,0.006888633754305484,-13.591836734693878,-1.4838709677419355,0.2564102564102564,-0.053155442609063915,-0.05089058524173029,-0.04504504504504503,0.013471177944862191,-0.06040268456375841,-0.030237580993520474,0.013021525378687173,0.014861995753715497,-0.04642409033877037,0.0,0.06967559943582513
79,2013-12-31,0.026399577897858517,-0.0016214964095436768,0.028775510204081645,0.07378777231201683,0.02049232330922468,-0.09650383141762453,-0.20967741935483875,-0.2009237875288684,-0.202247191011236,-0.202247191011236,-0.30052493438320205,0.4800456100342074,-1.3290113452188006,-1.9666666666666668,-0.19727891156462585,0.02214269738313579,0.2640750670241285,0.2641509433962264,0.01947449768160725,0.007142857142857118,0.06904231625835178,0.013116474291710478,-0.005927475592747533,0.2684210526315789,0.0,-0.07014767932489441
80,2014-03-31,0.0110610841280534,0.005800464037122977,0.007215830192422112,0.0665903141361257,0.020578178427105964,0.2319109461966604,0.6355685131195334,0.6184971098265897,0.619718309859155,0.619718309859155,0.06285178236397759,-0.2442218798151001,-0.8916256157635468,-7.0,1.4745762711864407,0.058643326039387274,0.1145281018027573,0.11940298507462675,0.019708914493632657,0.042553191489361764,-0.1713541666666666,0.012946659761781555,0.009470361276744832,0.07572614107883813,0.03571428571428559,-0.05700510493477029
81,2014-06-30,0.01020372383323398,-0.0027681660899654408,0.010241512592629176,0.16582297898450693,0.010051169590643337,-0.1299483648881239,-0.303030303030303,-0.3035714285714286,-0.30434782608695643,-0.30434782608695643,-0.060900264783759976,0.10805300713557586,-4.590909090909091,-1.5862068965517242,-0.34931506849315064,0.09487391484084327,0.015223596574690744,0.020000000000000014,0.008920606601248826,0.0748299319727892,-0.032055311125078534,0.012781186094069641,0.0,0.0019286403085825297,0.0,-0.14466165413533838
82,2014-09-30,0.005293300937174506,-0.049040018505667415,0.0004386499329840365,-0.01881578947368423,0.017308968096013455,0.06379821958456966,0.2634271099744245,0.26410256410256405,0.2625,0.2625,0.43609022556390986,-0.06807727690892362,5.4683544303797476,-1.03921568627451,0.021052631578947437,-0.009250519161789759,0.016869728209934376,0.019607843137254832,0.016209843796050505,-0.01898734177215189,-0.04025974025974033,0.012619888944977342,0.011813759555246772,0.026948989412896918,0.0,-0.030766526019690543
83,2014-12-31,0.0294864048338368,0.08927268304548774,0.042773975105351525,0.06839211479147099,-0.002845624851790407,-0.06415620641562059,-0.611336032388664,-0.6125760649087222,-0.6237623762376238,-0.6237623762376238,-0.418848167539267,0.3079960513326752,-1.7945205479452055,-8.75,-0.15979381443298968,0.09737042682926833,-0.096774193548387,-0.09615384615384616,-0.003190255220417604,0.07741935483870965,0.06156968876860613,0.013210368893320057,-0.03125,-0.10028116213683223,0.0,0.01959005985851636
84,2015-03-31,0.006791541596096185,-0.08083966056275127,-0.00044383190450603127,-0.1053094012802812,0.0250297265160524,0.1693989071038251,2.286458333333333,2.2931937172774868,2.3947368421052637,2.3947368421052637,0.41554054054054057,-0.23245283018867924,-1.5246305418719213,-1.8709677419354842,0.16564417177914104,0.042194825490536436,0.0295918367346939,0.028368794326241176,0.02385801571137613,0.047904191616766616,0.14531548757170176,0.013038130381303858,0.0180786954980503,0.038541666666666696,0.0,0.027219355986479288
85,2015-06-30,0.014990506012858562,0.02648202137998057,0.01649918205188139,-0.06705948372615034,0.01119424627341803,-0.16270178419711134,-0.31695721077654515,-0.3163751987281399,-0.3178294573643411,-0.3178294573643411,-0.2474144789180589,0.15339233038348074,-2.089201877934272,-0.8148148148148149,0.02631578947368429,-0.07797400866377867,0.01090188305252715,0.010344827586206806,0.009946007388462741,-0.10285714285714287,-0.11519198664440722,0.012870325400679894,-0.003830083565459552,0.030090270812437318,-0.0344827586206895,0.10027710426047798
86,2015-09-30,0.002642029603859619,0.0764497041420118,-0.002437005701673711,0.06135338345864661,0.015200183549386237,0.12430238457635713,0.2064965197215778,0.2069767441860466,0.20454545454545456,0.20454545454545456,0.8150105708245243,-0.09974424552429673,-3.922413793103448,-4.4,-0.0871794871794872,0.007047343693530772,0.002941176470588225,0.0034129692832765013,0.014631401238041741,0.0,-0.01572327044025157,0.012706784943658622,0.012583012932541049,0.006815968841285436,0.0,0.014323941444986719
87,2015-12-31,0.009559894597293006,-0.10457343887423044,0.008946761926711178,0.0071550014168320075,0.010887620769534978,-0.2393501805054151,-0.09557692307692313,-0.09614643545279387,-0.1132075471698114,-0.1132075471698114,-0.476703552708212,-0.2715909090909091,-0.8076696165191741,-0.9352941176470588,-0.008988764044943864,0.012201686703750214,0.13880742913000987,0.1462585034013606,0.010537992235163385,-0.006369426751592354,-0.0012779552715654894,0.01325757575757569,0.001380738695202055,0.20309477756286265,-0.0357142857142857,-0.11095592799503418
88,2016-03-31,0.013024637218298052,0.01814654749042344,0.012942514767624091,0.015952732644017642,0.013123403589373916,0.19983981964878986,0.06974271741441629,0.06842890641654242,0.08510638297872353,0.08510638297872353,-0.1097384529771842,0.4798491939677587,-3.7024539877300615,-13.727272727272727,0.0793650793650793,0.09235951072504878,-0.07381974248927048,-0.07121661721068251,0.012349066959385313,0.08333333333333326,-0.054382597568778064,0.013084112149532869,0.0,-0.022508038585209,-0.03703703703703709,0.0020946063885496358
89,2016-06-30,0.013292471173773636,0.0705689409835275,0.01279518680882541,0.08972708013126729,0.014327090171847743,-0.0375781848747806,0.0015901411250247575,0.0017956903431763926,0.0,0.0,0.15439429928741102,0.020293420012299057,-0.1645856980703746,3.0285714285714285,0.29621848739495804,0.06718597857838371,0.024096385542168752,0.025559105431309792,0.013553808620222265,0.053254437869822535,0.14073071718538574,0.012915129151291671,0.0010341261633917134,0.04029605263157898,-0.03846153846153855,-0.01759275387563164
90,2016-09-30,-0.029614432751973837,0.340241951834914,-0.018106438785007173,-0.011499510794292123,-0.05788580565859181,0.19504739397364435,-2.5165707481643182,-2.525194184425413,-2.5294117647058822,-2.5294117647058822,0.8358241282217891,-0.02789736524883757,-3.0407608695652173,-1.6134751773049647,-0.140194489465154,0.025547445255474255,-0.6434389140271494,-0.6417445482866043,-0.0577694570740841,0.011235955056179804,-0.010083036773428145,0.012750455373406131,-0.029269972451790638,-0.6498023715415021,0.040000000000000036,0.3558510638297874
91,2016-12-31,0.03296930438462286,0.014237208364149769,0.044186943014580926,0.22091678021441247,0.00433555210456138,-0.18531017583078968,-1.4909709500130857,-1.4875946722381823,-1.4871794871794872,-1.4871794871794872,-0.3506370929683813,0.3821080602302922,-1.7621504660452731,-0.9508670520231214,-0.008011310084825585,-0.08704033214709372,-0.12944162436548226,-0.13913043478260856,0.00425773488504122,-0.02777777777777779,1.5979628520071896,0.013264388489208743,-0.02766938630720106,-0.15801354401805867,0.0,-0.1692166862822022
92,2017-03-31,-0.027406066392826608,-0.4006529773446693,-0.044141279892980334,-0.1667193093282796,0.016675288842904038,0.037782644257407405,0.5836886993603412,0.5859667916443492,0.5789473684210527,0.5789473684210527,-0.267078488372093,-1.5413996411176625,-4.6844289146101765,19.88235294117647,-0.16864608076009502,0.05619619944778309,0.1574344023323615,0.1414141414141412,0.016676088185415328,0.05142857142857138,0.20940959409594084,0.0130907477257598,0.045238963881794936,0.1554959785522787,0.0,-0.2808122147017157
93,2017-06-30,0.01637498521747727,0.053257383032850436,0.0197455412927412,0.060357571545896826,0.007745758207959419,-0.09071263315790813,-0.3668798384382361,-0.3667679837892603,-0.3666666666666666,-0.3666666666666666,0.12816063460585034,-2.444720643939394,-1.1823839724971843,-0.9267605633802816,-0.014857142857142904,0.07227433492234359,-0.17632241813602012,-0.17699115044247793,0.007506255212677226,0.054347826086956534,-0.06350114416475973,0.012921594393342062,-0.008376963350785194,-0.16473317865429238,0.0,-0.006565988181221115
94,2017-09-30,0.01953805521596585,0.0679443423470727,0.02152209802580418,-0.12752317628273868,0.013745434552095093,0.14768628547462592,0.4797979797979799,0.4525333333333332,0.4605263157894739,0.4473684210526317,0.5460338387167656,0.06587464154035239,-0.7881052973675658,-66.96153846153847,0.9947795823665893,0.023232468091208824,2.2477064220183487,2.247311827956989,0.01352097130242802,0.015463917525773141,0.2524944003257992,0.012756756756756804,-0.005631819781767189,2.4,-0.07692307692307697,0.22405816259087885
95,2017-12-31,0.011947177280039469,0.045552878705934496,0.01207194749847873,0.1296503687517072,0.012059261390993559,-0.07169829707408581,-0.27824681156816955,-0.2643657058931522,-0.26126126126126137,-0.25454545454545463,-0.18547470153496304,0.5218694749788608,9.878834355828221,-1.7247813411078718,0.1997673742366968,0.034477925718290336,0.002824858757062065,0.009933774834437026,0.011979308467193084,0.020304568527918617,-0.6859047309380588,0.013236549957301502,0.0,0.013071895424836557,0.0,-0.07451403887688979
96,2018-03-31,0.013601301423934451,-0.027767981002092542,0.013072261634873072,0.14509206533434882,0.01073440148739535,0.06243439009027929,0.13663514186162273,0.13401547292238591,0.12195121951219524,0.12195121951219524,-0.30012214273250737,-0.02626527932114353,0.4514309882983223,-0.2268704746580853,-0.23291323315559864,-0.07370275030483675,-0.0826291079812207,-0.0852459016393442,0.009685230024212954,-0.08457711442786052,-0.08799171842650098,0.013063632532658964,-0.002831858407079557,-0.07903225806451619,0.0,-0.1509140412290938
97,2018-06-30,0.019213680945594724,0.10522370012091907,0.021580422972035773,-0.043615516185569136,0.012930591398722102,-0.00867030605439323,0.16071819575213486,0.16285211267605626,0.16304347826086962,0.16304347826086962,0.5016205435053602,-0.3198983297022513,-0.8277804759592036,-1.7367325702393341,0.22369668246445507,-0.022378236068451133,0.07267144319344943,0.06810035842293892,0.011990407673860837,-0.03260869565217395,0.053916004540295104,0.012895174708818624,-0.006034788782392497,0.0569176882661997,0.0,0.15551992670636738
98,2018-09-30,0.01117539827217251,0.02676090238725637,0.009274394217975379,-0.06978130554298267,0.015729904979623118,0.07971195056314162,0.0935672514619883,0.09311127933383802,0.09345794392523343,0.09345794392523343,0.5987049643035032,0.10578903211044156,-0.5815002820078963,6.771186440677966,1.4206041828040281,0.06134051466187905,0.004770992366412319,-0.0033557046979865173,0.015534491837809528,0.050561797752809,-0.023155627355950448,0.012731006160164204,0.004285714285714226,0.0024855012427504874,0.0,0.10386521308225972
99,2018-12-31,0.017530990543854097,-0.12328445997783655,0.024025120641385067,0.02641760224063039,0.0006099869588995778,-0.12277584177609567,-0.3707089874072797,-0.3708448753462604,-0.3675213675213673,-0.3675213675213673,-0.3298369508775574,0.1483652917643814,-2.605121293800539,-1.8967648127953471,-0.5262933333333333,0.059768818720045136,-0.028490028490028463,-0.03367003367003374,0.00025926886180971387,0.04278074866310155,0.04134509371554573,0.013584752635847464,-0.01635846372688476,-0.01818181818181808,0.0,-0.14580714670497386
100,2019-03-31,0.0278942136075857,-0.048396898320328674,0.035140809032408786,-0.0761030431967441,0.00882365306594357,0.06727000078924528,0.5701754385964912,0.5762245459548707,0.5675675675675675,0.5675675675675675,-0.3737021540368821,-0.04931227100726765,-6.822837951301428,-0.8358329955411431,-0.18239135329880665,0.05307262569832405,0.05083088954056692,0.04181184668989535,0.00829445308449972,0.05128205128205132,0.0746426680783483,0.013402680536107159,-0.01879971077368059,0.06060606060606055,0.0,0.029850746268656806
101,2019-06-30,0.0258476853030174,0.03742209052825185,0.03157333374854998,0.04586639301178885,0.003297510457744401,-0.11910865706961148,-0.1946578212290503,-0.1946578212290503,-0.1982758620689654,-0.1982758620689654,0.22788568600767034,0.271291382360374,0.5085796683489545,-1.3271604938271606,0.07298264940787669,0.0997852721990653,-0.03906976744186042,-0.0535117056856188,0.0025706940874037354,0.0926829268292686,0.03596059113300498,0.01322542439794705,-0.021739130434782483,-0.005555555555555647,-0.04166666666666663,-0.00796080832823032
