,Quarter end,Assets,Liabilities,Shareholders equity,Revenue,Earnings,Earnings available for common stockholders,EPS basic,EPS diluted,Cash from operating activities,Cash from investing activities,Cash from financing activities,Cash change during period,Cash at end of period,Price,ROE,ROA,Book value of equity per share,P/B ratio,P/E ratio,Cumulative dividends per share,Equity to assets ratio,Net margin,Asset turnover
0,1993-12-31,0.16659692491319197,0.15783627293820254,0.25690307141643665,0.0640963748094443,-0.008276512714953443,-0.008276512714953443,0.0,-0.3620689655172413,0.028231758350452774,0.1166023649141832,-0.7923370602672484,-1.1206160542395578,0.5102720710716269,-0.008333333333333305,0.011820330969267046,-0.01398601398601407,0.2792792792792791,-0.12149532710280385,0.062404870624048765,inf,0.07805429864253388,-0.0020876826722336927,-0.03225806451612912
1,1994-03-31,0.16659692491319197,0.15783627293820254,0.25690307141643665,0.0640963748094443,-0.008276512714953443,-0.008276512714953443,0.0,-0.3620689655172413,0.028231758350452774,0.1166023649141832,-0.7923370602672484,-1.1206160542395578,0.5102720710716269,-0.008333333333333305,0.011820330969267046,-0.01398601398601407,0.2792792792792791,-0.12149532710280385,0.062404870624048765,inf,0.07805429864253388,-0.0020876826722336927,-0.03225806451612912
2,1994-06-30,0.07701431942355952,0.08535865507269702,-0.0022208537702954607,0.0640963748094443,-0.008276512714953443,-0.008276512714953443,0.0,-0.3620689655172413,0.028231758350452774,0.1166023649141832,-0.7923370602672484,-1.1206160542395578,-0.04075226244343888,0.12184873949579833,0.011820330969267046,-0.01398601398601407,0.0,-0.12149532710280385,0.062404870624048765,1.0,-0.07345225603357808,-0.0020876826722336927,-0.03225806451612912
3,1994-09-30,0.0580093123514489,0.062130996007504276,0.015435773321383016,0.08122316792499062,0.09629853844158087,0.09629853844158087,0.10447761194029836,-0.3620689655172413,0.20387115631509434,0.1446970800602141,3.622586999343401,-3.0423317140874397,0.0867655296441523,0.07116104868913853,0.011820330969267046,-0.01398601398601407,0.021126760563380254,0.06914893617021267,0.062404870624048765,0.5,-0.04077010192525488,-0.0020876826722336927,-0.03225806451612912
4,1994-12-31,-0.011754411381162178,-0.013517536073861636,0.007294657350635171,0.02157400105275586,0.01757845882801501,0.01757845882801501,0.027027027027026973,-0.3620689655172413,0.002197407059669532,0.010086539967629092,0.4469191216158632,-7.530411145090044,-0.5213770278335413,-0.031468531468531465,0.011820330969267046,-0.01398601398601407,0.013793103448275891,-0.04975124378109441,0.062404870624048765,0.3333333333333335,0.018890200708382654,-0.0020876826722336927,-0.03225806451612912
5,1995-03-31,0.2079933242237584,0.21505799308908324,0.13324260589450532,0.04743952246308525,0.09660705979637196,0.09660705979637196,0.09210526315789468,-0.3620689655172413,0.017536112554948913,0.03653659151189359,-0.4838709677419355,-0.9437015453457516,-0.06132743864422153,0.12274368231046927,0.011820330969267046,-0.01398601398601407,0.1360544217687074,0.10994764397905764,0.062404870624048765,0.25,-0.06141367323290847,-0.0020876826722336927,-0.03225806451612912
6,1995-06-30,0.1273334885020625,0.12984498042957116,0.09884106052004428,0.12785088896617558,0.0947651196493584,0.0947651196493584,0.10843373493975904,-0.3620689655172413,0.08076439724305873,0.11510728583739673,-0.7097915398660986,3.5231053604436227,-0.2955135559446893,0.122186495176849,0.010514018691588856,-0.01398601398601407,0.1317365269461077,-0.014150943396226578,0.062404870624048765,0.2,-0.02469135802469136,0.006276150627614996,0.0
7,1995-09-30,-0.09723806712912443,-0.10081046837628872,-0.05556630301541121,-0.06263183791561444,-0.05333849928968104,-0.05333849928968104,-0.03260869565217395,-0.3620689655172413,0.08837168447587396,0.04218787776304178,2.061607025822519,-2.3062934205149164,0.5479557726922089,-0.04011461318051579,-0.005780346820809301,-0.01398601398601407,-0.04232804232804222,-0.15311004784688986,-0.11389684813753598,0.16666666666666674,0.045569620253164585,0.006237006237006293,-0.033333333333333326
8,1995-12-31,0.015926739364528597,0.014128401208728159,0.03589925550266915,-0.0437501862872699,-0.05288767621646207,-0.05288767621646207,-0.3595505617977529,-0.3620689655172413,0.002564644543084693,0.019823023564228714,0.5452326925546944,-3.177537932113249,-0.7708194905869324,0.04179104477611939,-0.029069767441860295,-0.03546099290780147,0.03867403314917128,0.09039548022598876,-0.004042037186742009,0.1428571428571428,0.01937046004842613,0.0020661157024794985,-0.0344827586206895
9,1996-03-31,0.001496725114616515,0.003629570874999377,-0.021693037151715888,-0.001463241469475407,0.03859173188649345,0.03859173188649345,0.035087719298245716,-0.3620689655172413,-0.1688463194640546,-0.006959601962836515,-3.9917433226199712,-1.1785791250628548,0.6006281710558106,0.10601719197707717,-0.007784431137724646,0.0,-0.010638297872340273,0.062176165803108814,0.07548701298701288,0.125,-0.0225653206650831,0.004123711340206171,0.0
10,1996-06-30,-0.02778347653345237,-0.027673917948958016,-0.029005505676906074,0.006784706807251295,-0.008968713521260274,-0.008968713521260274,0.0,-0.3620689655172413,-0.05328567585226185,-0.2886529959390338,-1.7484024523514048,-2.1786001609010457,-0.4422641509433962,0.002590673575129543,-0.0018105009052503675,0.007352941176470562,-0.021505376344086,0.014634146341463428,-0.012830188679245236,0.11111111111111116,-0.0012150668286755595,0.006160164271047153,0.0
11,1996-09-30,0.037257124077338284,0.04031082876290881,0.003149037678946032,0.019476854512685327,0.03029843609688965,0.03029843609688965,0.05084745762711873,-0.3620689655172413,0.17297430717716722,0.09003475188790055,0.4904530323842051,-6.364846416382253,4.254127198917456,0.05943152454780343,0.004232164449818665,-0.007299270072992803,0.005494505494505475,0.08173076923076916,0.07033639143730896,0.2,-0.032846715328467065,0.006122448979591688,0.0
12,1996-12-31,-0.02216615875431249,-0.0279810454707059,0.04518874743689971,0.0436297117728921,0.5139283490859698,0.5139283490859698,0.5,-0.3620689655172413,-0.019668186739098537,0.13111352835604762,-0.4636390053551414,-2.2350658438831985,-1.0,0.2146341463414636,0.14750150511739912,0.15441176470588225,0.06010928961748618,0.2088888888888889,0.2007142857142856,0.08333333333333348,0.06792452830188678,0.12576064908722118,0.0
13,1997-03-31,0.0833222501132167,0.0835677028889461,0.08067816194157884,-0.07852148380478208,-0.3259188922451177,-0.3259188922451177,-0.31182795698924737,-0.3620689655172413,-0.13485434109983094,0.045840202419126015,-2.4113030556329527,-1.4995364170186465,inf,0.01807228915662651,-0.01521511017838395,-0.0127388535031846,0.08247422680412386,-0.04044117647058832,-0.11600237953599045,0.0769230769230771,-0.002355712603062443,0.012612612612612706,0.0
14,1997-06-30,0.11370729180996042,0.110238911715274,0.15116958402407255,0.1763610052572615,2.3585079361558168,2.3585079361558168,2.34375,-0.3620689655172413,0.025075371388743276,-0.10881671940319193,-1.2417492020664012,-2.0,0.0,0.10650887573964507,0.4400639318060735,0.4709677419354839,0.14761904761904754,0.02298850574712641,0.08613728129205933,0.0714285714285714,0.03423848878394331,0.48932384341637,-0.0357142857142857
15,1997-09-30,-0.012636120691140064,-0.019275520542700098,0.056526847737833126,-0.10905979876406824,-0.6826908151773654,-0.6826908151773654,-0.6822429906542056,-0.3620689655172413,0.14155208242103834,-0.12836569377471174,6.972914114604602,-1.192410806351825,-0.8075891936481749,0.18538324420677355,-0.06548279689234182,-0.02631578947368418,0.0663900414937757,0.03370786516853918,-0.2385377942998762,0.13333333333333353,0.06963470319634713,0.010752688172043,-0.03703703703703709
16,1997-12-31,-0.011896855119224892,-0.036695582975280416,0.2278984528102657,-0.0250153663906304,-0.0008846886416385981,-0.0008846886416385981,0.17647058823529416,-0.3620689655172413,-0.10595224644261524,0.08913253549394183,-0.9144032640797582,12.244372990353696,125.29957127545552,-0.0541353383458647,-0.17022961203483766,-0.09459459459459464,0.2490272373540856,-0.11231884057970998,-0.0675345809601301,0.0588235294117645,0.2433297758804696,-0.046099290780141855,-0.03846153846153855
17,1998-03-31,-0.06538251758971314,-0.0748938278288348,0.006770205382816029,0.006977096051699494,0.6709586015792655,0.6709586015792655,-0.2500000000000001,-0.3620689655172413,-0.03150875364507677,0.1888039939667352,-0.038957585427469736,-4.6529902079792835,-0.3830699055903256,0.1192368839427662,0.014790076335877922,0.11442786069651745,0.006230529595015577,-0.10612244897959187,0.15357766143106444,0.11111111111111116,0.07725321888412018,0.11276332094175978,0.0
18,1998-06-30,-0.044372162276482115,-0.054122425064064617,0.02359355785988182,-0.030463408054291707,-0.35985835588084936,-0.35985835588084936,-0.3666666666666666,-0.3620689655172413,-0.20881273580802207,-0.6239653586206599,-0.3410348644161594,-3.204087284005317,1.3685821383128718,0.13778409090909086,-0.3521391631405736,-0.28125,0.024767801857585203,0.13242009132420085,0.01437216338880476,0.049999999999999815,0.07091633466135461,-0.2750556792873051,0.0
19,1998-09-30,0.0782958253931949,0.08886624758542007,0.010207395262818109,-0.002321689274030314,0.047613946240747884,0.047613946240747884,0.05263157894736836,0.05405405405405417,0.4715935005701255,1.5612485591493064,11.565294982154105,-1.2723923913862851,-0.15739009233985712,-0.011235955056179804,-0.0319303338171264,0.037267080745341685,0.01812688821752273,-0.03629032258064513,0.3982102908277405,0.09523809523809534,-0.06324404761904745,0.03840245775729634,0.0
20,1998-12-31,0.09929163146222496,0.10557768843963312,0.05564775750454953,0.14379193031550774,0.08162202865137735,0.08162202865137735,0.125,0.07692307692307687,-0.09314141261800757,-0.0831855532142548,-1.0223815133211358,-2.5404782111361204,0.28886407653233537,0.11868686868686873,0.018740629685157332,0.02994011976047917,0.050445103857566835,0.10041841004184082,0.08640000000000002,0.04347826086956519,-0.03971405877680712,0.014792899408283988,0.0
21,1999-03-31,0.005323413398325982,0.0028088862948236763,0.02360742705570296,0.05353750423755632,0.6845868894446879,0.6845868894446879,0.6444444444444444,0.6904761904761905,0.06040008361140225,0.2645862218617374,-5.852556924225457,-2.257530210666252,-0.2807486631016043,0.3194130925507901,0.044150110375275935,0.03488372093023262,0.0197740112994349,0.2547528517110267,0.3043691703485518,0.08333333333333348,0.018196856906534498,0.030612244897959332,0.0
22,1999-06-30,0.008070432868672041,0.016769734448890402,-0.053899974086550895,-0.0078125,-0.33673469387755106,-0.33673469387755106,-0.33783783783783783,-0.3380281690140845,-0.18561151079136692,-0.011568123393316143,-25.30769230769231,-2.038095238095238,0.4052044609665428,0.0829769033361849,0.04369274136715995,0.011235955056179804,-0.049861495844875314,0.06363636363636371,0.008280015054572766,0.0769230769230771,-0.061738424045491465,0.007072135785006982,0.0
23,1999-09-30,0.11464464274413012,0.12529068727415835,0.03314160503971508,0.08070866141732291,0.10769230769230777,0.10769230769230777,0.10204081632653073,0.1063829787234043,0.5600706713780919,-0.10793237971391424,-1.2531645569620251,0.4311926605504588,0.4126984126984128,-0.1090047393364929,0.051991897366644,0.005555555555555758,0.03206997084548102,-0.06267806267806264,-0.15378872713699132,0.0714285714285714,-0.07272727272727275,0.0014044943820226141,0.0
24,1999-12-31,0.0515542938254081,0.05468476774870434,0.025450689289501668,0.07650273224043724,-0.2986111111111112,-0.2986111111111112,-0.2962962962962963,-0.2884615384615385,-0.2491506228765572,-0.2638483965014577,0.375,-0.4743589743589744,0.15355805243445686,0.06560283687943258,-0.03209242618741981,-0.06629834254143663,0.031073446327683607,0.033434650455927084,0.00044111160123505577,0.06666666666666665,-0.02521008403361336,-0.0729312762973352,0.040000000000000036
25,2000-03-31,0.00944898895818147,0.004551894613088914,0.051447776628748665,0.014382402707275862,0.5445544554455446,0.5445544554455446,0.5526315789473684,0.5405405405405403,0.4193061840120664,0.497029702970297,-0.18181818181818174,-0.07317073170731703,0.12337662337662335,-0.16056572379367715,-0.08289124668435001,-0.11242603550295847,0.049315068493150704,-0.18823529411764706,-0.14021164021164026,0.03125,0.04214559386973171,-0.10590015128593044,-0.03846153846153855
26,2000-06-30,0.03752239843812677,0.039280998679630315,0.023112859601672087,-0.016680567139282787,0.2948717948717949,0.2948717948717949,0.2881355932203391,0.29824561403508776,-0.21679064824654626,-0.4140211640211641,-0.5777777777777777,2.6184210526315788,0.3973988439306357,0.21010901883052546,0.09906001446131583,0.08000000000000007,0.02349869451697129,0.1557971014492754,0.2979487179487179,0.09090909090909084,-0.013786764705882248,0.09475465313028764,0.0
27,2000-09-30,-0.02294169201422902,-0.024052204544798284,-0.013698630136986356,0.04961832061068705,-0.19306930693069305,-0.19306930693069305,-0.19736842105263164,-0.18918918918918928,0.26865671641791056,0.8984198645598194,4.842105263157895,-1.578181818181818,-0.16442605997931747,0.15233415233415235,0.010526315789473715,0.0185185185185186,-0.012755102040816313,0.12539184952978055,0.010667720268668468,0.05555555555555558,0.009319664492078106,0.0015455950540959054,0.0
28,2000-12-31,-0.017728999577880992,-0.03733727810650889,0.14376218323586756,0.005656565656565693,0.018404907975460016,0.018404907975460016,-0.4754098360655738,-0.5,-0.2834224598930481,0.21165279429250886,-1.81981981981982,0.2515723270440251,-0.2462871287128713,0.1840796019900497,0.05078125,0.10303030303030304,0.1472868217054264,0.1977715877437325,0.14268960125097752,0.05263157894736836,0.16435826408125576,0.09104938271604944,0.040000000000000036
29,2001-03-31,0.01098517404383337,-0.0035343290921384662,0.1116318704729442,-0.02732020891924469,0.07228915662650602,0.07228915662650602,0.0625,0.10000000000000007,0.9119402985074628,-0.4612365063788028,-1.945054945054945,-3.3417085427135684,0.7651888341543513,-0.10744297719087637,-0.033457249070631856,0.0274725274725276,0.11711711711711704,-0.22093023255813948,-0.18918918918918928,0.049999999999999815,0.09912767644726417,0.029702970297029733,0.0
30,2001-06-30,0.030604925480194563,0.02880671128519885,0.04177845917976231,-0.03015282940933495,-0.1404494382022472,-0.1404494382022472,-0.1470588235294119,-0.1515151515151515,-0.9125683060109291,0.5956284153005464,-3.1802325581395348,-1.7274678111587982,-0.3153488372093023,0.04303967720242108,-0.13012820512820522,-0.06951871657754027,0.04435483870967727,-0.06567164179104479,0.006751054852320637,0.04761904761904767,0.010822510822510843,-0.06868131868131877,0.0
31,2001-09-30,0.032402753074008306,0.033995862937314485,0.022626931567328867,0.041737649063032345,0.261437908496732,0.261437908496732,0.2758620689655173,0.2857142857142856,6.2857142857142865,-0.3710045662100456,-1.5306666666666666,-1.2684365781710911,0.12364130434782615,-0.10380399742101863,-0.027266028002947532,0.034482758620689724,0.0270270270270272,-0.14376996805111808,-0.03688181056160933,0.06818181818181812,-0.009279086366880795,0.04867256637168138,-0.03846153846153855
32,2001-12-31,-0.054681647940074914,-0.059609753268968675,-0.02410505486598313,-0.025756336876533115,-0.15544041450777202,-0.15544041450777202,-0.16216216216216214,-0.13888888888888884,-0.21568627450980396,-0.09800362976406528,-0.7688442211055276,-0.7252747252747253,0.030229746070133068,-0.048920863309352525,-0.03787878787878796,-0.011111111111111072,-0.015037593984962403,-0.0746268656716419,-0.09399477806788514,0.042553191489361764,0.032420749279538974,0.0070323488045007645,0.0
33,2002-03-31,-0.012704701531959905,-0.01088330507168178,-0.02359447004608295,-0.005035669324381042,0.12269938650306746,0.12269938650306746,0.129032258064516,0.09677419354838723,0.3656250000000001,1.1428571428571428,1.869565217391304,-14.16,-0.38615023474178395,-0.0007564296520423675,0.003937007874015741,0.011235955056179804,-0.024809160305343525,0.016129032258064502,-0.008645533141210415,0.061224489795918435,-0.01116538729937211,0.012569832402234526,0.0
34,2002-06-30,0.1220471387677573,0.12545975936662312,0.10137813856900137,0.059890341628005,0.1584699453551912,0.1584699453551912,0.17142857142857149,0.17647058823529416,-0.3398169336384439,-0.6685446009389671,-0.6893939393939394,-1.7234042553191489,0.4550669216061185,0.15972747918243746,0.06509803921568635,0.06111111111111112,0.1037181996086105,0.19047619047619047,0.15067829457364335,0.05769230769230771,-0.0183486238532109,0.06620689655172418,0.0
35,2002-09-30,0.022698552728833254,0.018888304206940543,0.04628042509427499,0.0771985674492639,0.13207547169811318,0.13207547169811318,0.12195121951219524,0.125,0.7053726169844021,0.14164305949008504,0.4878048780487805,1.2268907563025209,0.6964520367936926,-0.0776762402088772,0.03755522827687763,0.041884816753926746,0.0478723404255319,-0.16333333333333344,-0.15621052631578947,0.05454545454545445,0.02300503235082685,0.034928848641655914,0.0
36,2002-12-31,0.05047443638822191,0.05096632145478264,0.04750982961992145,-0.015145917990395219,-0.225,-0.225,-0.1956521739130436,-0.20000000000000007,-0.3871951219512195,0.12406947890818865,0.4098360655737705,-0.8339622641509434,0.06816421378776139,0.10120311394196736,-0.013484740951029028,-0.015075376884422176,0.050761421319796884,0.047808764940239,0.035429141716566866,0.05172413793103448,-0.002810962754743573,0.0,0.0
37,2003-03-31,0.006280793643748117,-0.008664390647630915,0.09665311229277453,0.0528882220555138,0.27419354838709675,0.27419354838709675,0.2432432432432432,0.25,0.6169154228855722,1.9183222958057395,-0.4069767441860465,-5.477272727272728,-0.2857142857142857,0.013496143958868778,-0.006474820143885007,0.020408163265306145,0.0998389694041868,-0.034220532319391594,-0.01927710843373487,0.049180327868852514,0.09020436927413678,0.02249999999999996,-0.040000000000000036
38,2003-06-30,0.05489512802981844,0.05045787784706102,0.07915002852253282,0.01923762023512654,0.04641350210970474,0.04641350210970474,0.04347826086956519,0.06666666666666665,-0.3733333333333333,-1.1754916792738277,0.7647058823529411,-2.903553299492386,0.7614213197969544,0.007609384908053406,-0.025343953656770446,0.0049999999999998926,0.07759882869692536,-0.08267716535433067,-0.059459459459459525,0.0625,0.02262443438914019,0.008557457212714059,0.0
39,2003-09-30,0.029395776709178367,0.05727342721605444,-0.11893749174045197,0.02446696959105199,-0.04435483870967738,-0.04435483870967738,-0.04166666666666663,-0.06249999999999989,0.6693944353518821,-7.896551724137932,-0.6666666666666667,-1.7453333333333334,-0.3221902017291066,-0.01573316551290116,-0.023774145616641932,-0.03482587064676612,-0.11684782608695655,-0.0858369098712447,-0.06060606060606066,0.0588235294117645,-0.1441213653603035,-0.023030303030303068,0.0
40,2003-12-31,0.03509627102120394,0.0410862364631539,-0.003149842507874645,-0.028317980211531868,-0.6919831223628692,-0.6919831223628692,-0.673913043478261,-0.6888888888888889,-0.2323529411764705,-0.49375,3.2333333333333334,-0.7781753130590341,-0.1054421768707483,0.1035805626598465,-0.13242009132420085,-0.15463917525773194,0.0,0.24882629107981225,0.10344827586206896,0.0,-0.03692762186115217,-0.13771712158808935,0.0
41,2004-03-31,0.045620437956204414,0.04463197797734564,0.05221185675594353,0.151685393258427,3.315068493150685,3.315068493150685,3.1333333333333337,3.3571428571428568,0.5568326947637292,0.2333333333333334,-0.17322834645669294,-1.9435483870967745,0.1112167300380229,0.10254924681344146,0.09912280701754383,0.05487804878048763,0.05692307692307685,0.1015037593984962,0.2620967741935483,0.06944444444444442,0.006134969325153561,0.05323741007194238,0.0
42,2004-06-30,-0.021749329129839182,-0.007452047693105256,-0.1164021164021164,-0.014329268292682884,-0.15873015873015872,-0.15873015873015872,-0.16129032258064513,-0.16393442622950816,-0.15504511894995898,0.08508508508508505,-0.7428571428571429,-1.8290598290598288,-0.08297690333618479,0.06831318970047273,0.07262569832402233,0.0,-0.11353711790393015,0.010238907849829282,-0.033546325878594296,0.06493506493506485,-0.096798780487805,-0.01092896174863378,0.0
43,2004-09-30,0.015020141952810206,-0.006202258927988535,0.1728435021848196,0.027219300958861714,0.13584905660377355,0.13584905660377355,0.13461538461538458,0.13725490196078427,0.24368932038834945,-0.2001845018450185,2.074074074074074,-4.257731958762887,0.294776119402985,-0.029021151008362,0.0491071428571428,0.05202312138728327,0.17569786535303789,0.09459459459459474,-0.04586776859504127,0.060975609756097615,0.15611814345991548,0.03867403314917128,0.0
44,2004-12-31,0.12119894921852857,0.13329391669951396,0.04498413136470258,0.037940379403794015,0.38870431893687707,0.38870431893687707,0.4067796610169492,0.4137931034482758,-0.25370804059328644,-2.767012687427912,0.1807228915662651,6.674050632911393,1.7471181556195967,-0.05521783181357653,0.3163120567375888,0.3131868131868132,0.0544692737430168,-0.19753086419753085,-0.12213079255088788,0.04597701149425282,-0.06788321167883192,0.30053191489361697,0.0
45,2005-03-31,-0.038515996359100524,-0.04807450775800437,0.026805757295655708,0.03249202204815771,-0.21531100478468898,-0.21531100478468898,-0.216867469879518,-0.2195121951219512,0.2280334728033473,-3.5287206266318534,-0.020408163265306145,-2.163298969072165,-0.7398373983739837,0.03592493297587152,-0.01724137931034475,-0.008368200836820217,0.02649006622516548,-0.015384615384615441,-0.24370991613221504,0.06593406593406592,0.06734534064213005,-0.010224948875255602,0.0
46,2005-06-30,0.01672481197734954,0.005500862681416807,0.0878343621399178,0.002247822422028589,0.024390243902439046,0.024390243902439046,0.030769230769230882,0.03125,0.0068143100511073315,-0.8273102736189984,-0.39583333333333337,-1.1545551222970578,0.439516129032258,0.030538302277432594,-0.023574561403508776,0.025316455696202445,0.08774193548387088,0.00390625,0.018917155903457328,0.051546391752577365,0.07043286867204701,0.02789256198347112,0.0
47,2005-09-30,-0.0093456332442452,-0.0017966731266150227,-0.05355242936517324,0.028595458368376736,0.35416666666666674,0.35416666666666674,0.3582089552238805,0.3636363636363635,-0.06260575296108295,0.4469357249626309,-6.172413793103447,-0.004587155963302725,0.303921568627451,0.1180311401305878,0.08478382930937678,0.09053497942386833,-0.05100830367734277,0.02723735408560324,0.055697823303457066,0.058823529411764726,-0.04523646333104858,0.08442211055276383,0.04166666666666674
48,2005-12-31,-0.019006840373870796,-0.020486581592412127,-0.00986759930052461,-0.027527936767511533,-0.2,-0.2,-0.19780219780219788,-0.20000000000000007,-0.12545126353790614,0.2200413223140496,-2.14,-2.3018433179723505,-0.30343716433942003,0.056154537286612786,-0.04554865424430643,-0.02264150943396226,-0.0050000000000000044,0.11363636363636355,-0.055791388720436534,0.046296296296296065,0.009332376166546918,-0.04263206672845221,0.0
49,2006-03-31,-0.003992122212167937,0.00260147830036761,-0.044279046297464375,-0.0025224215246636428,0.030219780219780112,0.030219780219780112,0.027397260273972712,0.0277777777777779,0.05572755417956654,-0.07874682472480954,-0.7660818713450293,-0.7486725663716813,-0.10948342328450268,0.0008507018290089262,0.037960954446854656,0.0347490347490349,-0.045226130653266416,0.006802721088435382,0.03532434168272314,0.06194690265486735,-0.03982930298719767,0.03097773475314614,0.0
50,2006-06-30,0.023086789226165028,0.035070016474464616,-0.05372228088701159,0.03877493677999433,0.08800000000000008,0.08800000000000008,0.09333333333333327,0.09459459459459474,0.1300097751710656,-0.12775735294117652,4.575,0.6267605633802817,-0.2,-0.0046748831279217464,0.09143155694879844,0.052238805970149294,-0.04999999999999993,0.04054054054054057,-0.03784119106699757,0.05000000000000005,-0.07555555555555571,0.03755868544600949,0.0
51,2006-09-30,0.016036356038445554,0.001253407078765756,0.11968196401171705,-0.006762239653773317,-0.10049019607843136,-0.10049019607843136,-0.09756097560975607,-0.09876543209876554,-0.07871972318339104,-0.10748155953635408,-1.5448430493273544,-2.9653679653679657,0.4913419913419914,-0.05508112724167391,-0.05552896122546669,-0.060283687943262436,0.12465373961218827,-0.003246753246753276,-0.09993552546744032,0.05555555555555558,0.10256410256410264,-0.055203619909502184,0.0
52,2006-12-31,0.024883039432419984,0.022612566069228682,0.03911797682820484,0.004357298474945592,-0.0926430517711172,-0.0926430517711172,-0.08108108108108103,-0.08219178082191769,0.0826291079812207,0.384887839433294,-1.6213991769547325,-1.3854625550660793,-0.12699564586357034,0.002259376412110381,-0.03345159655347185,-0.033962264150943285,0.04433497536945818,-0.11074918566775238,0.059455587392549976,0.0601503759398494,0.013808139534883912,-0.02777777777777779,0.0
53,2007-03-31,0.02319204079926429,0.024075081610446247,0.01774367581824721,0.017082429501084517,0.2492492492492493,0.2492492492492493,0.24999999999999975,0.25373134328358193,0.01994796183868175,0.0980392156862746,0.7152317880794703,1.1085714285714283,-0.30673316708229426,0.06537421100090167,-0.002097535395909844,0.00390625,0.023584905660377187,0.0219780219780219,0.08316430020283971,0.06382978723404252,-0.005734767025089793,0.013793103448275891,0.0
54,2007-06-30,-0.017616681919205183,-0.014780942261351291,-0.03522205206738127,0.003465742468675037,-0.002403846153846145,-0.002403846153846145,0.0,0.0,-0.01955782312925169,-0.6475155279503105,-0.5521235521235521,-2.550135501355013,0.6858513189448441,0.06855691917054596,-0.026274303730951187,-0.0038910505836575733,-0.034562211981566726,0.043010752688172005,0.03370786516853918,0.06666666666666665,-0.018024513338139925,0.0,0.0
55,2007-09-30,0.0575905779019863,0.061647792928125826,0.031868131868131984,0.025770456960680036,0.012048192771084263,0.012048192771084263,0.0117647058823529,0.011904761904761862,-0.12142237640936683,1.1409691629955951,0.1637931034482758,-1.1363636363636362,-0.05547652916073964,0.0657425742574258,0.02158661629789527,0.01171875,0.03341288782816232,0.1030927835051545,0.05495169082125595,0.0625,-0.024229074889867808,0.02235179786200181,0.0
56,2007-12-31,0.035060400151000426,0.0341950113378684,0.04070524198319725,0.040404040404040435,-0.08809523809523813,-0.08809523809523813,-0.08139534883720922,-0.08235294117647053,0.29713721618953604,-0.03292181069958844,0.07407407407407418,-4.012820512820514,0.1769578313253013,0.11185432924563354,0.0179609086106709,0.007722007722007707,0.06928406466512692,0.07476635514018692,0.07040641099026912,0.06470588235294117,0.0060195635816404644,0.009505703422053148,0.0
57,2008-03-31,0.0982296178101969,0.12497807402210134,-0.07515633882888006,0.062235499128703076,0.23759791122715399,0.23759791122715399,0.2531645569620253,0.2564102564102564,-0.08980213089802136,0.17234042553191498,4.4413793103448285,-3.787234042553192,-0.4190658989123479,0.03409090909090917,0.046185781006746085,-0.007662835249042209,-0.07559395248380119,-0.03188405797101457,-0.0005347593582886168,0.0662983425414363,-0.15781600598354528,0.001883239171374784,-0.040000000000000036
58,2008-06-30,-0.02375845798336773,-0.02310750760115376,-0.028891074502089945,0.01617061167096323,0.018987341772152,0.018987341772152,0.03030303030303028,0.020408163265306145,0.05183946488294322,-0.3539019963702359,-0.9340937896070975,-1.7312977099236642,0.527533039647577,0.06140917905623789,0.0491071428571428,0.0,-0.031542056074766456,0.14970059880239514,0.01872659176029945,0.062176165803108814,-0.005328596802842035,0.0037593984962407396,0.0
59,2008-09-30,-0.0013465245492686464,0.02081304965444586,-0.1771110267122421,-0.14875461254612546,-0.7929606625258799,-0.7929606625258799,-0.7941176470588236,-0.79,-0.05087440381558028,0.9957865168539326,11.519230769230768,-2.8225469728601253,-0.6294160057678443,-0.0922655298416567,-0.1304964539007092,-0.20463320463320456,-0.1592279855247285,-0.06249999999999989,-0.13235294117647056,0.05853658536585371,-0.17589285714285707,-0.17322097378277154,-0.04166666666666663
60,2008-12-31,0.1259491604808607,0.1365761370921088,0.021384615384615332,0.15415876456244915,0.97,0.97,1.0,1.0,0.10301507537688437,-0.2624912033779029,-1.1674347158218126,-1.4891179839633448,0.8307392996108949,-0.2418651459241864,-0.06525285481239806,-0.16990291262135926,0.01865136298421799,-0.09999999999999998,-0.07869249394673118,0.055299539170506895,-0.09317443120260016,-0.14156285390713474,0.0
61,2009-03-31,-0.0947422823360351,-0.08358553898640841,-0.2169001355625847,0.1309859154929578,1.8883248730964464,1.8883248730964464,1.9047619047619049,1.9047619047619049,0.2520880789673501,0.26431297709923673,-1.4128440366972477,-0.4028103044496487,0.2709883103081827,-0.3606194690265487,0.1966259453170447,0.08187134502923965,-0.21690140845070427,-0.3703703703703704,-0.2726675427069646,0.06113537117903944,-0.13500597371565104,0.04089709762532978,0.0
62,2009-06-30,0.05884564506022416,0.04616008166206309,0.22138872860165426,-0.10481527604815276,-0.44815465729349735,-0.44815465729349735,-0.4508196721311475,-0.4508196721311475,-0.25712553062462096,-0.2581132075471698,-6.511111111111112,0.9333333333333332,0.4122073578595318,-0.04844290657439443,-0.07049100631988325,-0.14054054054054044,0.221223021582734,0.21078431372549036,-0.12827461607949409,0.0576131687242798,0.1533149171270718,-0.12420785804816226,0.0
63,2009-09-30,0.08646651148722406,0.07236228494353636,0.24125984251968505,0.0493855784836541,0.15605095541401282,0.15605095541401282,0.16417910447761194,0.14925373134328354,0.2481632653061225,0.6063072227873856,-0.4233870967741935,-0.7667342799188641,0.06808762581409122,0.31345454545454543,0.15794979079497914,0.16981132075471672,0.24005891016200295,0.07692307692307687,0.4849740932642486,0.054474708171206254,0.14251497005988026,0.16497829232995675,0.0
64,2009-12-31,0.018035247409702748,0.012778654962935176,0.06787617356001019,0.015687140963323017,-0.3085399449035813,-0.3085399449035813,-0.3076923076923077,-0.3116883116883117,0.14977109221713536,0.006333122229259081,1.4685314685314683,3.5130434782608697,0.2876940133037693,0.21207087486157272,-0.02890695573622415,0.021505376344086,0.0653206650831355,-0.022556390977443663,-0.008374040474528943,0.05166051660516602,0.04926624737945495,0.01863354037267073,0.0
65,2010-03-31,0.012745820750005963,0.0066324036517855225,0.06772009029345383,0.10180552534261468,1.5338645418326693,1.5338645418326693,1.5185185185185186,1.5471698113207548,-0.27303754266211605,0.2391441157960981,-1.065155807365439,-2.371868978805395,-0.30650021523891524,0.15349474645957062,-0.08046511627906983,0.005263157894736858,0.06688963210702338,0.0807692307692307,0.11400422237860665,0.04912280701754401,0.053946053946053896,0.030487804878048808,0.0
66,2010-06-30,0.07115687149263894,0.0658607972070191,0.1160565260932458,-0.016781836130306038,-0.08647798742138367,-0.08647798742138367,-0.08823529411764708,-0.08888888888888903,0.3654147104851331,-0.3869984763839512,-1.6956521739130437,-1.8047752808988764,0.35567970204841703,-0.04475247524752468,0.0490642387455742,0.11518324607329845,0.11285266457680244,-0.10320284697508897,-0.08212255211623509,0.046822742474916364,0.041706161137440745,0.1301775147928994,-0.0434782608695653
67,2010-09-30,0.0723813281601069,0.06773879742393074,0.10997008973080756,0.08313253012048194,0.18760757314974172,0.18760757314974172,0.18548387096774202,0.1869918699186992,0.057879656160458426,0.5774647887323943,16.0625,-0.5636998254799301,0.1144688644688645,-0.010779436152570598,0.0790742526518804,0.13145539906103298,0.10892018779342716,-0.11111111111111104,-0.15347556779077764,0.04472843450479247,0.035486806187443154,0.1277486910994765,0.0
68,2010-12-31,0.03266457488016505,0.03774651135970486,-0.0069163747417587676,-0.01872450871338527,-0.3666666666666667,-0.3666666666666667,-0.36734693877551017,-0.3767123287671232,0.1484290357529794,0.2352941176470589,-1.3846153846153846,-2.252,-0.12859490550534106,0.1441743503772004,0.016532618409293987,0.03734439834024905,-0.0042337002540220325,0.03125,-0.028455284552845624,0.04587155963302747,-0.038664323374341,0.05013927576601662,0.0
69,2011-03-31,0.0010490998525320985,0.0015447362279541466,-0.002984804630969617,-0.033251464197997405,-0.09610983981693366,-0.09610983981693366,-0.09677419354838723,-0.07692307692307697,0.022169811320754684,-0.14413265306122447,0.6285714285714286,-0.8945686900958466,-0.01555869872701554,-0.015384615384615441,-0.1450549450549451,-0.14000000000000012,0.001700680272108901,-0.008658008658008698,-0.09121338912133893,0.04385964912280693,-0.0036563071297989187,-0.1052166224580018,-0.045454545454545525
70,2011-06-30,0.05029413218646495,0.045815672088945984,0.08690918987571439,-0.005667383232362711,-0.2911392405063291,-0.2911392405063291,-0.2857142857142857,-0.2857142857142857,0.020304568527918843,0.5007451564828613,-0.9766081871345028,23.15151515151515,-0.3817049808429118,-0.0558035714285714,-0.17994858611825193,-0.17674418604651154,0.08828522920203752,-0.061135371179039326,0.05248618784530379,0.04201680672268915,0.034862385321100975,-0.1472332015810276,0.0
71,2011-09-30,0.07990059492431656,0.08228029410828541,0.06118020198647866,0.17669025157232698,1.657142857142857,1.657142857142857,1.666666666666667,1.6500000000000004,0.4056987788331072,-0.09136047666335644,-41.0,-1.7164366373902131,0.4422927962819521,-0.22419227738376668,-0.005015673981191182,-0.011299435028248485,0.06240249609984394,-0.2837209302325581,-0.09536307961504807,0.040322580645161255,-0.017730496453900683,0.0011587485515642815,-0.04761904761904756
72,2011-12-31,0.02076359832635988,0.015587318393035732,0.062293534686172825,-0.0013362284950726446,-0.2674731182795699,-0.2674731182795699,-0.26875000000000004,-0.2767295597484277,0.07979407979407971,0.11111111111111116,-0.50625,-0.3222416812609457,0.20784103114930172,0.02488572879634332,0.00567107750472573,0.022857142857142687,0.06167400881057272,-0.038961038961038974,-0.009671179883945835,0.04134366925064592,0.04061371841155248,0.0254629629629628,0.0
73,2012-03-31,-0.013236323888575765,-0.016284412525580102,0.010143639863764207,0.04365278474661305,0.44036697247706413,0.44036697247706413,0.4358974358974359,0.4608695652173913,0.059594755661501735,0.4544262295081967,10.405063291139241,-1.1007751937984496,-0.01734104046242779,0.14767096134786928,0.1378446115288221,0.16201117318435765,0.008990318118948792,0.08108108108108114,0.08203125,0.04218362282878418,0.024284475281873386,0.14108352144469527,0.049999999999999815
74,2012-06-30,0.057610426474660865,0.06006338988705617,0.03928754672725932,-0.054166666666666696,-0.3847133757961784,-0.3847133757961784,-0.3809523809523809,-0.38690476190476186,0.03740157480314954,-0.18349864743011726,-1.1953385127635958,1.0512820512820509,-0.03619909502262442,-0.08549222797927457,0.042400881057268684,0.04807692307692313,0.03769705277587399,-0.09375000000000012,-0.2382671480144405,0.03809523809523818,-0.01778154106689256,0.04945598417408514,0.0
75,2012-09-30,0.12790383686962506,0.12797371100620206,0.1273714648423725,0.16011521518129454,1.105590062111801,1.105590062111801,1.0865384615384612,1.0970873786407769,0.1401463811330983,0.2261181667586969,-7.0,-11.6875,0.4014084507042253,0.07648725212464602,0.04331748547279468,0.05504587155963292,0.1254953764861293,0.04137931034482767,-0.0082938388625593,0.038990825688073334,0.0,0.06786050895381712,-0.04761904761904756
76,2012-12-31,-0.04894080092861286,-0.05530343440974928,-0.00043791054113229133,-0.06893530013144444,-0.4287118977384464,-0.4287118977384464,-0.42396313364055294,-0.4259259259259259,-0.16761768901569185,0.0027020941229451982,-0.8446969696969697,-2.104093567251462,-0.31624790619765497,0.1206140350877194,-0.02886075949367095,-0.017391304347826098,0.0023474178403755093,-0.006622516556291425,0.01433691756272415,0.03752759381898452,0.05086206896551726,-0.0026478375992938785,0.0
77,2013-03-31,-0.0805223732588829,-0.08785051600125092,-0.02772562273125545,-0.026196078431372505,0.5352839931153184,0.5352839931153184,0.528,0.532258064516129,0.0945444158811768,-0.30720862339995514,-1.951219512195122,-1.5879237288135593,0.27192552670259684,0.004305283757338518,0.005213764337852035,0.026548672566371726,-0.024590163934426142,0.0,-0.010600706713780885,0.03829787234042548,0.05742411812961445,0.038938053097345104,0.0
78,2013-06-30,-0.035051187177487564,-0.02272316029065835,-0.11837785645317025,-0.02641752577319589,-0.0033632286995515237,-0.0033632286995515237,0.0,0.0,-0.5130480167014614,-0.11669367909238247,-5.371794871794871,-1.3747747747747747,-0.08012326656394453,0.0452065471551053,0.14574688796680513,0.15086206896551735,-0.11644657863145258,0.07333333333333347,0.008333333333333305,0.0348360655737705,-0.08611326609775005,0.12947189097103906,0.0
79,2013-09-30,0.030993955963649844,0.025755966360349717,0.07023948598130847,-0.026141628060886823,-0.21034870641169856,-0.21034870641169856,-0.2094240837696335,-0.21052631578947367,-0.21704180064308687,-0.3721100917431193,-0.10997067448680352,-2.735576923076924,0.15117252931323288,0.11595824011931401,-0.07333635129017667,-0.05992509363295884,0.06793478260869558,0.26086956521739113,-0.018890200708382543,0.035643564356435675,0.03735144312393879,-0.05731523378582204,0.0
80,2013-12-31,0.011582914991911109,0.013556906707201222,-0.0025924409878564925,-0.014441046551138316,-0.038461538461538436,-0.038461538461538436,-0.026490066225165587,-0.026666666666666727,1.31895961670089,1.086499123319696,-0.9950576606260296,-1.5706371191135733,-0.07493634048745001,0.08252589375208808,0.054714215925744984,0.05179282868525892,0.020356234096692072,0.014778325123152802,0.19253910950661848,0.034416826003824015,-0.013911620294599024,0.055199999999999916,0.0
81,2014-03-31,0.016363441516153317,0.008707715091810675,0.07222982216142282,-0.027753835545595632,0.08444444444444454,0.08444444444444454,0.09523809523809534,0.09589041095890427,-0.5233175914994097,-0.4053221288515406,-11.666666666666664,1.6650485436893203,-0.2158867479355092,-0.018827160493827155,-0.05280222325150541,-0.05681818181818187,0.07605985037406504,-0.03883495145631066,-0.05045408678102925,0.03512014787430684,0.054771784232365166,-0.0272934040940106,-0.05000000000000005
82,2014-06-30,0.0371394737695876,0.025061329170383617,0.12005613676958404,0.03510638297872348,0.10655737704918034,0.10655737704918034,0.11180124223602483,0.11250000000000004,-0.0606811145510836,-0.3071125765426284,-8.28125,-1.4699453551912567,0.12938816449348045,-0.01635734507706821,-0.08655256723716376,-0.048192771084337394,0.12282734646581672,-0.08585858585858586,0.028692879914983926,0.03214285714285725,0.08025177025963814,-0.017926734216679674,0.0
83,2014-09-30,-0.004832995753532909,-0.008276449738471414,0.016801458024831906,-0.0174717368961973,-0.1283950617283951,-0.1283950617283951,-0.12849162011173187,-0.1235955056179775,-0.04746209624258402,-0.6261046906866077,-3.2446351931330466,0.6046511627906976,0.18383658969804628,-0.025263831148065186,-0.047644539614560937,-0.012658227848101222,0.02218782249741991,-0.13259668508287292,-0.0061983471074380505,0.03287197231833905,0.02184996358339397,0.007936507936507908,-0.05263157894736848
84,2014-12-31,-0.05882768972047814,-0.07294332723948815,0.02767041953733274,-0.03870292887029292,-0.004249291784702569,-0.004249291784702569,0.012820512820512777,0.0,0.3653979238754326,-0.8236363636363636,-1.3346080305927344,3.811594202898551,0.7471867966991748,-0.036417322834645605,-0.04440697020798201,0.012820512820512777,0.05502271580010088,-0.057324840764331315,-0.04573804573804574,0.0318257956448913,0.0919458303635068,0.022047244094488102,0.0
85,2015-03-31,0.013643157130094341,0.013251824097811005,0.015806398866299753,-0.05223068552774757,-0.056899004267425335,-0.056899004267425335,-0.03797468354430378,-0.03205128205128205,-0.26001013684744045,20.422680412371133,0.8400000000000001,-1.1480923694779115,-0.06333190210390728,0.03030303030303028,-0.06352941176470595,-0.021097046413502074,0.027751196172248967,-0.020270270270270285,0.01416122004357301,0.032467532467532534,0.001958224543080922,-0.004622496147919764,0.0
86,2015-06-30,-0.04794029703214964,-0.040880074734342735,-0.08687020443204374,0.011672407194795342,-0.1357466063348416,-0.1357466063348416,-0.125,-0.1258278145695364,0.12534246575342456,-0.2839268527430221,-5.375776397515528,3.2711864406779663,-0.28879211551684625,0.044282881692002674,-0.07537688442211066,-0.05603448275862066,-0.08007448789571693,0.013793103448275891,0.05907626208378081,0.02987421383647781,-0.041042345276873005,-0.059597523219814375,0.0
87,2015-09-30,0.016213737552019714,0.016608666538153294,0.013926430837936321,-0.046718365802912776,-0.010471204188481686,-0.010471204188481686,-0.007518796992481258,0.0,0.014607425441266031,-0.6525537634408602,-0.4755145493257629,-1.3309523809523809,0.1343860779890429,-0.07943037974683552,-0.04415760869565222,-0.03652968036529669,0.02327935222672051,0.0,-0.008113590263691739,0.03053435114503822,-0.0020380434782608647,-0.020576131687242816,0.0
88,2015-12-31,0.007160189008556417,0.0038722554890220358,0.026253259924659437,0.05535714285714288,0.28747795414462085,0.28747795414462085,0.2954545454545454,0.28787878787878785,0.20335932813437307,0.5744680851063829,-0.5115020297699594,0.9904076738609112,0.23579545454545456,0.059814369199037376,0.01990049751243772,0.0142180094786728,0.04253214638971303,0.034013605442176915,0.10429447852760744,0.029629629629629676,0.01906058543226674,0.020168067226890685,0.0
89,2016-03-31,0.08005342530601213,0.07115162842486189,0.13061892929749264,0.02481669486745619,0.00136986301369868,0.00136986301369868,0.023391812865497075,0.0235294117647058,-0.3364905284147557,0.8267813267813269,1.1218836565096957,-2.085542168674699,-0.20712643678160925,-0.03600389231268242,0.006968641114982521,0.014018691588785215,0.1470588235294119,-0.07236842105263164,-0.05925925925925935,0.03021582733812944,0.046760187040748136,0.01565074135090616,0.0
90,2016-06-30,0.10582627616110707,0.10201865515801199,0.1263173667648969,-0.002568336085121969,-0.25034199726402184,-0.25034199726402184,-0.24,-0.2413793103448275,0.14425244177310306,-0.3665097511768661,-0.3276762402088773,-1.2785793562708103,0.07277471730936512,0.1339165545087484,-0.08027681660899655,-0.05990783410138245,0.13854425144747728,-0.014184397163120588,0.0915354330708662,0.02793296089385477,0.018506700701978133,-0.017031630170316392,-0.05555555555555547
91,2016-09-30,0.01991690672177904,0.021720272535098676,0.010421286031042198,0.05131506345411063,0.1478102189781021,0.1478102189781021,0.1578947368421053,0.15909090909090895,-0.16874589625738678,-0.7781316348195328,-1.8660194174757283,5.254980079681276,0.4243243243243244,0.07952522255192873,-0.044394281414597336,-0.02450980392156865,0.014166363966581885,-0.050359712230215736,0.07935076645626693,0.028532608695652106,-0.009398496240601515,-0.0074257425742574315,0.0
92,2016-12-31,-0.09911104017321183,-0.09874212799630723,-0.1010752688172043,0.041812456263121016,0.1939586645468998,0.1939586645468998,0.1948051948051948,0.19607843137254896,0.4747235387045814,4.822966507177034,-2.7578475336322867,-1.261783439490446,-0.07798861480075903,-0.02803738317757021,-0.024409448818897728,-0.015075376884422176,-0.0863180515759312,-0.03787878787878796,-0.060985797827903136,0.02774108322324964,-0.001897533206831059,-0.01995012468827928,0.0
93,2017-03-31,0.029510318212280232,0.03633719600867047,-0.006932916707352743,-0.10848026868178008,-0.21171770972037285,-0.21171770972037285,-0.1956521739130436,-0.19672131147540986,-0.058918050348152125,0.25472473294987674,0.11734693877551015,0.5912408759124088,-0.1345955958016053,-0.011595022624434348,-0.0556900726392251,-0.061224489795918324,0.004704037632300873,0.07874015748031504,-0.031138790035587168,0.02827763496143953,-0.035487959442332066,-0.04664970313825279,-0.058823529411764726
94,2017-06-30,0.013049008604564259,0.005127526255405579,0.0571779744346117,0.022414767376153662,0.20439189189189189,0.20439189189189189,0.21621621621621626,0.217687074829932,-0.1986340352874217,-0.35166994106090377,-0.5947488584474886,-1.0902140672782874,0.014030915576694449,0.08669527896995688,0.07863247863247858,0.07608695652173925,0.06125634022629733,0.08029197080291972,0.1340679522497703,0.02625000000000011,0.04336399474375807,0.06583629893238441,0.0625
95,2017-09-30,0.0050888517955005605,0.0018877698852410862,0.022043435799655956,0.014369933677229163,0.0042075736325386534,0.0042075736325386534,0.005555555555555536,0.005586592178770999,0.01633522727272729,-0.6262626262626263,0.07605633802816891,10.237288135593221,0.1554878048780488,0.06055818852027395,0.04199683042789215,0.04545454545454541,0.02757352941176472,0.0,-0.01457489878542506,0.026796589524969328,0.0170025188916878,0.04257095158597668,0.0
96,2017-12-31,0.008333149621921887,-0.013031742414947534,0.11926104563862228,-0.014892844169996368,2.607541899441341,2.607541899441341,2.6408839779005517,2.6277777777777778,0.07058001397624047,5.875675675675676,0.18324607329842932,-3.1659125188536947,-0.29145524660036537,0.06256206554121135,0.5840304182509506,0.6425120772946862,0.1291592128801431,0.03378378378378377,0.020542317173377175,0.02609727164887321,0.11021671826625368,0.7013610888710968,-0.058823529411764726
97,2018-03-31,0.07389026141075816,0.09279073690940254,-0.012643304333685657,0.007374631268436627,-0.7224157955865274,-0.7224157955865274,-0.8603945371775417,-0.8606431852986217,-0.19190600522193213,-0.9217767295597484,0.04646017699115035,-1.4101671309192199,0.16871956459467194,0.5761682242990653,-0.016802688430148868,0.0,-0.00602027883396694,0.3986928104575165,-0.0628019323671497,0.03005780346820797,-0.08087005019520355,0.019764705882352903,0.0
98,2018-06-30,-0.036442357284399714,-0.039676929202317364,-0.020051879606373783,0.022877013177159625,0.16039051603905152,0.16039051603905152,0.17391304347826098,0.17582417582417587,0.26736672051696275,5.251256281407035,0.08879492600422823,-1.3955857385398982,-0.05710784313725493,-0.3433145567743848,0.00048828125,0.014705882352941124,-0.011794708320051028,-0.3411214953271029,-0.3625429553264605,0.02918069584736238,0.016990291262135804,0.017535763728657058,0.0
99,2018-09-30,-0.028488724240418036,-0.029436650703128956,-0.023781512605042018,-0.0021470746108427363,0.015625,0.015625,0.0185185185185186,0.01869158878504673,0.1803696622052262,0.389871382636656,0.01941747572815533,0.7939914163090129,-0.10865609565895508,0.019413092550790045,0.013177159590044065,0.02318840579710124,-0.015483870967741953,0.035460992907801366,-0.009433962264150941,0.028353326063249806,0.004773269689737347,0.02358276643990931,0.0
100,2018-12-31,0.017869958895469832,0.019501861263915957,0.009813204786089269,-0.08050923435538815,-0.37751479289940826,-0.37751479289940826,-0.3818181818181817,-0.3853211009174312,-0.26835853131749465,-0.7628687102371313,-0.8038095238095238,-3.172248803827751,0.26480023330417035,-0.013507528786536716,-0.4065510597302505,-0.41643059490084977,0.02457404980340749,0.0,-0.04353741496598629,0.0275715800636267,-0.007719714964370516,-0.4054054054054054,-0.0625
101,2019-03-31,0.03755537512641904,0.0229682583116706,0.1102634046543347,0.10315912636505464,0.7642585551330798,0.7642585551330798,0.8088235294117645,0.8358208955223879,0.13948339483394845,2.148780487804878,5.660194174757281,-1.4900881057268722,-0.102605487664284,0.06554433221099898,0.0527597402597404,0.07281553398058249,0.11736488647265753,0.04109589041095885,0.8051209103840682,0.02786377708978338,0.07001795332136429,0.06259314456035757,0.06666666666666665
102,2019-06-30,0.03927127451451473,0.029499289475883875,0.08414910361242267,-0.02580873254375116,-0.11961206896551725,-0.11961206896551725,-0.105691056910569,-0.11382113821138208,-0.4734455958549223,0.112316034082107,-0.5743440233236152,0.9617977528089888,-0.22430626927029806,0.0950073730777332,-0.048573631457209054,-0.018099547511312264,0.0915855752718948,-0.019736842105263164,0.008668242710796026,0.02710843373493965,0.043064876957494384,-0.0007012622720898866,-0.0625
