,Quarter end,Assets,Current Assets,Liabilities,Current Liabilities,Shareholders equity,Revenue,Earnings,Earnings available for common stockholders,EPS basic,EPS diluted,Cash from operating activities,Cash from investing activities,Cash from financing activities,Cash change during period,Cash at end of period,Price,ROE,ROA,Book value of equity per share,P/B ratio,P/E ratio,Cumulative dividends per share,Equity to assets ratio,Net margin,Asset turnover,Current ratio
0,1994-01-30,0.1915737828062936,0.2438313568497117,0.10837345096740993,0.1706248398346537,0.2566846922770793,0.2082044594050798,0.2405893086436439,0.2405893086436439,0.2264150943396226,-0.3833333333333333,-3.1348816990622863,63.47914691943128,-17.059627329192548,-1.0736532495265725,0.01928717634894173,0.21304347826086967,0.05960516324981025,0.08796821793416587,0.2,-0.1792114695340502,0.005681818181818121,inf,0.05454545454545445,0.012820512820512777,0.034782608695652195,0.06255084515954068
1,1994-05-01,0.1915737828062936,0.2438313568497117,0.10837345096740993,0.1706248398346537,0.2566846922770793,0.2082044594050798,0.2405893086436439,0.2405893086436439,0.2264150943396226,-0.3833333333333333,-3.1348816990622863,63.47914691943128,-17.059627329192548,-1.0736532495265725,0.01928717634894173,0.21304347826086967,0.05960516324981025,0.08796821793416587,0.2,-0.1792114695340502,0.005681818181818121,inf,0.05454545454545445,0.012820512820512777,0.034782608695652195,0.06255084515954068
2,1994-07-31,0.07763634707115008,0.050437994990005335,0.06728860980415098,0.08448361605581313,0.08477857796621335,0.07024982252778766,0.055655426631076255,0.055655426631076255,0.04615384615384621,-0.3833333333333333,-0.39388562452731396,-0.6242438497328208,-0.9395691522277227,-13.635120350109409,-0.23908452891124776,-0.01433691756272404,0.05960516324981025,0.08796821793416587,0.08333333333333348,-0.1792114695340502,0.005681818181818121,inf,0.006761325219743153,0.012820512820512777,0.034782608695652195,-0.031390897490429566
3,1994-10-30,0.16090056699639188,0.18564949574075085,0.2414398254838725,0.08923258528536704,0.1062069186587642,0.06262663892346687,0.08535158937663412,0.08535158937663412,0.08823529411764698,-0.3833333333333333,2.4511685943273984,1.0847971519111148,18.35152,-4.758540070138978,1.1809574337836182,0.08363636363636373,0.05960516324981025,0.08796821793416587,0.10769230769230753,0.0,0.005681818181818121,inf,-0.0471793149764943,0.012820512820512777,0.034782608695652195,0.08852977340593715
4,1995-01-29,0.06894074876737344,0.08232015778477209,0.07043716670672627,0.09740690083052496,0.0678003113020873,0.08189432190817403,0.042949063361754636,0.042949063361754636,0.027027027027026973,-0.3833333333333333,-1.014072755590166,-1.1654265849745258,-0.8848007805071643,-0.6515533745723467,0.18867889221556888,-0.04026845637583898,0.05960516324981025,0.08796821793416587,0.06944444444444442,-0.13318777292576411,0.005681818181818121,inf,-0.0010572687224670307,0.012820512820512777,0.034782608695652195,-0.013756656446667792
5,1995-04-30,0.12752850474273214,0.13157110302702654,0.14394288258733345,0.14356934519603004,0.11498802551326492,0.3345748338299335,0.4228513250668611,0.4228513250668611,0.42105263157894735,-0.3833333333333333,-39.00197628458498,-5.0009642107651295,0.012416564989593093,-1.6550629772885053,-0.10397808667726648,0.09440559440559436,0.05960516324981025,0.08796821793416587,0.10389610389610393,0.022670025188916698,0.005681818181818121,inf,-0.011113071088375335,0.012820512820512777,0.034782608695652195,-0.01051253732564328
6,1995-07-30,0.2855411576897662,0.3657019666026571,0.14314262362529218,0.21983646974979296,0.3971579050763243,0.3290378553799824,0.48675174881187605,0.48675174881187605,0.4537037037037037,-0.3833333333333333,-0.9170263664257112,2.7855289831445544,24.1887849142209,-5.623214736310875,0.5364969488269675,0.6709265175718853,0.09029021855965612,0.08796821793416587,0.3294117647058823,0.5147783251231529,0.4502824858757064,inf,0.08687120941848002,0.05733432613551748,0.04201680672268915,0.1195948739148407
7,1995-10-29,0.12404539425828355,0.12312196610344063,0.14654632164483594,0.13391178254730818,0.10961496705379203,0.09465023326694033,0.11626871246731607,0.11626871246731607,-0.4649681528662421,-0.3833333333333333,30.98433093074272,-0.37426180088752414,-0.7480052798518491,-0.7436714733268566,0.08950194958892821,0.24856596558317398,0.07098258297732496,0.08796821793416587,0.09734513274336297,-0.06016260162601628,-0.019088430074016397,inf,-0.012965698342359944,0.044366197183098637,0.040322580645161255,-0.009526271092567208
8,1996-01-28,0.09345584493584136,0.08351917038016321,0.09936321576882844,0.1251457821524351,0.0895412006596008,0.05895283162875886,0.10442862842507616,0.10442862842507616,0.1071428571428572,-0.3833333333333333,0.6153710489702338,0.07714220738027701,-1.0437919519304868,-1.80763989438719,-0.06634714618062232,-0.1699846860643186,0.05983430500153419,0.07198748043818459,0.08870967741935497,-0.24394463667820065,-0.32327243844320896,inf,-0.0034918523445294225,0.04989885367498337,0.023255813953488413,-0.03698042870456675
9,1996-04-28,0.028159040940801683,-0.0017782732064852702,-0.06280020718673207,-0.08625033906678503,0.0889784890901606,0.08387149474331612,0.08270891356787424,0.08270891356787424,0.08602150537634401,-0.3833333333333333,-1.1703120071815027,-0.8436527691350342,1.5141545524100994,2.5268652781439496,-0.2506257494004797,-0.1236162361623616,0.01360741169658386,0.04184914841849152,0.0888888888888888,-0.19450800915331806,-0.2793427230046949,inf,0.05906891373268808,0.03468208092485536,0.007575757575757569,0.09243990245035416
10,1996-07-28,0.04542420894728183,0.031241213283775163,-0.020665772094268453,-0.029948744112232476,0.08345576751226202,-0.011021806881203687,-0.09016741918297723,-0.09016741918297723,-0.08910891089108908,-0.3833333333333333,-10.982299939456535,6.887704335465528,0.9956380604585108,-1.5809051086160242,0.1942817998629951,-0.17263157894736836,-0.042273636103970384,-0.021952358710882858,0.08163265306122458,-0.2414772727272727,-0.28175895765472303,inf,0.036395147313691416,-0.008069522036002419,-0.015037593984962403,0.06307359767548992
11,1996-10-27,0.04382293050174546,0.04450007039432058,0.06290139860081223,0.0882147602901513,0.03389927352157107,-0.22813387554867026,-0.5677900938095182,-0.5677900938095182,-0.5543478260869565,-0.3833333333333333,-0.01907289871670004,-0.2218958370877636,-4.243480912926346,3.2475871831167162,0.6909833869239015,-0.16030534351145045,-0.1798389501938561,-0.16380133715377265,0.03144654088050314,-0.2209737827715356,-0.19047619047619055,inf,-0.009425357251444331,-0.0944931163954944,-0.07633587786259544,-0.040165327822406005
12,1997-01-26,0.03861970919632207,-0.027055378083517326,0.062110571317221634,0.07244337471009721,0.026058196315006832,-0.02924881353097364,-0.5952348368732211,-0.5952348368732211,-0.6097560975609756,-0.3833333333333333,0.4041542551837263,0.9707656854343748,-2.2586468993402185,-1.2092220067862336,-0.08549399833617244,0.4030303030303031,-0.2774545454545455,-0.2655625356938893,0.024390243902439046,0.3557692307692306,0.5868347338935576,inf,-0.012124002455494054,-0.1976503109882516,-0.0826446280991735,-0.09279066537019033
13,1997-04-27,0.03000567687843136,0.050035359801725576,0.029852387039651877,0.04795120132246167,0.03009052731813333,0.07787493299640103,2.4530547384792243,2.4530547384792243,2.375,-0.3833333333333333,-0.7693411523358579,-0.35021609027902234,-0.5885971137922876,3.8276281494352737,-0.4513182332587896,0.3282937365010801,-0.21590337191746345,-0.21384136858475888,0.02976190476190488,0.2978723404255321,0.7369814651368051,inf,0.0,-0.13264427217915584,-0.0990990990990992,0.0019905068136578663
14,1997-07-27,0.0918732709107546,0.10693415136789386,0.13656083278458198,0.17153058972173166,0.06714310803151613,0.1735881855378516,0.8273687714797662,0.8273687714797662,0.8148148148148147,-0.3833333333333333,0.8623806850084221,-0.4321162932652093,-0.09615326412638847,-1.062412266493899,0.05133721503996848,0.4585365853658536,0.007060333761232496,-0.004945598417408492,0.057803468208092575,0.4153005464480872,0.7962398373983741,inf,-0.02252602143855842,0.0635551142005959,-0.06000000000000005,-0.05512683374083127
15,1997-10-26,0.19328454078075152,0.2380014703569409,0.3507856227234074,0.13864717390403958,0.10045335893677397,0.21107297200922012,-0.034806650556445606,-0.034806650556445606,-0.5204081632653061,-0.3833333333333333,-0.6337001416985739,1.8642393069842988,-18.878783819983926,21.585447904652057,1.1028564187286447,0.2185061315496097,0.20395156150414276,0.16699801192842956,0.0983606557377048,0.15250965250965254,0.1835926449787837,inf,-0.0778766687857596,0.14192343604108304,0.021276595744680767,0.08725184975538736
16,1998-01-25,0.022838364065705274,0.009670437043494795,-0.021659827256946484,-0.032701228453563484,0.055031811543244664,0.021312937559942347,0.27067477169900345,0.27067477169900345,0.3191489361702129,-0.3833333333333333,0.6989744687155344,-0.5539407956368124,-1.115507218147629,-1.5095348946076033,-0.2672288150914086,-0.2616651418115279,0.31656961355214386,0.29216354344122664,0.054726368159204064,-0.32830820770519265,-0.4110898661567878,inf,0.031540847983454016,0.2551103843008993,0.03125,0.043806478003793226
17,1998-04-26,-0.008960635672025541,-0.031507153743625234,-0.06384184317811847,-0.09840160797736086,0.02785846001590153,-0.10045920844851786,-0.38302613011319697,-0.38302613011319697,-0.3709677419354839,-0.3833333333333333,-0.6286539225470154,-1.141732725097218,0.314043422567412,-0.8417355717029984,-0.057716264662075474,0.07063197026022316,-0.004825090470446325,-0.011206328279499078,0.02830188679245293,0.017456359102244526,-0.23336038961038966,inf,0.03709273182957396,-0.004560260586319309,-0.010101010101010057,0.07420998254301893
18,1998-07-26,-0.019521608435946414,-0.028126251059162333,-0.08719338920976227,-0.13529558007886933,0.021828149863393875,-0.24808384821765586,-0.6635273790725176,-0.6635273790725176,-0.6666666666666667,-0.6486486486486487,11.299606021864482,-18.18062700611177,-0.9842425438975332,-5.100110823790174,0.2511378182335371,-0.03472222222222232,-0.2270707070707071,-0.22,0.018348623853211118,-0.06127450980392157,-0.08523028057173099,inf,0.04221040760431771,-0.15837696335078533,-0.0714285714285714,0.12390554523746332
19,1998-10-25,-0.02183915253040025,-0.01792347463620281,0.016587311532727522,0.05767370158273799,-0.042813898398351265,-0.23888993782864945,-4.929730412273502,-4.929730412273502,-4.9230769230769225,-4.9230769230769225,-0.5684429802697033,-0.8827529373827542,-17.45105716523101,1.4216853513186516,0.48609894666677006,-0.1390887290167866,-0.6189231573444851,-0.6111111111111112,-0.054054054054054064,-0.1566579634464752,0.058449074074073966,inf,-0.02148709228628853,-0.5559875583203733,-0.1208791208791209,-0.07147072710103873
20,1999-01-31,0.006297553680838508,0.022331629702567968,-0.03783654704541728,-0.06739269229187195,0.03188275666926543,0.10291520287583844,-1.2832179254427543,-1.2832179254427543,-1.2745098039215683,-1.2745098039215683,-0.25188385707755145,3.6455809486390334,1.2490479817212492,-1.0680528094904012,-0.0222598899522779,0.6545961002785516,-0.7640603566529492,-0.7604395604395604,0.02857142857142869,0.7523219814241486,3.4034991798797165,inf,0.02543443917851507,-0.7232924693520141,-0.13750000000000007,0.09623085234856664
21,1999-05-02,0.07312804528843198,0.1009976542297386,0.11322331902044215,0.18885785539028865,0.05145468407184217,0.5052668298142569,1.6782452491254607,1.6782452491254607,1.714285714285714,1.5714285714285712,-0.3005860863623223,-0.10251470671152296,-0.10451236031154754,2.4236957200874727,-0.07794616296912704,0.2685185185185184,-0.011627906976744096,0.0,0.04166666666666652,0.2332155477031803,4.757263471566922,inf,-0.02018179017100596,0.025316455696202445,-0.02898550724637672,-0.07392590015654897
22,1999-08-01,0.0832843994164747,0.1118422613953154,0.08323626813424778,0.13073076705943087,0.08331194501750683,0.2826383781336512,0.7256264164530954,0.7256264164530954,0.7105263157894737,0.6944444444444444,1.450520441905907,0.2262551698863935,-0.20675963129283856,-2.3558181444898145,0.11461458952029058,0.09157266091572658,3.4294117647058826,3.412844036697248,0.0755555555555556,0.04727793696275051,0.18253574586469407,inf,0.0,2.9259259259259265,0.13432835820895514,-0.016685449536689267
23,1999-10-31,0.16293636531838507,0.1490925266742298,0.12906886556759736,0.19069960849541426,0.18231742942727447,0.0920907423038555,0.2589560421576329,0.2589560421576329,0.24615384615384614,0.2622950819672132,0.5865334115382994,0.4994385788145688,4.286454919253918,3.1267435013039453,0.42434848503198097,0.16778115501519775,1.7144754316069055,1.7276507276507282,0.16115702479338845,0.08618331053351591,-0.7664362701293017,inf,0.01666666666666661,1.4166666666666663,0.11842105263157897,-0.03495590716627928
24,2000-01-30,0.05241106245519278,0.07945264275329866,-0.028882628901954588,-0.04874945564046329,0.09683710887003237,0.0647924048385109,0.06746633995105755,0.06746633995105755,0.04938271604938271,0.038961038961039085,-0.5552588848187274,-0.16713694694612036,-0.5357899720443683,-1.1100324944041946,-0.0327813893828528,0.5106715252472669,0.23874755381604684,0.253810975609756,0.09608540925266906,0.30100755667506296,-0.5179198875614898,inf,0.04222084751005273,0.14964216005204944,0.09411764705882364,0.1347936528881999
25,2000-04-30,0.15186103030051434,0.18792837309026145,0.14571707525637054,0.2123096124649011,0.15483378064671305,0.3137897378276704,0.4274436857055004,0.4274436857055004,-0.3176470588235294,-0.325,1.005791684097861,-0.8060093877453344,-0.5694616449333431,-13.80865569882911,0.4904393407377268,0.5809786354238458,0.16785150078988953,0.18601823708206688,0.10389610389610393,0.4424007744433689,0.1702299967606089,inf,0.0026710194390857644,0.11375212224108665,0.06451612903225801,-0.0201168638623217
26,2000-07-30,0.13394972148262796,0.16385512795935075,0.17142847390828475,0.2355454946365525,0.11595879862079506,0.2474837114177837,0.2877337263341089,0.2877337263341089,0.2931034482758621,0.2962962962962961,0.09798472289939864,4.807098547864092,1.2955160744500844,-0.5486519324230502,0.13146300217473186,-0.053182214472537126,0.11599594183293882,0.12608918503331634,0.111764705882353,-0.14228187919463098,-0.2622837370242215,inf,-0.015983424596714424,0.0650406504065042,0.06060606060606055,-0.058029489423561786
27,2000-10-29,0.14393453480992102,0.17038164081890672,0.1141344692941264,0.16021321570790506,0.15895049644501524,0.0890796141181569,0.09713786952553982,0.09713786952553982,0.053333333333333455,0.05714285714285716,0.7101693828110738,0.012585048464727187,-1.6152286883131244,0.953371960364564,0.22695938071319266,-0.26127992633517483,0.06515151515151496,0.07510241238051885,0.1613756613756614,-0.3356807511737089,-0.40544090056285176,inf,0.01323507294329973,0.029580152671755625,0.03809523809523818,0.00875562974394506
28,2001-01-28,0.021552704269879763,0.016252246964554296,-0.05438658073994696,-0.07226771209014282,0.05833807690726856,-0.08209461866588519,-0.15748659105627605,-0.15748659105627605,-0.12658227848101278,-0.108108108108108,-1.0062404071411262,-1.3944165555272503,1.2682162183749677,-0.9955310415429391,0.0008266549486406483,-0.3103770645060767,-0.0056899004267425566,0.0042337002540220325,0.056947608200455635,-0.40636042402826855,-0.41306405806248025,inf,0.03592103310078665,0.0,0.00917431192660545,0.09541353148708986
29,2001-04-29,-0.02102038435094189,-0.036666394665451296,-0.14128897980681676,-0.17850127701225615,0.031033135331931968,-0.3008631585730752,-0.5937517357782647,-0.5937517357782647,-0.5942028985507246,-0.5909090909090908,-194.85899214054558,-4.5528977302949025,-0.7982744959943657,240.07488986784145,0.19912114622132893,0.09037505648441037,-0.1765379113018597,-0.1580944350758854,0.028017241379310283,0.03174603174603185,-0.017204301075268824,inf,0.053159478435306,-0.08155699721964782,-0.0818181818181819,0.17266638164457748
30,2001-07-29,-0.029704455459720225,-0.04765840990792558,-0.12731030849918698,-0.16973024270406767,0.005479781438246567,-0.3014315753089265,-0.8741895646804569,-0.8741895646804569,-0.8571428571428572,-0.8888888888888888,-0.6494072503618981,1.0042966644709264,-2.481670594396439,-2.8647333284603946,-0.30964997901188984,0.03066721922917548,-0.3200138985406532,-0.2979469203805709,0.0,0.001923076923076916,0.1482494529540479,inf,0.03632653061224489,-0.1680121089808274,-0.15841584158415845,0.14702379505626714
31,2001-10-28,-0.03955484093770079,-0.05567910407282972,-0.08894144025928863,-0.12223625845657672,-0.02410343860517017,0.02619368739555772,-11.711060473269065,-11.711060473269065,-10.75,-14.000000000000002,0.5372373894204117,-0.6690070884903532,-5.6558864245530325,-0.9857384112341858,-0.00639690088759559,-0.2207478890229192,-0.6617271333673991,-0.6497860199714693,-0.02725366876310276,-0.2207293666026872,0.08623153882801349,inf,0.016016804516213682,-0.580351728320194,-0.16470588235294115,0.07581793524326153
32,2002-01-27,-0.0018677296965664558,-0.009188049509044616,-0.01297927376019059,-0.015404327721004972,0.001377726086757125,-0.2691023589833505,-0.8510962809254647,-0.8510962809254647,-0.8461538461538461,-0.8461538461538461,-0.776298351464787,0.5918869341792636,-1.9072068424515412,28.18792945487861,-0.18791436138210904,0.030959752321981563,-1.187311178247734,-1.1934826883910388,0.0021551724137931494,0.061576354679802936,2.075,inf,0.0033596071843906557,0.0,-0.2112676056338028,0.006322631475280671
33,2002-04-28,0.004796051600826301,0.000578030109182448,-0.004956368995720828,-0.021337075703483418,0.007603695680456601,0.15594026747696055,-2.1436421584789542,-2.1436421584789542,-1.5,-1.5,-0.7982256596906279,-0.7907041266613878,-0.8343072717636886,-0.7685869995958708,-0.05354832559343037,0.21171171171171174,1.838709677419355,1.863157894736842,0.004301075268817067,0.20881670533642693,0.0,inf,0.002704443013522129,0.0,-0.1250000000000001,0.02239141923235
34,2002-07-28,0.03577252086621319,0.03740339758458955,0.07816808558124011,0.1112754078870577,0.023719319110436562,0.2621853360911461,1.2146261772054583,1.2146261772054583,1.3333333333333337,1.3333333333333337,7.935444340963678,-0.34540581336842513,-0.9473086149572828,-3.0711766700576466,0.1171829959086963,-0.14209004543577042,-0.3210227272727273,-0.31985294117647056,0.021413276231263326,-0.14587332053742794,0.0,inf,-0.011559208836372958,0.0,0.020408163265306145,-0.06646884272997032
35,2002-10-27,0.0014637868248412733,0.008632632407511442,-0.0627037343234288,-0.0852344037490953,0.020677125459054316,-0.009580168831293423,0.27784286668923075,0.27784286668923075,0.2857142857142856,0.2857142857142856,0.03316108221973546,-0.5891561100353284,-31.011980830670925,-0.016208516838848053,0.10319136056355194,-0.3615792007703419,-2.4435146443514646,-2.448648648648649,0.018867924528302105,-0.3752808988764046,0.0,inf,0.019100831600831647,-0.2326589595375722,0.0,0.10259828148391192
36,2003-01-26,-0.019545779291749055,-0.02403703402279733,-0.08919304018473406,-0.13523406613314015,-0.0003952791450099191,-0.27079583702820365,-1.4460004618247508,-1.4460004618247508,-1.4444444444444444,-1.4444444444444444,-0.5356674471824443,2.9458876016406417,-1.6881703260146377,-0.932125680240976,0.00634889254361215,0.15082956259426838,-0.08695652173913049,-0.07835820895522394,-0.004115226337448652,0.12949640287769792,0.3604336043360432,inf,0.019635343618513268,-0.08474576271186451,0.020000000000000014,0.12859427891232378
37,2003-04-27,-0.010076794673749778,-0.002495193715447375,-0.011183832187748209,-0.01655411858214062,-0.009799439379807541,0.05024430639465227,-0.053966803715547414,-0.053966803715547414,0.0,0.0,2.58385838926942,0.11403092858705954,-3.049191739500348,15.510114012504596,0.10415964137768884,-0.10157273918741803,-0.4634920634920635,-0.4615384615384616,-0.010330578512396604,-0.0987261146496815,-0.04172782553994536,inf,0.00025009378516949177,-0.4526748971193416,-0.019607843137254943,0.014304548450889909
38,2003-07-27,-0.010128684352262884,-0.0065333280400983185,-0.013941277147272446,-0.01355612045916954,-0.009174819304094915,-0.011082238883213802,-0.4076232173325178,-0.4076232173325178,-0.5,-0.5,-0.5672150396283486,1.0546415885020215,-0.4874311164792028,-2.0586828837257656,-0.09986964327366997,0.20204230488694372,-1.1301775147928994,-1.1278195488721805,-0.012526096033402823,0.21554770318021202,1.2538293216630194,inf,0.0010001250156268515,0.0,-0.06000000000000005,0.007116396958471548
39,2003-10-26,0.049702144241813295,0.0721118858691796,0.14568964900938886,0.3026927510550934,0.02580274638837721,3.0891975300185313,3.052687353948155,3.052687353948155,3.5,3.5,0.9555514597463874,-0.010520571082571095,-3.3074005891016203,-1.5597856581752891,0.06210833083666323,0.216626213592233,16.909090909090907,17.411764705882355,0.014799154334038,0.2325581395348839,0.0,inf,-0.02285500187336076,0.0,0.6382978723404256,-0.1770077114187074
40,2004-02-01,0.030970588332272175,0.04886800776941391,0.07509266407201333,0.10247142229429752,0.018700962341011484,-0.6525917122652961,-1.5523141598557129,-1.5523141598557129,-1.5555555555555556,-1.5555555555555556,-0.18080233439270726,-0.29325941761174923,-0.18565798081986307,0.3232847190898611,0.07738100035388329,0.15511221945137146,-0.4746192893401015,-0.4792332268370608,0.01666666666666661,0.13915094339622636,0.0,inf,-0.011886503067484622,0.0,0.051948051948051965,-0.04861410593170512
41,2004-05-02,0.054225485724315625,0.0698784123074736,0.06592193825622439,0.08887353373649831,0.05079284197401268,0.297442923196404,3.532242400699233,3.532242400699233,3.3999999999999995,3.3999999999999995,0.01369119115664108,0.5601658805568848,0.033487478935611666,-1.2120268146268487,-0.015228454012353844,-0.11269430051813467,-2.5893719806763285,-2.5766871165644174,0.04508196721311464,-0.12836438923395446,0.0,inf,-0.003233734316388625,0.10902255639097748,0.07407407407407396,-0.017451683355997782
42,2004-08-01,0.06344173415377585,0.07963989870713961,0.09489539970276993,0.1203465946185236,0.054077891004282286,0.10804541884589748,0.1800545335718955,0.1800545335718955,0.18181818181818188,0.18181818181818188,2.099115622786787,-0.5333206759065883,-0.35360142578162035,-27.76568570535435,0.4139031184784245,-0.1284671532846715,1.6686930091185412,1.6381322957198443,0.05098039215686279,-0.166270783847981,-0.4566019417475729,inf,-0.008824292758889074,1.4610169491525422,0.06896551724137945,-0.036341141191519766
43,2004-10-31,0.014681080262909598,0.013812235596058596,0.005812317765614639,0.036762320264340335,0.01742357509211101,-0.014669843552674422,0.03276883862078983,0.03276883862078983,0.03846153846153855,-0.03846153846153855,-0.2571824515554409,-2.7563215872817173,-15.56821048309037,-0.6089154503774,0.11448529433312404,-0.07202680067001667,0.7482915717539862,0.7389380530973453,0.02985074626865658,-0.11680911680911675,-0.6625871002322672,inf,0.00274941084053415,1.3223140495867771,-0.24731182795698936,-0.02213082647865261
44,2005-01-30,0.00042204681957880297,-0.007870432374827097,-0.011550043123269016,-0.028681182230097187,0.004081935844065132,-0.1918770888665794,-0.3653628068077924,-0.3653628068077924,-0.3703703703703704,-0.31999999999999995,-0.5326441505579067,-1.0912439973985015,-0.4644454914088517,-1.2491787612733678,-0.2837003756610882,-0.005415162454873612,0.11791530944625415,0.11704834605597968,0.010869565217391351,-0.03548387096774186,-0.43897272967964,inf,0.003655829742786221,0.12158956109134045,0.0,0.021430002002803983
45,2005-05-01,-0.01507544417103246,-0.019180932413870973,-0.02304664819390323,-0.027123880525153687,-0.012676570355987016,0.0452735519292633,0.05563347358578774,0.05563347358578774,0.0588235294117645,0.0588235294117645,1.0084351686189783,-9.422154957769855,0.5772680792192364,-4.918384467881112,0.017904733236911552,-0.019358741681790748,-0.0576923076923076,-0.05846621108580119,0.0017921146953405742,-0.026755852842809347,-0.15007078810759789,inf,0.002341615714843037,-0.025383395029085157,-0.04285714285714271,0.008169934640523069
46,2005-07-31,-0.02496685592789216,-0.02603443378282455,-0.06846940290701464,-0.08545520979797228,-0.012012597767967259,-0.12317448684684895,0.2124495620509792,0.2124495620509792,0.2777777777777779,0.2777777777777779,-0.29320520120092364,-2.677243769962496,0.1065482532350368,-2.7827234395822864,-0.2452311015664021,0.03516347933374453,-0.04700061842919001,-0.04112903225806441,0.0,0.030927835051546282,0.08328706274292053,inf,0.013367942894224605,0.029300054259359776,-0.05970149253731349,0.06495948136142604
47,2005-10-30,-0.030080261483069193,-0.030354245059428075,-0.0810348158071208,-0.107167836853841,-0.015773985864746654,0.05280960428643744,-0.3324675113842058,-0.3324675113842058,-0.3043478260869565,-0.34782608695652184,-0.4120941348529032,-0.8555071316741721,-0.09238576712066147,-0.34950478305306576,-0.21135165869530936,0.041120381406436035,-0.13887086307592456,-0.1320437342304458,-0.00536672629695889,0.04333333333333322,0.07893388006150692,1.0,0.014728483606557319,-0.08803373748023202,-0.04761904761904767,0.08603721515391327
48,2006-01-29,-0.005257624860493082,0.009812161123407435,0.08618316266542703,0.06405806230153388,-0.029228713422528082,0.08117710055176586,-0.4212732151397976,-0.4212732151397976,-0.4375,-0.4,1.0818190091921247,-5.382319173363951,0.13442693759952906,-1.440675347771699,0.11809758649032355,0.05495134516313693,-0.105501130369254,-0.10368217054263562,-0.017985611510791255,0.057507987220447365,0.1995249406175772,0.5,-0.02410703016534144,-0.13005780346820806,0.01666666666666661,-0.050970647035743055
49,2006-04-30,0.021574485713888203,-0.23117919339886886,0.11436639396395988,0.16450652461028814,-0.005642752145668339,0.20999982773396966,1.891259280011206,1.891259280011206,1.8888888888888893,1.8888888888888893,0.2215389398112393,0.26339402672255696,-0.027100361714724408,1.3032482023307712,0.2432775609839799,0.02767227346717327,0.11878685762426278,0.1124324324324324,0.009157509157509123,0.04833836858006048,0.15405940594059395,0.3333333333333333,-0.026642524573202264,0.044518272425249306,0.06557377049180335,-0.3397909160711121
50,2006-07-30,0.028126778111583928,0.009822751250984307,0.09700623277937903,0.1116684624523836,0.00548506904197521,0.13158288123874962,0.2403649101047929,0.2403649101047929,0.2692307692307692,0.2692307692307692,-0.28037156479519,-0.4332970441604672,0.20707369362666567,-1.2532583961006902,-0.049556178632652485,-0.10718057022175298,0.13478915662650606,0.11758989310009715,0.025408348457350405,-0.11527377521613845,-0.20521619766643795,0.4166666666666667,-0.02205686951900088,-0.0006361323155217312,0.12307692307692307,-0.09160851672928982
51,2006-10-29,-0.19475521063318504,-0.17909253357225652,-0.08960225077085493,0.0017427369852953678,-0.23246676876748795,-0.009888171270203472,-0.12305874541051474,-0.12305874541051474,-0.06060606060606066,-0.09090909090909094,0.821006244128861,10.011915198548524,3.5445286864073138,5.5519546194098774,-0.3416191743404636,0.009461856889414477,0.23490378234903764,0.2008695652173913,-0.1539823008849558,-0.016286644951139958,-0.11183074265975823,0.2941176470588234,-0.046739130434782616,0.052832590706556326,0.1369863013698629,-0.1805199921213314
52,2007-01-28,0.03450813467207592,0.05337362044091632,0.004189879470721579,0.0033459973030054435,0.04740520792615088,-0.09571007027379264,-0.10144779067721688,-0.10144779067721688,-0.06451612903225812,-0.033333333333333326,-0.42163572777824143,-1.0331794172418332,-0.9503981297134948,-1.4634335136489531,0.24046534790234755,0.07264206209724655,0.2364320257925847,0.2107168718320056,0.04393305439330542,0.26821192052980125,-0.09188138065143414,0.2272727272727273,0.012400228050171158,0.12091898428053205,0.08433734939759052,0.04983375395585443
53,2007-04-29,0.008994695454314305,-0.007273808715363206,0.006050416500662292,0.005669758071774833,0.010195485358873048,0.11078806305979927,0.019748386521131426,0.019748386521131426,0.034482758620689724,0.0,0.3461123775895403,4.791624937406108,1.940973786323368,-1.6592791766432378,-0.12780187438881166,0.018022938285090277,0.05302042590178169,0.037081339712918826,0.020040080160320658,-0.02349869451697129,-0.1541755888650963,0.18518518518518512,0.0012670702520061194,-0.029126213592233108,0.06666666666666665,-0.01285915976647467
54,2007-07-29,0.047407985854805317,0.07115011309968633,0.04154756211598954,0.03690276942654647,0.04978828430717819,0.0124223135951258,0.1508613565880168,0.1508613565880168,0.13333333333333353,0.1724137931034484,0.2424961121266569,-0.08356119475036118,-0.4553933713474964,-2.3226160751550475,0.1938009364364772,0.07832618025751081,0.022699133305819297,0.013264129181084215,0.05304518664047153,0.056149732620320865,0.05126582278480996,0.1875,0.0022497187851517886,-0.02388888888888885,0.04166666666666674,0.03301120989563211
55,2007-10-28,0.027851551650334597,-0.030215512590225143,-0.04856165731686268,-0.0687941562240193,0.05864428339647732,-0.07572870427929268,-0.10929748793596827,-0.10929748793596827,-0.1470588235294119,-0.17647058823529405,0.0624734341645663,0.5595119228259418,-0.05936715168919082,-0.5014864558132325,0.0809283932864493,0.040298507462686484,-0.054882970137207436,-0.043824701195219085,0.055970149253731234,-0.012658227848101332,0.03190848886213127,0.1578947368421053,0.029882154882154843,0.0,-0.040000000000000036,0.04146085915282138
56,2008-01-27,-0.028307197011472107,-0.06264631471606619,0.021566608982492186,-0.008406845303176036,-0.04636990598497026,-0.1181418680852574,-0.37790359943190577,-0.37790359943190577,-0.3448275862068965,-0.3214285714285715,-0.4246646727625414,-1.731045730216426,2.498990238093989,-0.8564416360345153,0.010748119681855071,-0.144906743185079,-0.09777967549103328,-0.09464285714285714,-0.02650176678445237,-0.18974358974358974,-0.13068844807467914,0.13636363636363644,-0.018526086364255456,-0.06431417188389299,-0.03124999999999989,-0.05472118424834715
57,2008-04-27,0.059740421819373335,0.06704538223581302,0.12661360300813085,0.15039707325778529,0.03379569527309667,0.029989982739268006,0.15295225173034122,0.15295225173034122,0.1578947368421053,0.1578947368421053,1.2425775727360668,-4.1307086777073225,-0.8750352300597861,-10.080993269900208,-0.09656570276453158,0.09116331096196872,-0.08991954566966398,-0.09335963182117037,0.03266787658802195,0.12025316455696199,0.1906040268456375,0.1200000000000001,-0.024566273421235296,-0.031021897810218912,-0.06451612903225812,-0.07244669124634151
58,2008-07-27,0.002505799406614661,0.0025635173207316786,0.06058010898898392,0.07533024922204667,-0.022048154770890286,-0.1403861771034206,-0.4553250007437845,-0.4553250007437845,-0.4545454545454546,-0.4545454545454546,-0.6333898549431237,-1.0869119404382328,3.282963638326716,-1.3601073345259391,0.03849092062983317,-0.03229113275243478,-0.2158086323452939,-0.22262509064539515,-0.012302284710017595,-0.062146892655367325,0.033258173618940345,0.10714285714285697,-0.024473534433693826,-0.14500941619585694,-0.09195402298850576,-0.06765561611277315
59,2008-10-26,0.0007161924130882902,0.006081334566247154,-8.271523458447394e-05,0.011738779188947168,0.0010825118571715642,0.10578529657477033,0.4025478248203536,0.4025478248203536,0.5,0.4166666666666667,-0.6057743322784612,4.867816456097222,-0.10754169992857444,5.412887658789297,0.23768907843006604,-0.1875,-0.15782493368700254,-0.1725746268656717,0.010676156583629748,-0.17771084337349394,0.03327877795962908,0.09677419354838723,0.0004375729288215169,-0.13215859030836996,-0.05063291139240511,-0.005625879043600568
60,2009-01-25,-0.052580254359359764,-0.057695069308841274,-0.1117696739708911,-0.14116912551535332,-0.02547199229350594,-0.3475505180123865,-1.5752352928449338,-1.5752352928449338,-1.5555555555555556,-1.5882352941176472,-2.4662871980810186,-0.4794848039183928,-0.6799457662865913,-1.1675741076830006,-0.03218137407694965,-0.3005215123859192,-0.40944881889763785,-0.4126268320180383,-0.026408450704225258,-0.3076923076923077,-0.1906019007391764,0.08823529411764698,0.028575594109928607,-0.3510998307952622,-0.09333333333333327,0.097197666195191
61,2009-04-26,-0.06506806981431879,-0.05810211622652661,-0.13602775965081615,-0.15689336138901722,-0.0354470112908406,-0.23497820602431685,0.9211789308980396,0.9211789308980396,0.8999999999999999,0.8999999999999999,-1.4551418066376196,-0.7102517187156412,-0.4767788499254727,-3.2184555780575854,0.07376686800429799,-0.055917986952469634,-0.9866666666666668,-0.9865642994241842,-0.03797468354430378,-0.03174603174603163,0.6118721461187215,0.08108108108108114,0.031750531537916286,-0.984354628422425,-0.13235294117647067,0.11718970309793343
62,2009-07-26,-0.0173162668673279,-0.02536245482945676,-0.032612694105231384,-0.04400250746307843,-0.01159683924475252,0.11142590216228763,-0.7851716981870864,-0.7851716981870864,-0.7894736842105263,-0.7894736842105263,1.297900355871886,-1.3873933214960763,0.4649711372666616,-0.12190910895018857,0.060324095281722334,0.1846001974333662,-30.2,-30.71428571428571,-0.011278195488721887,0.23497267759562826,1.7496785278331348e+16,0.07499999999999996,0.005770023354856324,0.0,-0.08474576271186429,0.01950814943026113
63,2009-10-25,-0.0006302529122058642,-0.013156589170953636,-0.033910449017248816,-0.04881158891466975,0.011548833132842162,0.34633513856792564,-3.5127494759865123,-3.5127494759865123,-3.5,-3.5,0.2382700180163437,5.324979670289052,-0.3879357768822364,-0.7637014938865911,0.0134435251081666,0.11166666666666658,0.4657534246575341,0.4951923076923077,0.005703422053231932,0.1238938053097347,0.0,0.06976744186046524,0.012156809179074024,0.0,-0.05555555555555558,0.037491599759487786
64,2010-01-31,0.04486986595180431,0.02818025901805732,0.15165941761589918,0.174528746963712,0.007545871456182018,0.2112875181637244,-0.3997548272910592,-0.3997548272910592,-0.4,-0.4,0.5503170480553969,1.8610299445989853,0.2464361857781865,-9.480082253359477,-0.11248993739457658,0.002998500749625155,-0.705607476635514,-0.7041800643086817,0.005671077504725952,-0.003937007874015852,0.0,0.06521739130434767,-0.03576248313090413,0.0,0.11764705882352923,-0.12460368867828042
65,2010-05-02,0.04457399250167793,0.05539689359155165,0.09558898972054086,0.1307633010059932,0.02419341638800465,0.2415693206021736,2.190342110669357,2.190342110669357,2.333333333333333,2.333333333333333,0.4170429151887876,-0.5506814170860841,0.8382076737322244,-2.113039751419693,0.14107747091963566,-0.017937219730941756,-5.777777777777778,-5.717391304347826,0.024436090225563808,-0.02371541501976271,0.0,0.061224489795918435,-0.01945416375087472,51.66666666666668,0.21052631578947367,-0.06667185917906393
66,2010-08-01,0.02645030038520546,0.06130503423293954,0.10206931512068396,0.12176782539152575,-0.005865527235663692,0.09681817785793312,-0.5337343373585248,-0.5337343373585248,-0.55,-0.55,-0.43278237437376654,-0.3758432891458913,0.7565683841774924,-1.1625965182498024,-0.020102365968044933,-0.019025875190258782,0.4003322259136213,0.3732718894009217,0.0,-0.04048582995951422,-1.0,0.06730769230769229,-0.031544390522409434,0.17405063291139222,0.15942028985507273,-0.0538679796378202
67,2010-10-31,0.020249301053835825,0.032596949699530635,-0.011826245233118593,-0.000552350048728667,0.03544504989530983,0.14641610301097385,2.8020325599532074,2.8020325599532074,2.888888888888889,2.888888888888889,0.7568325298342929,-0.8923865780024327,0.11315100650227472,-10.14019070173252,0.18750882961919332,-0.1186966640806828,0.5195729537366547,0.4949664429530201,0.042201834862385164,-0.1223628691983123,-0.3733862959285006,0.06306306306306286,0.014885777450257988,0.3234501347708893,0.13749999999999996,0.03316427783902953
68,2011-01-30,0.030215167300309043,0.055678856047353335,0.008149723881438087,0.009046094776922642,0.040191409019477264,-0.06944033037293408,0.08116192857066551,0.08116192857066551,0.08571428571428585,0.08571428571428585,-0.19065964095757335,4.346869712351946,0.07308652343294386,-0.6045369161379621,0.06262488803142019,0.2526408450704227,0.4176424668227949,0.4085297418630751,0.045774647887324,0.2067307692307692,-0.19453248811410465,0.05932203389830515,0.00972988672669195,0.3350305498981669,0.05494505494505497,0.04618602467238664
69,2011-05-01,0.0605818697888949,0.11229347521702616,0.0989810771470161,0.11564859299931365,0.043755581069014005,0.06552494415487709,-0.03359683794466406,-0.03359683794466406,-0.02631578947368418,-0.02631578947368418,0.6564705882352941,-1.5696202531645569,-0.2782608695652173,4.025862068965517,0.2958459979736576,0.10049191848208006,0.13325991189427322,0.12589641434262955,0.04545454545454541,0.05179282868525914,-0.2449581898671913,0.06400000000000006,-0.015820509132748458,0.10450038138825346,0.02083333333333326,-0.002978497694724358
70,2011-07-31,0.17947645730534426,0.29317724068479345,0.4707284768211921,0.008305136880959685,0.04509899780004889,-0.026205450733752574,-0.026584867075664653,-0.026584867075664653,-0.027027027027027084,-0.027027027027027084,-0.1491477272727273,4.6,-10.674698795180722,3.2195540308747863,0.9616888193901484,-0.12196679438058745,0.17395529640427587,0.1372965322009907,0.04508856682769724,-0.16287878787878796,-0.2475570032573289,0.0601503759398494,-0.11398509425690495,0.1933701657458564,-0.05102040816326525,0.282493043051236
71,2011-10-30,-0.017159469616393697,0.007982088971089318,-0.08843659942363112,-0.1476510067114094,0.0291194012396212,-0.21707929673484028,-0.04411764705882349,-0.04411764705882349,-0.02777777777777779,-0.05555555555555547,0.1652754590984975,0.9523809523809524,-1.1556662515566625,-0.6170731707317073,0.18772419290554002,-0.18327272727272725,-0.04428807947019875,-0.0634723086496578,0.038520801232665665,-0.2171945701357466,-0.33419913419913416,0.05673758865248235,0.04717136730991278,0.0596064814814814,-0.11827956989247325,0.18261590988863707
72,2012-01-29,-0.01904624485967821,-0.4054080154514728,-0.02252519264967401,-0.10737294201861136,-0.017045454545454586,0.003208065994500409,-0.7428571428571429,-0.7428571428571429,-0.7428571428571429,-0.7352941176470589,-0.7406876790830945,-9.44918699186992,0.208,-5.542462845010617,-0.7179530201342281,0.01780943900267129,-0.2208748375920312,-0.23654485049833884,-0.005934718100890191,-0.01734104046242779,0.024707412223667014,0.05369127516778538,0.00204756654591276,-0.162206444565811,-0.08536585365853655,-0.3338999514327343
73,2012-04-29,0.020592777818636557,0.028098099723891545,0.045886395795431634,0.06896551724137923,0.006127167630057828,0.16080402010050254,1.4700854700854702,1.4700854700854702,1.4444444444444446,1.4444444444444446,2.3314917127071824,-0.9376954534520088,-0.13576158940397354,-1.0186959569992988,0.047590719809637035,0.0804899387576552,-0.14341300722623684,-0.16013925152306352,0.013432835820895495,0.08235294117647074,0.351522842639594,0.050955414012738835,-0.014146494812951937,-0.10169491525423736,-0.06666666666666676,-0.038238749139223205
74,2012-07-29,-0.04013835843482017,-0.07345971563981046,-0.037301894085813636,-0.09677419354838712,-0.0418246581638515,-0.07792207792207795,-0.24567474048442905,-0.24567474048442905,-0.2272727272727272,-0.2272727272727272,0.08789386401326693,0.084942084942085,1.3333333333333337,-3.9,-0.13174332765474162,-0.10931174089068818,-0.18818948734587929,-0.18134715025906734,-0.007363770250368162,-0.11956521739130432,0.022535211267605604,0.05454545454545468,-0.0017538265306121792,-0.15384615384615394,-0.02857142857142847,0.025818135871625403
75,2012-10-28,-0.0914414414414414,-0.13009377664109126,-0.02288697048785382,-0.05938538205980071,-0.13238997481712433,-0.29748186086214257,-3.3623853211009176,-3.3623853211009176,-3.4117647058823533,-3.4117647058823533,-0.3734756097560976,-1.1316725978647686,-0.04433497536945808,-0.4094827586206896,-0.08960104643557876,0.031818181818181746,-0.8944844124700241,-0.8962025316455696,-0.10385756676557867,0.03703703703703698,0.2708907254361799,0.05172413793103448,-0.04520044721290528,-0.8927958833619211,-0.029411764705882363,-0.07517654787321404
76,2013-01-27,-0.032060816393984504,-0.06605252842022735,-0.06040682145058561,-0.13245033112582782,-0.012992398064961995,-0.04434993924665853,-1.0660194174757285,-1.0660194174757285,-1.0731707317073171,-1.0731707317073171,-0.9610705596107056,5.837837837837838,-0.7628865979381443,-1.956204379562044,0.09410919540229877,0.012334801762114544,-0.75,-0.7560975609756098,-0.01490066225165565,0.13095238095238093,10.859826589595377,0.049180327868852285,0.019739043158246927,-0.7440000000000001,-0.03030303030303028,0.07653718091009988
77,2013-04-28,-0.0016219907802629276,0.07303252885624345,0.04898316203804942,0.12010178117048342,-0.03402884750035007,0.2542911633820726,-4.794117647058823,-4.794117647058823,-4.666666666666667,-4.666666666666667,13.0,-1.2411067193675889,0.021739130434782702,-0.83206106870229,0.014445173998686832,0.17319408181026974,-17.03030303030303,-17.049999999999994,-0.03529411764705881,0.19473684210526326,7.212501523090045,0.046875,-0.032480314960629975,0.0,-0.03125,-0.0420223514371727
78,2013-07-28,0.004788371098760179,0.02425190690397017,0.0,0.0004543389368469874,0.008118295158016764,0.0010136847440445074,-2.3023255813953494,-2.3023255813953494,-2.272727272727273,-2.272727272727273,0.625,-0.4426229508196722,-0.07801418439716312,8.090909090909092,0.12944983818770228,0.15356083086053407,0.18336483931947067,0.1651090342679129,0.006968641114982521,0.19383259911894268,0.0,0.049751243781094516,0.003390979993218135,0.0,-0.016129032258064502,0.02380542402066288
79,2013-10-27,0.02484894902561474,0.07733435172808867,0.03293725244944756,0.1094459582198002,0.019269485188380786,0.00658227848101256,0.08928571428571419,0.08928571428571419,0.0714285714285714,0.0714285714285714,-0.9478021978021978,-2.6764705882352944,-0.15384615384615385,-1.17,-0.019484240687679063,0.06366559485530532,-1.5830670926517572,-1.5802139037433154,0.01903114186851207,0.05535055350553497,0.0,0.047393364928910005,-0.0054072321730314074,9.656249999999998,0.049180327868852514,-0.028928226043812844
80,2014-01-26,0.01295358299427063,0.06593406593406592,0.0006054490413722746,0.013917314776913605,0.02158577878103829,0.10160965794768616,0.3825136612021858,0.3825136612021858,0.3999999999999999,0.3999999999999999,18.57894736842105,1.6842105263157894,-0.1636363636363637,-13.735294117647056,0.2530683810637053,0.0435308343409917,0.8465753424657536,0.8341013824884793,0.015280135823429575,0.02447552447552459,-0.9390281899109792,0.045248868778280604,0.008494733265375531,0.7155425219941352,0.0625,0.05126650790214349
81,2014-04-27,0.02918271989507337,0.06434985034918528,0.02460669624848721,0.0746871215179652,0.032315978456014305,0.07442922374429227,0.03557312252964428,0.03557312252964428,0.04761904761904767,0.0,0.17473118279569902,-1.4509803921568627,-0.3586956521739131,-0.28637413394919164,0.14412313432835822,0.08806488991888761,0.7878338278931749,0.7939698492462313,0.026755852842809347,0.07167235494880543,-0.4141623068499818,0.04329004329004338,0.003032345013477045,0.7401709401709402,0.02941176470588225,-0.009596770871947102
82,2014-07-27,0.023576264436479418,0.037337915950632634,0.017125984251968433,0.03493613824192332,0.027959866220735874,-0.037399065023374416,0.14885496183206115,0.14885496183206115,0.13636363636363644,0.1428571428571428,0.33638443935926765,1.7826086956521738,1.0169491525423728,-0.116504854368932,0.11129229514879736,0.11661341853035136,0.1244813278008301,0.12745098039215685,0.027687296416938127,0.08917197452229297,-0.3865005192107995,0.04149377593360981,0.004198857910648225,0.1159135559921416,0.014285714285714237,0.002328869666472721
83,2014-10-26,0.02513423079915955,0.04924698795180715,0.026901490226437064,0.02468239564428321,0.02394586153045286,-0.0004415011037527394,-0.1495016611295681,-0.1495016611295681,-0.2,-0.125,-0.303082191780822,-0.7239583333333333,-0.3445378151260504,0.01098901098901095,0.1012472487160676,0.002384358607534498,0.04575645756457547,0.04844720496894417,0.02060221870047552,-0.02631578947368418,-0.12153012863913334,0.03984063745019917,-0.0011707643418632507,0.04049295774647877,0.0,0.02393992199817441
84,2015-01-25,-0.007666616061940191,-0.004880149275154344,-0.05748209574067097,-0.10697839178179247,0.025927808845958245,0.041961130742049546,0.359375,0.359375,0.4000000000000001,0.3333333333333335,-0.8525798525798526,-0.05660377358490565,0.0641025641025641,-1.2644927536231885,-0.02431712191872082,0.1046622264509991,0.05928016937191272,0.07109004739336489,0.02018633540372661,0.08408408408408398,0.0285163776493258,0.03831417624521083,0.033991962491627836,0.06852791878172583,0.014084507042253502,0.11434823128976054
85,2015-04-26,0.03931767765623806,0.07413817972017878,0.046990601879624005,0.06941689805632678,0.034563924677898816,0.03518440016956337,0.04597701149425282,0.04597701149425282,0.0714285714285714,0.03571428571428559,3.966666666666667,0.8,-0.1686746987951807,-2.904109589041096,0.04711505633321944,0.014642549526270532,0.05729513657561625,0.06526548672566368,0.031963470319634764,-0.005540166204986208,-0.061071562382915,0.03690036900368998,-0.004696356275303626,0.07680126682501998,-0.01388888888888895,0.004399840005817834
86,2015-07-26,-0.03194229778464708,-0.05425003357056535,-0.01145912910618796,0.12017804154302668,-0.04478505568195423,0.0196560196560196,-0.09615384615384616,-0.09615384615384616,-0.09999999999999988,-0.06896551724137923,0.12080536912751685,-0.06666666666666665,9.782608695652174,-4.553956834532374,-0.16074339745679822,-0.19864176570458406,0.013232514177693666,0.016614745586708283,-0.020648967551622488,-0.22562674094707524,-0.2613727055067836,0.03558718861209975,-0.013179303612105396,-0.0022058823529413907,0.014084507042253502,-0.15570921729056542
87,2015-10-25,0.16384094883296596,0.3149226182024705,0.4866692426584236,0.25761589403973506,-0.045631189670302115,-0.048995983935743004,0.021276595744680767,0.021276595744680767,0.03703703703703698,0.03703703703703698,0.4101796407185629,-0.3214285714285714,-3.431451612903226,-5.5,0.8636363636363635,-0.15254237288135586,0.07027363184079616,0.02042900919305413,-0.0030120481927710108,-0.13309352517985595,-0.1766612641815236,0.034364261168384765,-0.18004946413849965,0.05084745762711873,-0.02777777777777779,0.045581235796063664
88,2016-01-31,-0.12947478442644367,-0.2538602742684375,-0.19974009096816114,-0.3925750394944708,-0.05845264678838824,-0.046875,-0.14880952380952386,-0.14880952380952386,-0.1071428571428572,-0.1071428571428572,-0.5605095541401274,0.912280701754386,-2.068546158098397,-1.8254610886189837,-0.3825307483844069,0.10187499999999994,-0.01743172574084839,-0.049049049049049054,-0.04229607250755296,0.10373443983402496,0.032808398950131316,0.033222591362126234,0.08164086064749654,-0.035063113604488105,-0.014285714285714348,0.22834645669291345
89,2016-05-01,-0.01883535944769621,-0.026338639652677243,0.057161416044170237,0.1317728651928911,-0.0841238839285714,0.08551174124944616,0.11888111888111895,0.11888111888111895,0.15999999999999992,0.15999999999999992,1.3236714975845412,-0.9541284403669724,-0.4992240041386445,-0.7318801089918257,-0.16610398379473326,0.0550198525241068,0.02542874039030152,-0.02421052631578946,-0.04889589905362768,0.1015037593984962,0.08386277001270638,0.032154340836012985,-0.0665551217698458,-0.03415697674418616,0.014492753623188468,-0.139690170940171
90,2016-07-31,0.0477246653919694,0.09973246135552903,0.056835637480798784,0.1351972424358483,0.03869002284843859,0.15142857142857147,0.578125,0.578125,0.6206896551724139,0.5862068965517244,1.0395010395010391,63.40000000000001,-0.6890495867768596,-1.727642276422764,0.1449392712550608,0.25,0.18512110726643585,0.12729234088457386,0.04643449419568802,0.3174061433447097,0.2502930832356389,0.03115264797507788,-0.00856403106950798,0.10007524454477056,0.014285714285714237,-0.031240298044085568
91,2016-10-30,0.06489524782830869,0.12893634274902022,0.07136627906976734,0.22537112010796226,0.058366329373808375,0.16873449131513651,0.20792079207920788,0.20792079207920788,0.19148936170212785,0.19565217391304346,-0.18756371049949028,-1.0341614906832295,-0.23588039867109634,0.6145251396648044,0.20438472418670428,0.2159139784946236,0.20632603406326044,0.2047846889952154,0.06180665610142633,0.1606217616580312,0.035630567276137004,0.03021148036253773,-0.00622740056247495,0.08755129958960327,0.11267605633802825,-0.07871650042062261
92,2017-01-29,0.04496846723334258,0.08871064288279662,0.02523402523402529,0.048458149779735615,0.0651240127476791,-0.0057628146800121635,0.15245901639344273,0.15245901639344273,0.1607142857142856,0.18181818181818168,-0.18946047678795488,-34.36363636363637,-0.15652173913043474,-0.8529411764705882,0.024955960070463856,0.11814644499469408,0.2194433239209359,0.20015885623510726,0.0626865671641792,0.05357142857142838,-0.07695789950203713,0.029325513196480912,0.019405700424499628,0.13522012578616338,0.06329113924050622,0.038394643012436
93,2017-04-30,0.19653634216741026,0.3215306795689465,0.32698160645758895,0.0758928571428572,0.06829712501626117,0.08175716900549124,0.1721194879089616,0.1721194879089616,0.1692307692307693,0.1692307692307693,0.39009287925696606,2.490463215258856,-10.463917525773194,16.094117647058823,0.4162131194500143,0.19550775071180013,0.16771419120079378,0.1323626737260093,0.07303370786516837,0.125,-0.04953408533594905,0.028490028490028463,-0.107277414237557,0.13074792243767308,0.0,0.2283405217536953
94,2017-07-30,0.04594298245614037,0.05932767515393578,0.033306741124850436,0.0668782035635831,0.0613735996103264,0.05583756345177671,0.12257281553398047,0.12257281553398047,0.13157894736842102,0.11842105263157897,0.5211581291759466,-0.7275565964090553,-1.3720043572984748,-0.7701307639366828,0.06755663430420711,0.17041545382376275,0.09008498583569402,0.06604324956165986,0.06937172774869116,0.09039548022598876,-0.056759545923632526,0.027700831024930702,0.014882274544646856,0.0818226359627634,-0.011904761904761862,-0.007090747937546826
95,2017-10-29,0.017873990984379917,0.014688555494462241,-0.028179888052499488,-0.05856783344772365,0.07262505736576408,0.06009615384615375,0.061621621621621665,0.061621621621621665,0.08139534883720945,0.07058823529411762,-0.4882869692532943,0.515759312320917,-0.3587115666178624,-1.8023952095808384,-0.05077680939749907,0.11598462581957958,0.05093555093555091,0.04605263157894735,0.08323133414932671,0.04317789291882557,-0.038840262582056966,0.02695417789757415,0.053622236813307016,0.06974637681159424,-0.02409638554216853,0.0777999038659618
96,2018-01-28,0.012565013646428813,0.00859266140269388,0.10794438927507444,0.06901579586877271,-0.0901700716654188,0.059208868732678166,-0.8625254582484725,-0.8625254582484725,-0.8602150537634409,-0.8571428571428572,1.0972818311874106,-3.5557655954631384,1.3493150684931503,-7.675373134328357,0.35708582834331337,0.10555105348460292,-0.18496538081107805,-0.2133123689727463,-0.0847457627118644,0.021523178807947074,-0.020489470688673798,0.02624671916010501,-0.10137100124636478,-0.2154953429297206,0.0,-0.056511213047910284
97,2018-04-29,-0.0592483344352337,-0.0873436180827385,0.02679931881330111,0.041145714935212574,-0.17211380202210202,0.08634633682207428,7.362962962962962,7.362962962962962,7.461538461538463,7.384615384615384,-0.5832196452933152,-0.9837278106508875,1.4897959183673468,-2.0782560089435442,-0.2837181938520371,-0.014660069635330732,0.14502427184466016,0.10259826782145233,-0.13703703703703696,0.07617504051863855,0.17896571760604285,0.02557544757033248,-0.11997226074895985,0.038316243928764086,0.06172839506172824,-0.12340468633938828
98,2018-07-29,-0.03324683749594548,-0.08426541081490202,-0.034741620111731875,-0.05633187772925762,-0.030815109343936387,-0.021677249835778456,0.03897254207263057,0.03897254207263057,0.07272727272727253,0.07339449541284382,0.036006546644844484,-31.63636363636364,-0.4320843091334895,-0.22446863659927416,-0.3071868583162217,-0.05616514785196214,0.14228934817170116,0.09486404833836848,-0.007153075822603715,0.09337349397590368,-0.16067028092656474,0.049875311720698264,0.0023640661938535428,0.03274428274428276,0.05813953488372104,-0.02961907329661428
99,2018-10-28,-0.006151093217021786,-0.013040683258334074,-0.011213601012841412,-0.05876908838500694,0.002051282051282133,-0.10161145926589077,-0.2531969309462916,-0.2531969309462916,-0.2457627118644067,-0.24786324786324776,0.7014218009478672,-0.8086053412462908,-0.3938144329896908,-1.0441176470588236,0.01956135151155891,-0.19251231527093604,0.05219206680584554,-0.00938189845474613,0.027377521613832775,-0.18732782369145995,-0.27069876688197303,0.04750593824228022,0.008385744234800763,-0.0337191746351283,0.0219780219780219,0.04858299595141702
100,2019-01-27,0.06464862431778551,-0.04298874104401229,-0.020212182184013217,-0.071779744346116,0.20032168445679188,-0.06502242152466364,-0.11986301369863014,-0.11986301369863014,-0.0898876404494382,-0.09090909090909084,-0.22562674094707524,-0.4883720930232558,0.15192743764172345,-4.757575757575758,-0.0720930232558139,-0.1671547096144459,0.2043650793650793,0.20445682451253488,0.2131837307152875,-0.188135593220339,-0.1594202898550725,0.04535147392290262,0.1273388773388775,0.2239583333333333,-0.010752688172043,0.03103944280414872
101,2019-04-28,-0.007768734806045895,-0.02168206125425376,-0.012974890320171741,-0.045286016949152574,-0.0009745401388719932,-0.057021049826805226,-0.13618677042801552,-0.13618677042801552,-0.1234567901234569,-0.1250000000000001,-0.04076738609112707,0.9545454545454546,-0.26476377952755903,-0.6935483870967742,-0.02380952380952384,0.20920011719894527,-0.1511989749222039,-0.12072155411655885,0.012716763005780285,-0.0041753653444677186,0.00287356321839094,0.04555314533622568,0.006915629322268303,-0.059574468085106365,-0.0652173913043479,0.024708128350099168
