,Quarter end,Assets,Current Assets,Liabilities,Current Liabilities,Shareholders equity,Revenue,Earnings,Earnings available for common stockholders,EPS basic,EPS diluted,Cash from operating activities,Cash from investing activities,Cash from financing activities,Cash change during period,Cash at end of period,Price,ROE,ROA,Book value of equity per share,P/B ratio,P/E ratio,Cumulative dividends per share,Equity to assets ratio,Net margin,Asset turnover,Current ratio
0,1993-12-31,0.023181206664596887,0.12973977695167282,0.031029900332225857,0.07267376047090779,-0.004443405051449911,0.07694327731092443,-22.857142857142854,-6.913043478260869,-6.9,-6.6,2.9108910891089113,-0.2933884297520661,-2.5578231292517013,-1.8333333333333333,0.19047619047619047,-0.0544049580293402,0.16003879728419013,0.08609271523178808,-0.006310541760010113,-0.11184210526315784,-0.036874999999999984,inf,-0.028433151845130174,0.15962441314554,0.012345679012345512,0.05320197044334973
1,1994-03-31,0.023181206664596887,0.12973977695167282,0.031029900332225857,0.07267376047090779,-0.004443405051449911,0.07694327731092443,-22.857142857142854,-6.913043478260869,-6.9,-6.6,2.9108910891089113,-0.2933884297520661,-2.5578231292517013,-1.8333333333333333,0.19047619047619047,-0.0544049580293402,0.16003879728419013,0.08609271523178808,-0.006310541760010113,-0.11184210526315784,-0.036874999999999984,inf,-0.028433151845130174,0.15962441314554,0.012345679012345512,0.05320197044334973
2,1994-06-30,0.004703145544654674,-0.05264889766370517,-0.003157826899529592,-0.0401013085690165,0.03335682405449858,0.07694327731092443,-22.857142857142854,-6.913043478260869,-6.9,-6.6,2.9108910891089113,-0.2933884297520661,-2.5578231292517013,-1.8333333333333333,-0.1333333333333333,-0.11890737130294105,0.16003879728419013,0.08609271523178808,0.044263804655002785,-0.11184210526315784,-0.036874999999999984,inf,0.03985056039850576,0.15962441314554,0.012345679012345512,-0.013096351730589316
3,1994-09-30,0.021190919615442727,0.16776658562000699,0.014546159813809243,0.042656112576956895,0.04455558081382138,0.03218727139722022,0.33986928104575154,0.38235294117647056,0.3954802259887007,0.3511904761904763,-0.1392405063291139,0.6988304093567252,-0.7096069868995634,2.4,-0.523076923076923,0.005578964713636614,0.16003879728419013,0.08609271523178808,0.058837838659652864,-0.03703703703703709,-0.036874999999999984,inf,0.03712574850299388,0.15962441314554,0.012345679012345512,0.1200631911532386
4,1994-12-31,-0.03953075709779175,-0.0725758477096966,0.026317466386286847,0.03627161535217205,-0.264417845484222,-0.056224899598393614,-1.6,-0.7765957446808511,-0.7732793522267206,-0.947136563876652,-1.0926470588235295,-0.9036144578313252,-1.8345864661654137,-0.7647058823529411,-0.25806451612903225,-0.09021957956833193,0.16003879728419013,0.08609271523178808,-0.061455401757509735,-0.1384615384615384,-0.036874999999999984,inf,-0.021362586605080724,0.15962441314554,0.012345679012345512,-0.10507757404795504
5,1995-03-31,0.00939135789797807,0.004810776138550299,0.00881659009064939,0.0567765567765568,0.012130177514792841,-0.006257822277847325,-1.3089430894308944,-0.11904761904761907,-0.14285714285714302,3.0,-5.015873015873017,1.2857142857142856,-1.7837837837837838,-5.75,1.652173913043478,0.16688966652943593,0.16003879728419013,0.08609271523178808,0.011596597515451943,0.2410714285714284,-0.036874999999999984,inf,0.0029498525073745623,0.15962441314554,0.012345679012345512,-0.04917257683215126
6,1995-06-30,0.014438964868574988,0.11458665815512292,0.006400787789266449,0.0687463893703062,0.05261619409529383,0.08488664987405548,3.7105263157894735,3.8108108108108105,3.8125,3.333333333333334,2.375494071146245,3.265625,2.218390804597701,-0.2631578947368421,0.459016393442623,0.16262403528114655,0.08779264214046822,0.08609271523178808,0.04987749916820428,0.14388489208633115,-0.036874999999999984,inf,0.0388235294117647,0.09311740890688268,0.012195121951219523,0.04293054864909674
7,1995-09-30,0.005763544329173476,0.10624284077892332,-0.005014677103718168,-0.01207207207207206,0.05470702582615949,0.032040863710239176,0.2905027932960893,0.2865168539325842,0.2813852813852813,0.2692307692307692,-0.050351288056206034,-0.26739926739926745,0.3999999999999999,-0.3214285714285714,0.2134831460674158,0.054414414414414525,0.07609531129900082,0.08609271523178808,0.055401901469317005,0.006289308176100628,-0.0304996755353667,inf,0.04983012457531144,0.07777777777777772,0.012048192771084263,0.119675778766688
8,1995-12-31,-0.02551325493322698,-0.18793683665544916,-0.026674861708666286,-0.14408170709465618,-0.020537124802527677,-0.05781777277840273,-2.2164502164502164,-2.2314410480349345,-2.243243243243243,-2.393939393939394,-0.6707768187422934,-1.3725,0.12755102040816335,-2.3684210526315788,-0.2407407407407407,-0.037198258804907125,-0.675,-0.4878048780487806,-0.02620587994431245,-0.08750000000000002,-0.10441767068273088,inf,0.004314994606256617,-0.6701030927835052,0.011904761904761862,-0.05124201561391062
9,1996-03-31,-0.0038351401104520506,0.0653490596110935,-0.015849962111644356,-0.007884082676326455,0.047311827956989294,0.028653295128939767,-1.5587188612099645,-1.5567375886524824,-1.5489130434782608,-1.5,0.21722846441947571,-1.0738255033557047,-0.19004524886877827,0.6923076923076923,-0.5365853658536586,0.13344916489182834,0.6857142857142859,0.7261904761904763,0.04628150141563636,0.1643835616438356,2.9678624813153966,inf,0.05263157894736836,0.6979166666666667,0.0235294117647058,0.07390783961699587
10,1996-06-30,0.00929110415276413,0.058049072411729526,-0.06063522617901829,0.028994845360824636,0.2890143737166324,0.056174558960074165,0.8662420382165605,0.8662420382165605,0.6584158415841583,0.7391304347826086,1.4707692307692306,4.0,0.9720670391061452,-1.9545454545454544,1.1052631578947367,0.13552226013285185,0.2777053455019556,0.3999999999999999,0.11250133962061937,0.08823529411764719,-0.40082878131474864,inf,0.3030612244897959,0.3926380368098161,0.02298850574712641,0.028280858177765374
11,1996-09-30,0.024768589156749062,0.11566742081447967,0.014754098360655775,0.04320601127113344,0.05396256471525285,-0.08329670329670325,-0.03754266211604096,-0.03754266211604096,-0.08656716417910447,-0.04375000000000007,0.07098381070983817,9.563636363636364,-0.5467422096317279,-1.9761904761904765,-0.5125,-0.08387162328896369,0.033673469387755166,0.1280788177339902,0.05353659417672119,-0.17837837837837844,-0.3401446086136435,inf,0.02858261550508989,0.14977973568281944,-0.022471910112359602,0.06936729440455225
12,1996-12-31,0.017271328601915714,0.13307984790874516,-0.001817447495961244,0.11364545818327333,0.0708482901945966,0.13258211460081526,0.007092198581560183,0.007092198581560183,-0.058823529411764726,-0.1797385620915034,-0.15348837209302324,-0.02409638554216864,-0.5875,-1.7073170731707317,0.7435897435897436,0.026809056771188056,1.0256663376110562,1.2227074235807862,0.06990353403739791,-0.02631578947368418,-0.07098618389709377,inf,0.052531404644080786,1.1915708812260537,0.02298850574712641,0.017483846446218143
13,1997-03-31,-0.008489047177635767,0.009172259507830072,-0.022253692089823973,-0.047969816744520284,0.027522935779816567,-0.06308213378492801,-0.4647887323943662,-0.4647887323943662,-0.42708333333333337,-0.3426294820717132,-0.6813186813186813,-1.0458553791887124,0.7954545454545454,-0.27586206896551724,0.3088235294117647,-0.03191111796929247,-0.0964912280701754,-0.013752455795677744,0.025895222630544446,-0.09459459459459453,-0.5969230769230769,inf,0.03652802893309226,-0.010489510489510523,0.0,0.06001743244925905
14,1997-06-30,0.018698026866112327,0.10285967634670802,0.01365611421477353,0.02698622381581428,0.03125,0.06416629010393128,0.986842105263158,0.986842105263158,0.9757575757575758,0.9757575757575758,2.5646551724137927,-29.615384615384613,-0.3670886075949367,-4.190476190476192,-0.7528089887640451,0.09659371662655224,-0.034519956850054045,-0.003984063745019917,0.022929856714428487,0.06716417910447747,0.11704834605597947,inf,0.012212142358688059,0.0,-0.011235955056179804,0.0738869963585107
15,1997-09-30,0.03072018548036515,0.1469346733668342,0.04436279512825747,0.14608599779492826,-0.0026640026640026853,0.01868365180467091,0.06953642384105962,0.06953642384105962,0.08895705521472386,0.08895705521472386,0.5961305925030229,0.2338709677419355,1.6466666666666665,-1.0746268656716418,0.2272727272727273,0.14141605011846448,0.009497206703910743,0.024000000000000018,0.005741393000386896,0.11888111888111895,0.13553530751708442,inf,-0.032402619786280666,0.005300353356890497,0.02272727272727271,0.0007656967840734553
16,1997-12-31,-0.019869722105065882,-0.1112863652295829,-0.04234803570265167,-0.0994067660734328,0.03772954924874794,-0.033764068361817445,-0.3560371517027864,-0.3560371517027864,-0.6394366197183099,-0.676056338028169,-0.5901515151515151,-0.8910675381263616,0.017632241813602127,6.4,1.3703703703703702,0.16039273616381844,-0.09297177642501386,-0.076171875,0.0377335573594606,0.1499999999999999,0.10832497492477433,inf,0.058781617385108786,-0.06854130052724082,-0.011111111111111072,-0.013225489124494505
17,1998-03-31,0.018120965814009127,-0.005127193847367373,0.013266208585618113,0.012996261349474736,0.02960102960102962,0.021786022433132102,0.3942307692307692,0.3942307692307692,0.3125,0.40869565217391335,-0.05360443622920519,1.5299999999999998,-0.5074257425742574,0.6216216216216217,0.9375,0.11345353979872908,0.11348383160463693,0.12684989429175464,0.029592493611376506,0.07608695652173902,0.13484162895927576,inf,0.01144010767160153,0.12264150943396235,0.011235955056179804,-0.017944173681878617
18,1998-06-30,0.030571992110453694,0.042814667988106965,0.027527863569222436,0.032513181019332205,0.03765624999999995,0.0580536204348745,0.4103448275862069,0.4103448275862069,0.4166666666666667,0.41975308641975295,0.57421875,1.7114624505928853,-0.3165829145728644,-1.2666666666666666,-0.12903225806451613,0.12783488896992856,0.06794520547945204,0.07879924953095685,0.037665782493368605,0.09595959595959602,-0.01754385964912275,inf,0.006653359946773074,0.07731092436974807,0.0,0.010038348748026005
19,1998-09-30,0.011346548188653438,-0.01368561110055122,0.021562990067956145,0.01259574468085112,-0.01219695828941425,0.006783719074221928,0.058679706601467034,0.058679706601467034,0.07983193277310917,0.0826086956521741,0.5769230769230769,0.1005830903790088,3.044117647058824,1.125,-0.33333333333333337,-0.08503089251850493,0.06516162134427916,0.08000000000000007,-0.012196903301197716,-0.119815668202765,-0.17451298701298698,inf,-0.023132848645076032,0.07644305772230897,0.0,-0.026018983807928556
20,1998-12-31,0.00491123727133469,-0.060512622856041635,-0.0018549315594217355,-0.052109598251807054,0.021036585365853618,-0.12604042806183113,-0.579676674364896,-0.579676674364896,-0.5680933852140078,-0.6586345381526104,-0.5232100708103855,-0.2662251655629139,-0.9472727272727272,-1.6764705882352942,0.3194444444444444,-0.15927563778068554,-0.037090558766859405,-0.03542673107890504,0.021386321626617463,-0.1465968586387435,-0.23893805309734506,inf,0.015899864682002773,-0.008695652173913104,-0.022222222222222254,-0.008828250401283988
21,1999-03-31,-0.0035421243778863687,-0.13025641025641022,0.010317206023710446,0.05923035999290649,-0.03583159151985671,0.01655328798185951,-0.13186813186813184,-0.13186813186813184,-0.10810810810810824,0.12941176470588234,-0.7062706270627063,-0.7888086642599278,2.2413793103448274,-2.4347826086956523,-0.34736842105263155,0.0645740317871466,-0.10255127563781884,-0.11018363939899832,0.14450657835206382,0.0429447852760736,0.10852713178294572,inf,-0.032301032301032206,-0.08771929824561409,-0.03409090909090917,-0.17883169462116832
22,1999-06-30,0.05791036717062625,0.08797169811320749,0.08289991120131934,0.0554160388414533,-0.003096934035305088,0.11777827347758207,0.6962025316455696,0.6962025316455696,0.7777777777777779,0.7708333333333333,5.03932584269663,9.051282051282053,-2.25531914893617,-1.5151515151515151,0.27419354838709675,0.0821603508809372,-0.11259754738015605,-0.13508442776735452,0.016982385123810232,-0.058823529411764615,0.1911421911421911,inf,-0.05781142463867873,-0.12019230769230772,-0.0117647058823529,0.03084941541062136
23,1999-09-30,0.03628088979626565,0.10817255582050732,0.04644760733321629,0.032519035532994955,0.009319664492078328,0.02773897425663541,0.04104477611940305,0.04104477611940305,0.05681818181818187,0.03529411764705892,-0.15348837209302324,0.0008503401360544505,1.4067796610169492,0.0,0.2151898734177216,-0.0690294459893892,-0.14572864321608034,-0.16702819956616066,0.025965545120965272,-0.08125000000000004,0.02348336594911937,inf,-0.025931336742147537,-0.1511839708561019,-0.02380952380952384,0.07324405575293791
24,1999-12-31,0.0004104416351995432,-0.13458528951486706,-0.019590283219523164,-0.0990935627592564,0.05540166204986141,-0.40077669902912616,0.0035842293906809264,0.0035842293906809264,0.016129032258064502,0.06818181818181812,-0.8890109890109891,-0.16737468139337294,2.084507042253521,-1.1764705882352942,-0.11458333333333336,-0.027879583924750432,0.10367647058823536,0.08593750000000022,0.05184433061558513,-0.054421768707483054,0.10707456978967488,inf,0.055118110236220375,0.19313304721030036,-0.08536585365853655,-0.03947033358798069
25,2000-03-31,-0.0024616394518749423,0.12997287522603984,0.0214660881479789,0.07077080491132337,-0.06357538641003213,0.4831497083603371,-0.5285714285714286,-0.5285714285714286,-0.5291005291005291,-0.5425531914893618,4.158415841584159,-0.6642857142857144,-1.2294520547945205,2.0,-0.10588235294117644,-0.20219234205766345,-0.02531645569620256,-0.04796163069544368,-0.07045398879075615,-0.2446043165467625,-0.3324697754749568,inf,-0.061478322672352426,-0.03237410071942437,-0.013333333333333308,0.05527571580063628
26,2000-06-30,0.047668010199884765,0.07561512302460494,0.04510395707578807,0.13170887083930571,0.05481158517595763,0.09482193576578536,1.4318181818181817,1.4318181818181817,1.4157303370786516,1.2790697674418603,1.4721689059500958,3.1945288753799392,-1.716417910447761,-6.777777777777778,0.6842105263157894,-0.3394930208418694,0.042378673957621286,0.035264483627204024,0.0528852860486384,-0.2857142857142857,-0.3285899094437257,0.0,0.006815600151457879,0.055762081784386686,-0.027027027027027084,-0.0494912699409622
27,2000-09-30,0.016723589683193874,-0.0046494327692021544,0.005722231135354861,0.024486349563748844,0.04709182167109538,0.04889243663939325,-0.024922118380062308,-0.024922118380062308,-0.032558139534883616,-0.025510204081632626,-0.2833850931677019,-0.5007246376811594,-2.3263888888888893,-0.17307692307692313,0.3359375,-0.054424019354438524,0.010491803278688485,0.017031630170316392,0.041999735017444806,-0.10666666666666658,-0.09248554913294804,0.0,0.030086498683715487,0.026408450704225258,0.0,-0.028412845249108032
28,2000-12-31,0.012124020232441302,-0.032324364723467884,0.01228331383600989,-0.039835164835164805,0.011701677710418634,-0.07553272450532722,-0.8498402555910542,-0.8498402555910542,-0.8413461538461539,-1.0,-0.5557963163596966,0.2728592162554426,-3.0157068062827226,-2.9069767441860463,-0.47953216374269,0.10376347613112036,-0.23166774821544445,-0.23684210526315785,-0.0075866745782826595,0.059701492537313376,0.07855626326963905,0.0,-0.00036509675063889363,-0.2915951972555745,0.06944444444444442,0.00775299238302507
29,2001-03-31,0.012245832220653785,-0.11701100598571156,0.013867731260177596,-0.03519313304721028,0.007943143812709108,-0.02037456266721549,-1.9148936170212765,-1.9148936170212765,-1.8484848484848488,-inf,-0.9536585365853658,-0.6875712656784493,-0.12207792207792212,-2.0121951219512195,0.9325842696629214,0.11439553037207273,-0.23733108108108106,-0.2319749216300939,0.007459605665883774,0.12676056338028174,0.5570866141732282,0.0,-0.0043827611395178545,-0.22276029055690086,-0.012987012987012991,-0.0847617762181131
30,2001-06-30,0.09301273837340762,0.1314235731467308,0.15341174032433558,0.17052194543297738,-0.06815982303331948,0.1728991596638656,10.790697674418604,10.790697674418604,10.749999999999998,10.749999999999998,44.57894736842106,4.364963503649634,1.0621301775147929,0.12048192771084333,0.5406976744186047,-0.02928104110368368,-1.297895902547065,-1.2897959183673469,-0.07247523633229247,-0.03749999999999998,0.2781289506953222,0.0,-0.1474688187820984,0.0,0.0,-0.033475888512018985
31,2001-09-30,0.09785532032273636,0.17529957479706226,0.15034588087323694,0.026475804408411463,-0.07551928783382789,-0.13738133619917606,-0.18343195266272194,-0.18343195266272194,-0.18541033434650456,-0.18541033434650456,-0.5138568129330254,0.2340136054421769,0.7173601147776183,-3.1075268817204305,-0.7396226415094341,-0.23105803923005064,3.9814126394052054,3.5492957746478866,-0.07595978062157227,-0.1688311688311689,0.0,0.0,-0.15791738382099818,0.0,-0.07894736842105265,0.14510222764723826
32,2001-12-31,0.031438442211055184,0.07548100641341883,0.0725916669920732,-0.07293594964827843,-0.13769860375541645,-0.21013289036544847,0.927536231884058,0.927536231884058,0.92910447761194,0.92910447761194,-2.8883610451306407,-0.3754134509371555,0.6532999164578113,-1.260204081632653,0.7391304347826086,-0.28669763010599025,1.0567164179104478,0.8142414860681113,-0.13961156725030488,-0.234375,0.0,0.0,-0.16402657128257547,0.0,-0.09999999999999998,0.16002664890073293
33,2002-03-31,-0.037361834292500166,-0.041131498470947984,0.009319935925440559,-0.01637380191693294,-0.2760096780197283,0.08727655099894838,0.9586466165413534,0.9586466165413534,0.9516441005802708,0.9516441005802708,-0.4893081761006289,-1.0750220653133271,-0.830722587165235,-0.7254901960784313,0.1166666666666667,0.2796513957526379,1.142235123367199,0.7883959044368603,-0.27739240409305177,0.489795918367347,0.0,0.0,-0.24816625916870416,0.0,-0.0634920634920636,-0.025155065472088237
34,2002-06-30,-0.002403998228632909,-0.06745335672141606,0.01468042129562841,0.009473541751251924,-0.12416452442159387,0.08293036750483562,-0.6833013435700576,-0.6833013435700576,-0.6838453914767096,-0.6838453914767096,-2.2118226600985222,-6.847058823529411,-0.8029850746268656,3.3571428571428568,0.455223880597015,-0.18461498316937608,0.17208672086720855,-0.02385496183206104,-0.12736674622116162,0.1369863013698629,0.0,0.0,-0.12195121951219512,0.0,-0.08474576271186429,-0.07623424060327555
35,2002-09-30,-0.0011414801192212165,0.023768809849521236,0.030571255909850326,-0.03230996112079365,-0.2629879659524509,0.0033489618218351946,0.8666666666666667,0.8666666666666667,0.8589341692789969,0.8589341692789969,-2.1341463414634143,0.7263581488933601,19.363636363636363,-2.180327868852459,-0.3692307692307693,-0.5300819252432156,0.4393063583815029,0.1593352883675463,-0.2644118272707934,-0.4578313253012048,0.0,0.0,-0.2620370370370371,0.0,-0.01851851851851849,0.05803571428571419
36,2002-12-31,-0.03920386007237631,-0.1753799899782863,0.011003414852885474,0.003047935716264938,-0.6188769414575865,-0.0676457498887405,-0.4274891774891775,-0.4274891774891775,-0.4300168634064081,-0.4300168634064081,0.14516129032258074,-0.8566433566433567,-0.43377976190476186,-0.9861111111111112,-0.1544715447154471,-0.41623535821302093,0.0,-0.05227655986509272,-0.6197636949516648,-0.22222222222222232,0.0,0.0,-0.603513174404015,0.0,0.03773584905660377,-0.17793851717902354
37,2003-03-31,-0.039019394059536805,-0.26392546080615753,-0.004162401910610679,-0.02306629834254148,-1.1065830721003134,-0.01670644391408116,0.9716446124763704,0.9716446124763704,0.9763313609467454,0.9763313609467454,-0.4976525821596244,-4.154471544715447,-1.0183968462549278,-54.0,0.5096153846153846,-0.2666822211852543,0.0,-0.12989323843416367,-1.1065840938722296,0.9428571428571432,0.0,0.0,0.0,0.0,0.0181818181818183,-0.24651708461651256
38,2003-06-30,0.004607027435879818,0.1686846450192625,0.01829518980402911,0.0011310617842499315,3.9215686274509807,0.04951456310679614,-0.928092042186002,-0.928092042186002,-0.9296407185628742,-0.9296407185628742,-3.1962616822429912,-3.11340206185567,-9.214285714285714,-1.0,0.0,0.7128539611835827,0.0,-0.12474437627811864,3.8440366972477062,0.0,0.0,0.0,0.0,0.0,0.017857142857142568,0.1673803036200856
39,2003-09-30,0.024743326488706474,0.19519660937132088,0.024964672633066343,0.007202372546250445,0.03784860557768921,0.06498612395929704,-1.0133333333333334,-1.0133333333333334,-1.0,-1.0,-0.3971631205673759,-0.3951219512195122,-0.3739130434782608,inf,0.006369426751592354,0.4853719699080523,0.0,-0.3504672897196261,0.0347222222222221,0.0,0.0,0.0,0.0,0.0,0.017543859649122858,0.18656218739579852
40,2003-12-31,-0.020472230571419003,-0.07762017336485416,-0.03873424369747902,-0.08034212002243413,-1.0882917466410749,-0.04647122692725303,-112.0,-112.0,-inf,-inf,-1.4894117647058824,-1.5705645161290325,-2.5694444444444446,-39.0,-0.24050632911392397,0.2274745201025448,0.0,-0.2482014388489209,-1.0880618263168598,0.0,0.0,0.0,-0.9493670886075948,0.0,0.01724137931034475,0.002950681466910243
41,2004-03-31,0.02113876576883733,0.1546347714651859,0.02735282065291633,0.08400670833968582,-3.934782608695652,0.027556365292644047,0.4954954954954955,0.4954954954954955,0.5147058823529411,0.5147058823529411,-2.7836538461538463,-3.717314487632509,-4.8053097345132745,-1.8421052631578947,0.2666666666666666,0.07279303142988125,0.0,-0.7153110047846889,-3.9376443418013856,70.52941176470588,0.0,0.0,0.0,0.0,0.016949152542372836,0.06514429812272349
42,2004-06-30,0.0017028380634389606,0.01979282278949324,0.0012630879175667964,0.026300984528832668,-0.09629629629629632,0.07047872340425543,-1.036144578313253,-1.036144578313253,-1.0388349514563109,-1.029126213592233,-0.02425876010781669,-0.5331599479843954,-0.9046511627906976,0.375,0.2894736842105263,-0.14207027540360873,0.0,-0.2352941176470589,-0.10220125786163524,0.0,0.0,0.0,0.0,0.0,0.03333333333333344,-0.006313297382612215
43,2004-09-30,-0.02466584447185094,-0.038635951387629215,-0.01819207914218368,-0.023708373304097585,1.5737704918032789,-0.014078674948240109,-36.66666666666666,-36.66666666666666,-34.25,-45.33333333333334,-0.8066298342541436,-0.766016713091922,-2.5853658536585367,-2.7954545454545454,-0.4030612244897959,-0.21513172459597074,0.0,0.8021978021978022,1.5709281961471104,0.0,0.0,0.0,0.0,0.0,0.0,-0.015221707478490831
44,2004-12-31,-0.016677488807627868,-0.06207547169811323,-0.007472527472527469,-0.014879281302638938,0.8503184713375795,-0.04640907181856357,0.808411214953271,0.808411214953271,0.8120300751879699,0.8120300751879699,-2.2285714285714286,-2.952380952380953,0.15384615384615374,-1.0379746835443038,0.02564102564102555,-0.07270291234750725,0.0,0.5731707317073169,0.8463896457765667,0.0,0.0,0.0,0.0,0.0,0.016129032258064502,-0.04798387096774204
45,2005-03-31,0.013693393111597674,0.09032387849527268,0.017374122777134238,0.1015958962667427,0.19965576592082626,0.04602510460251042,-0.5813953488372092,-0.5813953488372092,-0.5850622406639004,-0.5850622406639004,-6.406976744186046,-3.1036585365853657,0.22666666666666654,8.333333333333334,0.2333333333333334,0.07893536121673006,0.0,0.0,0.19793396052388856,0.0,0.0,0.0,0.0,0.0,0.015873015873015817,-0.010165184243964507
46,2005-06-30,0.011211300442280692,0.06808118081180803,0.00820385748727559,0.037252619324796184,-0.11764705882352945,0.11768421052631585,-1.3580246913580247,-1.3580246913580247,-1.35,-1.3,0.2881720430107526,0.6202898550724638,-0.7608695652173914,-0.3571428571428571,0.12162162162162173,0.28615731604172545,0.0,-0.062015503875968984,-0.1301201108715737,0.0,0.0,0.0,0.0,0.0,0.03125,0.029667665097703688
47,2005-09-30,-0.0019665016613548136,0.03420279841077911,0.0018599089973097005,-0.018705574261129843,0.18536585365853653,0.03315125258994156,-3.6379310344827593,-3.6379310344827593,-3.6571428571428575,-4.1,-1.0534223706176962,-0.7245080500894454,-7.6818181818181825,-3.1666666666666665,-0.2349397590361446,0.02142700569925471,0.0,-0.09090909090909094,0.17560630200035401,0.0,0.0,0.0,0.0,0.0,0.04545454545454541,0.05388557972018293
48,2005-12-31,0.002004348416904556,0.02956405545348262,0.02678601027681093,0.05731350870504515,1.0274348422496569,-0.057793983591613474,2.947712418300654,2.947712418300654,2.6881720430107525,2.6881720430107525,-0.75,2.123376623376624,2.401360544217687,-1.282051282051282,0.08661417322834652,0.36305595793765777,0.0,0.3318181818181818,0.7982231591627769,0.0,0.0,0.0,0.0,0.0,0.014492753623188468,-0.026156677181913838
49,2006-03-31,0.014341413798949043,0.1064243997404284,0.007006102088916054,0.0509615384615385,-0.13937753721244928,0.034055727554179516,-0.847682119205298,-0.847682119205298,-0.8571428571428572,-0.8571428571428572,-99.625,0.1351351351351351,-1.474,-0.4545454545454546,0.04347826086956519,0.4099031724789419,0.0,-0.0887372013651877,-0.15424552001339809,0.0,0.0,0.0,0.0,0.0,0.02857142857142869,0.052773653664462065
50,2006-06-30,0.027876194932816345,0.14956011730205288,0.0022443090734209914,0.055809698078682635,-0.6006289308176099,0.11807634730538917,-4.163043478260869,-4.163043478260869,-3.9387755102040822,-3.326530612244898,0.04182509505703425,0.86996336996337,-1.9367088607594936,2.833333333333333,0.15972222222222232,0.06295365717476263,0.0,-0.299625468164794,-0.644950495049505,0.0,0.0,0.0,0.0,0.0,0.013888888888888841,0.08871794871794858
51,2006-09-30,-0.020291363163371438,-0.04681122448979591,-0.019769673704414625,-0.060333622183708864,0.011811023622047223,-0.021422594142259443,-0.9484536082474226,-0.9484536082474226,-0.9513888888888888,-0.9473684210526316,-0.8564476885644771,-1.0039177277179236,-1.7882882882882885,-3.3043478260869565,-0.3173652694610778,-0.08194353250164144,0.0,-0.30481283422459904,0.0052983825989960645,0.0,0.0,0.0,0.0,0.0,0.013698630136986356,0.014366462552991122
52,2006-12-31,-0.032627456186935744,-0.07640840358624379,-0.029077736440180187,-0.019596541786743527,0.17898832684824906,-0.07696254489481791,0.1333333333333333,0.1333333333333333,0.1428571428571428,2.0,0.7796610169491525,48.5,1.2914285714285714,-1.1320754716981132,0.061403508771929786,0.2518952939493635,0.0,-1.5923076923076924,0.10790568654646338,0.0,0.0,0.0,0.0,-0.6822429906542056,0.0135135135135136,-0.057928952867425165
53,2007-03-31,0.02535597872705431,0.1348884381338742,-0.003125945346374892,0.05326278659611994,-1.372937293729373,0.005558643690939391,3.7647058823529416,3.7647058823529416,3.375,0.6666666666666667,3.295238095238095,-5.131313131313132,-0.8503740648379052,2.4285714285714284,0.19834710743801653,0.21647623400365634,0.0,0.7532467532467533,-1.35378067100651,0.0,2.934718100890208,0.0,3.75,0.7450980392156861,0.013333333333333421,0.0775107825015402
54,2007-06-30,0.017601392049257036,0.0963870803012894,0.004787915570841017,0.048559946416610884,1.6991150442477876,0.08328726736686942,2.9135802469135803,2.9135802469135803,2.657142857142857,2.6000000000000005,-0.06762749445676275,-0.25305623471882643,1.6666666666666663,1.9166666666666663,0.4827586206896553,-0.17429038378449455,0.0,0.06666666666666665,1.619249823071479,-0.3604029605263158,-0.5625942684766214,0.0,1.6447368421052633,0.07303370786516837,-0.013157894736842146,0.04563129002744737
55,2007-09-30,-0.02666885892798421,-0.06124825337680484,-0.034530201342281915,-0.016714574683274752,0.3573770491803279,0.011396496002721523,-0.4479495268138801,-0.4479495268138801,-0.453125,-0.4351851851851852,-0.7598097502972652,-1.5466448445171852,2.6875,-1.7714285714285714,-0.25116279069767444,-0.1515640996473666,0.0,0.3750000000000002,0.3504458254525804,-0.6759884281581485,-0.12011494252873554,0.0,0.3930348258706469,0.3612565445026179,0.013333333333333421,-0.04528054249152358
56,2007-12-31,-0.03473090307104965,-0.10332423716199456,-0.0993013798616662,-0.08152880034647036,2.2089371980676327,-0.0442314160780356,-1.3942857142857144,-1.3942857142857144,-1.3857142857142857,-1.4426229508196722,-1.0445544554455446,1.5778443113772456,0.4661016949152543,-0.7592592592592593,-0.08074534161490687,-0.20019842865953408,-1.468473895582329,-0.14141414141414144,2.2052821128451385,-0.4077380952380952,-0.4030045721750489,0.0,2.3214285714285707,-0.15384615384615385,0.013157894736842035,-0.023714056592965996
57,2008-03-31,0.006825102376535552,0.03928620832756957,0.014007872192637105,0.12837439585052454,-0.06322920587128343,0.0024634875945803714,3.753623188405797,3.753623188405797,3.888888888888888,3.888888888888888,-50.88888888888889,-1.1637630662020906,-0.7075144508670519,-5.230769230769232,0.3716216216216217,-0.3808965031682703,-0.8763394770681526,-0.8117647058823529,-0.06342072409488142,-0.8073701842546064,-0.21881838074398266,0.0,-0.06989247311827962,-0.8136363636363636,0.025974025974025983,-0.07897207228350145
58,2008-06-30,0.0055273586873392224,0.20750698788766145,0.037599421547360734,0.1115754283326369,-0.3330654881478505,0.08460593294716512,3.414634146341464,3.414634146341464,3.371212121212121,3.371212121212121,0.5701559020044544,4.078014184397163,-1.3754940711462451,0.5272727272727273,0.4137931034482758,-0.3713310949853785,-16.164644714038126,-19.03125,-0.3375766462276726,-0.33043478260869563,9.812324929971991,0.0,-0.33641618497109826,0.0,0.025316455696202445,0.0862530258631673
59,2008-09-30,-0.06828003457216936,-0.1725088183421517,-0.04580964606638549,-0.10864661654135344,-0.4373493975903614,0.039164913416410485,-1.0310773480662982,-1.0310773480662982,-1.0294627383015598,-1.0294627383015598,-2.679432624113475,-1.9064245810055864,4.484210526315789,-1.1666666666666667,-0.048780487804878085,0.12765957446808507,0.06308571428571441,0.10225303292894283,-0.4931079585471375,0.7142857142857144,0.0,0.0,-0.3954703832752613,0.0,0.04938271604938271,-0.07166314801782793
60,2008-12-31,-0.06586270871985156,-0.20940455574796854,0.08048892988929879,-0.011598481653310788,-4.142398286937901,-0.14826351035664231,-8.555555555555555,-8.555555555555555,-8.117647058823529,-8.117647058823529,0.15202702702702695,0.9460708782742682,-0.963531669865643,4.857142857142857,-0.3003663003663004,0.05797876403636092,0.0,0.1855345911949684,-4.139936482731241,1.083333333333333,0.0,0.0,0.0,0.0,0.0235294117647058,-0.20012634238787108
61,2009-03-31,-0.02609731876861965,-0.09654591406908176,-0.01718249733191035,-0.049711969276722834,0.05928449744463383,-0.11519473395501922,0.10294117647058833,0.10294117647058833,0.11570247933884305,0.11570247933884305,-1.3365102639296187,-0.908946951702296,-31.421052631578952,-0.951219512195122,-0.020942408376963373,-0.19494584837545129,0.0,0.06498673740053063,0.03717049118149052,0.0,0.0,0.0,0.0,0.0,0.0,-0.04928131416837789
62,2009-06-30,-0.015498817195529813,-0.041402461767997,-0.017700076012596374,-0.07162101481814097,-0.03505950466387908,0.0103327133705311,0.040000000000000036,0.040000000000000036,0.02962962962962945,0.02962962962962945,0.043572984749455264,-4.191304347826087,-0.8131487889273357,-2.0,0.021390374331550888,-0.35327354260089683,0.0,-0.4757160647571607,-0.017614432864021427,0.0,0.0,0.0,0.0,0.0,-0.011494252873563204,0.03256354876225287
63,2009-09-30,0.06694838014748528,0.2554474708171206,0.05435183138035238,-0.044619105199516285,-0.047000000000000035,0.048680711802004506,-0.07948717948717954,-0.07948717948717954,-0.09352517985611508,-0.09352517985611508,-1.025052192066806,3.934604904632153,-17.694444444444443,-6.0,-0.10471204188481677,0.3565386215504089,0.0,0.3966745843230404,-0.1976672043677876,0.0,0.0,0.0,0.0,0.0,-0.046511627906976834,0.3140788415124698
64,2009-12-31,-0.012269938650306787,0.029288702928870206,0.0109740327823018,-0.021895962536387814,0.22035676810073454,-0.012677979325141364,-0.04178272980501396,-0.04178272980501396,-0.1984126984126984,-0.1984126984126984,-1.3333333333333333,-0.6355604638321369,-0.6461453133666112,-0.09999999999999998,-0.10526315789473684,0.02463708852995317,0.0,0.0,0.21976492421899185,0.0,0.0,0.0,0.0,0.0,-0.02439024390243893,0.05240602424390839
65,2010-03-31,0.003420080194983965,0.028906955736224038,0.01693919175856462,0.06638198757763969,0.115505875609057,0.0011853022520742493,0.4680232558139534,0.4680232558139534,0.504950495049505,0.504950495049505,113.0,-0.3515151515151516,-0.987460815047022,-3.0,0.2352941176470589,0.2812531178289932,0.0,0.07823129251700678,0.11518955242804595,0.0,0.0,0.0,0.0,0.0,0.0,-0.03513670738801633
66,2010-06-30,0.014103819784524909,0.07462686567164177,0.013529591732671651,0.13566314767625287,0.00976361767728684,0.11957379636937635,-0.9782178217821782,-0.9782178217821782,-0.9802631578947368,-0.9802631578947368,0.5723684210526316,1.2102803738317758,28.625,-0.7777777777777778,0.042328042328042326,-0.08487774489954825,0.0,-0.250788643533123,0.008697629469615055,0.0,0.0,0.0,0.0,0.0,0.024999999999999908,-0.05378029663571693
67,2010-09-30,-0.020397913849719892,-0.06903594771241828,-0.027335233942646364,-0.04487658937920713,-0.07302798982188298,0.029608741628480706,-14.0,-14.0,-15.333333333333336,-14.000000000000002,-1.1157601115760112,-0.8710359408033826,-0.11392405063291144,-0.375,0.025380710659898442,-0.1407420013614703,0.0,-0.4084210526315789,-0.07365870153291254,0.0,0.0,0.0,0.0,0.0,0.03658536585365857,-0.025232572957818226
68,2010-12-31,-0.010608510470481504,0.0001462629808395288,0.0011379310344827864,-0.017787224521758627,0.08289870985451553,-0.04382060938034915,-1.6853146853146854,-1.6853146853146854,-1.6744186046511629,-1.7435897435897436,-2.819277108433735,3.3770491803278686,0.6619047619047621,-7.8,-0.16831683168316836,0.1041790453555158,0.0,-0.3416370106761566,0.0824359676339963,0.0,0.0,0.0,0.0,0.0,0.0235294117647058,0.01817231010589615
69,2011-03-31,0.0807158801020409,0.2905820415326119,0.06988599180243171,0.12220956719817774,0.0010139416983523386,-0.009488005728607196,3.4489795918367347,3.4489795918367347,3.517241379310345,3.517241379310345,3.6887417218543046,1.911985018726592,1.7650429799426934,-4.470588235294118,0.7023809523809523,0.010852017937219571,0.0,-0.16216216216216214,0.0008992805755396738,0.0,0.0,0.0,0.0,0.0,0.011494252873563315,0.15010272213662046
70,2011-06-30,-0.048906428650462914,-0.09382436260623228,-0.02466035670594291,-0.008829798031056546,0.14180805267156238,0.10500632568226996,-0.3440366972477065,-0.3440366972477065,-0.35114503816793896,-0.35114503816793896,-1.0776836158192091,-1.165273311897106,-1.1761658031088082,-0.7288135593220341,0.11188811188811187,-0.19084375831780664,0.0,0.6903225806451614,0.13589398023360275,0.0,0.0,0.0,0.0,0.0,0.011363636363636465,-0.08574299430612943
71,2011-09-30,-0.04141621747392099,-0.1449293485056896,-0.024557697385793498,-0.08631988531640389,0.0718562874251496,0.04285246974157664,-0.4335664335664336,-0.4335664335664336,-0.4352941176470588,-0.4352941176470588,4.581818181818182,0.4319066147859921,-0.5588235294117647,-1.4375,-0.044025157232704386,-0.3008771929824562,0.0,0.4580152671755724,0.07178168874826985,0.0,0.0,0.0,0.0,0.0,0.033707865168539415,-0.06423250702161433
72,2011-12-31,-0.035236053238399616,-0.01184556887978938,0.04761099079588527,-0.03283648996974109,0.4713428512311193,-0.06587202007528226,5.75925925925926,5.75925925925926,5.8125,5.8125,-2.0879478827361564,-1.983695652173913,-1.0933333333333333,0.5,-0.06907894736842103,-0.6202948557089083,0.0,1.0418848167539267,0.4711254612546125,0.0,0.0,0.0,0.0,0.0,0.032608695652173836,0.02179303144982381
73,2012-03-31,0.027801073465280046,0.15110256030782887,0.07228915662650602,0.1057937427578215,0.22148783574743347,0.013599731363331148,0.5159817351598173,0.5159817351598173,0.5137614678899083,0.5137614678899083,2.1946107784431144,1.7209944751381214,0.4285714285714286,-5.3809523809523805,0.3250883392226149,0.0,0.0,0.6615384615384614,0.22148366463911692,0.0,0.0,0.0,0.0,0.0,0.04210526315789487,0.040868454661558085
74,2012-06-30,0.00877157194728895,0.026484957572640692,0.014971232340271756,0.054804568793880286,0.032466037301404516,0.06874275302302467,-0.8548192771084338,-0.8548192771084338,-0.8545454545454545,-0.8545454545454545,-0.3861293345829429,-0.3756345177664975,-5.4,-1.0434782608695652,-0.010666666666666713,0.0,0.0,-0.003086419753086323,0.03247086606088612,0.0,0.0,0.0,0.0,0.0,0.03030303030303028,-0.026748466257668583
75,2012-09-30,-0.032314163228989716,-0.08529559118236474,-0.07099186798836588,-0.0476852771706735,-0.17763157894736847,-0.003564786112833285,-0.012448132780082943,-0.012448132780082943,-0.01388888888888895,-0.01388888888888895,-1.236641221374046,-1.6439024390243904,1.3636363636363638,-35.25,0.3692722371967656,0.0,0.0,0.03173374613003088,-0.17763468662208204,0.0,0.0,0.0,0.0,0.0,0.009803921568627416,-0.03958648512355012
76,2012-12-31,-0.017428010197684585,-0.03163083664247568,0.006229633889208275,-0.029417901105779243,0.0829830508474576,-0.07652823145123655,-2.1050420168067228,-2.1050420168067228,-2.098591549295775,-2.098591549295775,0.8580645161290323,-1.9267676767676767,-7.028846153846153,-1.2043795620437956,-0.055118110236220486,0.0,0.0,-0.417854463615904,0.08298567023399261,0.0,0.0,0.0,0.0,0.0,0.0,-0.002231556839065396
77,2013-03-31,0.014547001276052685,0.0640554298642535,0.023208559545353502,0.07373172828890806,0.048704144234380964,0.027118073100892648,-2.296577946768061,-2.296577946768061,-2.3076923076923075,-2.3076923076923075,-3.3715277777777777,1.964577656675749,-0.15311004784688995,-5.5,0.2625,0.0,0.0,-0.7010309278350515,0.04871172151969394,0.0,0.0,0.0,0.0,0.0,0.009708737864077666,-0.008946191290619687
78,2013-06-30,0.0991111856448097,0.28039867109634553,0.06838773737123005,0.06796796796796789,-0.019102196752626588,0.05755985569039024,-1.6451612903225803,-1.6451612903225803,-1.6372549019607845,-1.5784313725490196,0.6939970717423134,1.6626838235294117,2.273069679849341,-1.0158730158730158,-0.0033003300330033407,0.0,0.0,-0.8318965517241379,-0.019830706984667826,0.0,0.0,0.0,0.0,0.0,-0.019230769230769273,0.19885835656444967
79,2013-09-30,0.021513579493439128,0.06289569278671503,0.007841542750929298,-0.0535195426000562,-0.03578383641674776,0.05876880136455265,0.3136363636363637,0.3136363636363637,0.32307692307692304,0.2881355932203391,-1.031979256698358,-0.617880566102865,-0.2767548906789413,-57.5,0.1870860927152318,0.0,0.0,-5.410256410256411,-0.03601010238166358,0.0,0.0,0.0,0.0,3.1463414634146343,-0.009803921568627416,0.12302070645554194
80,2013-12-31,0.5787154592979835,0.3985938873156918,0.2970145812921445,0.3672014260249554,-0.6552638222671043,0.07908611599297011,-7.9273356401384065,-7.9273356401384065,-4.976744186046512,-5.5,29.486486486486488,-2.154471544715447,-0.7828162291169452,2.7433628318584065,0.5899581589958158,0.05782734407269707,0.0,-4.5813953488372094,-0.9607854184860692,0.0,-0.9801813471502592,0.0,0.0,0.0,-0.1089108910891089,0.0228751725497931
81,2014-03-31,0.03450967406215999,0.060741464776932215,-0.052589482103579284,0.09220628712154144,-1.4009520322226292,0.3565418023887079,-1.23976023976024,-1.23976023976024,-1.1929824561403508,-1.1900584795321638,-2.1134751773049647,-1.737871674491393,-1.7106227106227108,-0.718676122931442,0.1043859649122807,0.2569308863725106,0.0,-0.5275974025974026,-1.0502873563218391,0.0,12.640522875816993,0.0,-0.6657060518731989,0.0,-0.022222222222222254,-0.02872566030460777
82,2014-06-30,0.024555868029357386,-0.014941091292042354,-0.044955677501055336,0.0005968565554745897,2.7315068493150685,0.1360680340170084,0.8,0.8,0.8181818181818181,0.7999999999999998,0.09952229299363058,0.4888653234358431,-0.865979381443299,-1.4117647058823528,-0.038919777601270855,0.2103137620379001,0.0,-0.6769759450171822,7.1,19.24,-0.8936272160996646,0.0,6.862068965517242,0.0,0.02272727272727271,-0.015581579992060338
83,2014-09-30,-0.01423757559527794,-0.10129627154884402,-0.03739717618170657,-0.07953340402969243,0.21659324522760648,-0.01902245706737116,0.09027777777777768,0.09027777777777768,0.0916666666666668,0.09401709401709413,-1.2614047791455467,-1.158119658119658,-5.115384615384615,-0.3469387755102041,-0.02644628099173552,0.012577002053388188,0.0,-1.6914893617021276,0.2222222222222221,-0.8749550844412505,0.8063063063063061,0.0001861400145188874,0.2335526315789473,-0.5823529411764705,0.011111111111111072,-0.023591087811271283
84,2014-12-31,-0.009100581803364037,-0.09947955390334573,0.064996683842661,-0.03261808755760365,-0.5934419633876484,-0.08779962294640453,-0.3673036093418259,-0.3673036093418259,-0.35114503816793896,-0.3515625,-3.2271468144044317,-4.54054054054054,-2.88785046728972,4.75,-0.15619694397283534,0.04207858048162216,-2.0698774457106,9.046153846153846,-0.5815295815295816,-0.14798850574712652,0.0,0.000186105372862011,-0.5893333333333334,8.521126760563378,0.06593406593406592,-0.06917914300464645
85,2015-03-31,0.06815014507322202,0.1665290620871862,0.053652694610778484,0.059397097134350485,0.3676397822859971,-0.03287078043499658,0.563758389261745,0.563758389261745,0.5764705882352943,0.566265060240964,2.1019900497512443,3.0737913486005093,-4.772277227722772,-1.2934782608695652,0.05432595573440646,0.2425200681099489,-0.031953376205787754,0.13782542113323126,0.37586206896551744,1.9696458684654299,2.2418952618453867,0.0001860707440970444,0.2792207792207793,0.16124260355029607,-0.02061855670103097,0.10116472545757073
86,2015-06-30,0.023826838345382132,-0.0014155283459551526,0.005501250284155379,0.05705051640553638,0.3154848046309695,0.10176045588684236,0.8283261802575108,0.8283261802575108,0.8432835820895523,0.8538461538461539,-0.05894145950280673,-0.5337289194253592,-2.2467191601049867,-2.7777777777777777,-0.09160305343511456,-0.10023492560689108,0.0,0.23149394347240904,0.3558897243107768,-0.3458262350936968,-0.2284615384615385,0.00018603612821621598,0.28595600676818944,0.26751592356687914,-0.03157894736842093,-0.055303717135086194
87,2015-09-30,0.01769449318960481,-0.02856332837196118,0.016300415988424573,-0.058757062146892684,0.034653465346534684,-0.01117576429297129,-0.006455399061032875,-0.006455399061032875,0.03643724696356277,0.03319502074688807,-0.4972305070302514,-0.10448760884125917,-1.2326315789473683,-1.6666666666666663,0.0672268907563025,-0.1440382941688424,0.0,0.15081967213114764,0.10351201478743066,-0.3689236111111112,-0.32602193419740777,0.00018600152521264235,0.015789473684210575,0.19195979899497484,-0.03260869565217395,0.03209639582000423
88,2015-12-31,-0.006158267474083989,-0.27148694002626583,-0.04833937668231258,-0.039262763929101115,0.497873471557682,-0.10050439006164767,0.9379799173065564,0.9379799173065564,1.046875,1.0441767068273091,-0.8067796610169491,-1.3275991024682123,-6.846153846153847,-10.78125,-0.6161417322834646,0.07422470767666489,0.0,0.5071225071225072,0.5644891122278057,-0.026134800550206227,-0.11094674556213012,0.0001859669350789961,0.5077720207253886,0.5657672849915685,-0.033707865168539415,-0.2417605124496333
89,2016-03-31,0.030858205101724767,0.0818227341011517,0.056545114539504386,0.1228959941198089,-0.16415261756876665,-0.02024922118380057,-0.7866504114599208,-0.7866504114599208,-0.7805343511450382,-0.7760314341846759,10.491228070175438,-5.82648401826484,-0.6896284829721362,-1.1677316293929714,0.2692307692307692,-0.07075248461902495,0.0,-0.04599873976055446,-0.1274089935760171,-0.4067796610169492,-0.4209650582362728,0.00018593235780794967,-0.18900343642611686,-0.021540118470651626,-0.03488372093023262,-0.0365172366807468
90,2016-06-30,0.022881644593159445,0.03536382151453443,0.03407155025553665,-0.02356483602801596,-0.08450106157112525,0.09835718071012177,0.3571428571428572,0.3571428571428572,0.4695652173913045,0.4736842105263159,-0.15534351145038172,-0.21617786187322607,0.5087281795511223,-1.4666666666666668,-0.09898989898989896,-0.15202444614209332,0.0,-0.1162483487450463,-0.0012269938650306678,-0.02619047619047632,-0.1408045977011494,0.00018589779339328596,-0.10487288135593208,-0.09190974133186568,-0.02409638554216853,0.060246075519728486
91,2016-09-30,0.0011165305282951898,-0.012160228898426271,-0.00047069898799723115,-0.025742441509686964,0.01832096474953615,0.022290842420148668,-0.22421052631578955,-0.22421052631578955,-0.17159763313609466,-0.16666666666666674,-0.5192046995029371,-0.4743512371756186,-0.5735537190082645,0.3265306122448979,-0.14573991031390132,0.0006006006006007425,0.0,-0.1547085201793722,0.04054054054054057,0.0,0.07023411371237454,0.00018586324182678915,0.016568047337278013,-0.14181818181818184,-0.012345679012345734,0.014005602240896307
92,2016-12-31,0.0032480237927525746,-0.06553222302679218,0.016525033713637338,-0.04548269455721465,-0.1380095650193578,-0.07608080045308663,-0.6078697421981004,-0.6078697421981004,-0.5928571428571429,-0.6071428571428571,-0.4107142857142857,0.2123995407577497,-2.4341085271317833,-0.09230769230769233,-0.1548556430446194,0.3049219687875149,-0.3539547436163588,-0.5349248452696729,-0.11334120425029524,0.25427872860635703,0.4593749999999999,0.00018582870310157595,-0.14086146682188594,-0.5296610169491525,-0.012499999999999956,-0.021047092870297268
93,2017-03-31,0.02638764285992901,0.02925222781867487,0.03539767103960911,0.10193194925028837,-0.08665785997357989,-0.01675521046178996,-0.19031141868512114,-0.19031141868512114,-0.1929824561403508,-0.1636363636363637,2.588516746411483,0.7509469696969697,-1.9432432432432432,-1.8813559322033897,0.16149068322981375,0.025988960441582387,-0.10925449871465287,-0.18441064638783267,-0.06524633821571246,0.1578947368421053,1.0021413276231264,0.00018579417721054087,-0.10975609756097572,-0.17867867867867882,-0.012658227848101222,-0.0659768879333511
94,2017-06-30,0.013472172078970779,0.03670242800677581,0.009172259507830072,0.054036373151903794,0.07463118310673987,0.15388611803823782,2.4316239316239314,2.4316239316239314,2.565217391304348,2.543478260869565,-0.24977777777777774,-0.24067063277447265,-0.22063037249283668,-0.7692307692307692,0.03208556149732611,0.03990136740641104,-0.030122655122655217,-0.07692307692307687,0.08689458689458696,0.11279461279461267,0.21283422459893053,0.00018575966414635656,0.060882800608827996,-0.08226691042047529,0.012820512820512777,-0.016400517911091983
95,2017-09-30,-0.017530373481325908,-0.09204793028322444,-0.02353842123294569,-0.049962760675273055,0.06271870794078073,-0.020441242683475917,-0.22291407222914075,-0.22291407222914075,-0.21341463414634146,-0.21472392638036808,-0.7813981042654028,-1.1310541310541309,1.2022058823529411,-4.833333333333334,-0.11917098445595853,0.04656175899978443,-0.02678073275060433,-0.06060606060606076,0.0812581913499344,-0.03782148260211804,0.05996472663139319,0.00018572516390258365,0.08034433285509346,-0.06175298804780871,0.0,-0.04431768319438345
96,2017-12-31,-0.01917902330108201,-0.08558288342331533,-0.02028770148391224,-0.022408048605213282,-0.005572441742654477,-0.02555616841331132,-0.5865384615384616,-0.5865384615384616,-0.5813953488372092,-0.578125,0.18428184281842808,-4.027173913043479,-1.125208681135225,-0.021739130434782598,-0.13235294117647056,0.01977342945417093,-0.02503344162048537,-0.01612903225806439,0.0060606060606061,-0.056603773584905766,0.050748752079867065,0.0001856906764712285,0.014608233731739471,-0.033970276008492666,0.012658227848101332,-0.06458524640342822
97,2018-03-31,0.03665654914779369,0.05762081784386619,0.14383821360859494,0.13659449345094887,-1.259296994396332,-0.01877358490566039,-0.2790697674418605,-0.2790697674418605,-0.2777777777777778,-0.2777777777777778,3.1167048054919912,0.7163375224416517,-12.213333333333333,-1.0444444444444445,0.35593220338983045,0.06443142799434476,0.0,-0.02732240437158473,-1.26144578313253,0.05833333333333335,0.06730007917656368,0.00018565620184540776,0.0,-0.04395604395604402,0.024999999999999908,-0.06953534031413611
98,2018-06-30,-0.01234984984984988,-0.05138013025948518,-0.014862425872039453,-0.01993179680150514,-0.14636542239685654,0.1194115950389385,2.043010752688172,2.043010752688172,2.128205128205128,2.128205128205128,-0.3974430239021679,-0.9173640167364016,0.3079667063020215,-48.5,-0.23750000000000004,-0.14478178368121442,0.0,-0.1235955056179776,-0.12903225806451613,0.0,-0.12908011869436198,0.00018562174001823808,0.0,-0.13793103448275856,0.012195121951219523,-0.032002813434148014
99,2018-09-30,0.00024704496218319605,0.035091543156059224,-0.0053840833037333,-0.019257303977443185,-0.3463751438434983,-0.007214635403246627,-0.3975265017667845,-0.3975265017667845,-0.3934426229508197,-0.3934426229508197,-1.0728782287822878,5.936708860759492,-1.578181818181818,-1.0947368421052632,0.029508196721311556,-0.11759485245174163,0.0,-0.1762820512820512,-0.3492063492063492,0.0,-0.0127768313458263,0.00018558729098216986,0.0,-0.18400000000000005,0.012048192771084263,0.05540417801998188
100,2018-12-31,0.15094518856274353,-0.09065066329753636,0.14183410709922373,0.10692439442133583,-0.7024647887323944,-0.053724370620295885,-0.06451612903225812,-0.06451612903225812,-0.054054054054054064,-0.06756756756756765,-10.227848101265822,-0.2883211678832117,-1.5770440251572326,-4.111111111111111,-0.08917197452229297,-0.10309278350515473,0.0,0.0038910505836575733,-0.6910569105691057,0.0,0.06471095772217428,0.00018555285473076388,0.0,0.03594771241830075,-0.03571428571428559,-0.178485370051635
101,2019-03-31,0.0034169692967975784,0.001968276021766746,0.011094832836754607,0.09687223695844382,2.763313609467456,-0.032364234777838674,-0.4200626959247649,-0.4200626959247649,-0.4142857142857143,-0.4057971014492754,1.2647462277091908,0.23076923076923084,2.021798365122616,-3.2142857142857144,0.21678321678321688,-0.07429212223156711,0.0,-0.03488372093023262,2.763157894736842,0.0,-0.11993517017828205,0.00018551843125624856,0.0,-0.006309148264984188,-0.02469135802469136,-0.0865283888539703
102,2019-06-30,0.01941204533864149,0.13820198752022184,0.009214789248327191,0.013804221875157507,-0.9654088050314464,0.13000755857898705,2.5783783783783782,2.5783783783783782,2.6341463414634148,2.6341463414634148,-0.5542095699576015,3.0270833333333336,-2.06311992786294,-1.2903225806451613,-0.05172413793103448,-0.05723803755299828,0.0,0.024096385542168752,-0.965034965034965,0.0,-0.06353591160220995,0.0001854840205517405,0.0,0.06349206349206349,-0.03797468354430378,0.1227064220183487
