,Quarter end,Assets,Current Assets,Liabilities,Current Liabilities,Shareholders equity,Revenue,Earnings,Earnings available for common stockholders,EPS basic,EPS diluted,Cash from operating activities,Cash from investing activities,Cash from financing activities,Cash change during period,Cash at end of period,Price,ROE,ROA,Book value of equity per share,P/B ratio,P/E ratio,Cumulative dividends per share,Equity to assets ratio,Net margin,Asset turnover,Current ratio
0,1996-11-02,-0.07184856250219396,-0.2698965315286003,-0.23055069396393835,-0.3807271022460896,-2.2631224008092614,0.0,0.0,0.0,0.0,0.6666666666666667,-1.0015283278801446,-0.4722684657846316,-1.173855759867102,-1.1860465116279069,0.07103524229074898,-0.2422980849292257,-0.07750743146537488,0.0387906446092412,-2.2222222222222223,0.1874279123414071,0.0293040293040292,inf,-0.0159924741298213,0.004319654427645814,0.024456521739130373,0.17886178861788626
1,1997-02-01,-0.07184856250219396,-0.2698965315286003,-0.23055069396393835,-0.3807271022460896,-2.2631224008092614,0.0,0.0,0.0,0.0,0.6666666666666667,-1.0015283278801446,-0.4722684657846316,-1.173855759867102,-1.1860465116279069,0.07103524229074898,-0.2422980849292257,-0.07750743146537488,0.0387906446092412,-2.2222222222222223,0.1874279123414071,0.0293040293040292,inf,-0.0159924741298213,0.004319654427645814,0.024456521739130373,0.17886178861788626
2,1997-05-03,-0.010164427340891293,-0.09525825571549527,-0.00833659532600528,-0.020922229869236086,-0.025538352019932372,-0.15249521029103186,-0.8581115017579106,-0.8581115017579106,-0.8888888888888888,0.6666666666666667,-1.0015283278801446,-0.4722684657846316,-1.173855759867102,-1.1860465116279069,-0.012339331619537264,-0.16153846153846152,-0.07750743146537488,0.0387906446092412,0.0,0.1874279123414071,0.0293040293040292,inf,-0.0159924741298213,0.004319654427645814,0.024456521739130373,-0.07586206896551727
3,1997-08-02,0.3411535448866132,0.8233135482599807,0.3589374299887982,0.7876892075542434,0.18893251757830345,0.16583239140965603,2.633628318584071,2.633628318584071,3.0,0.6666666666666667,200.71830985915489,0.12352648181969128,2.5395387149917634,-17.5,0.2061426340447683,0.1874180865006554,-0.07750743146537488,0.0387906446092412,0.18181818181818188,0.1874279123414071,0.0293040293040292,inf,-0.11376673040152965,0.004319654427645814,0.024456521739130373,0.019865461425268016
4,1997-11-01,-0.017115384615384643,-0.09358115409552624,-0.10080075365049457,-0.17066649190641592,0.8016129032258064,0.714173591874423,4.0672187043351204,4.0672187043351204,4.0,0.6666666666666667,-3.774821952241307,0.04950495049504955,-2.5049104026064697,-0.2272727272727273,0.1320673284419509,0.2836644591611479,-0.07750743146537488,0.0387906446092412,0.7692307692307692,0.08620689655172398,0.0293040293040292,inf,0.8338727076591155,0.004319654427645814,0.024456521739130373,0.09296093991549004
5,1998-01-31,0.3278404602998617,0.6237780162136386,0.08663349048367386,0.058286183898599735,1.5056486336701198,0.42843195345956,2.393348072671345,2.393348072671345,2.5,0.6666666666666667,0.8833698195817921,0.3508870740636441,-0.22033216837286984,129.86274509803923,15.266488753335874,0.29750644883920874,-0.07750743146537488,0.0387906446092412,1.5217391304347825,-0.266599597585513,0.0293040293040292,inf,0.8870588235294115,0.004319654427645814,0.024456521739130373,0.5343705799151344
6,1998-05-02,-0.15289950774402694,-0.25200528624658136,-0.4875424825048408,-0.2206325975926645,0.5557464908549554,-0.3672723844540291,-0.8213081782385768,-0.8213081782385768,-0.8285714285714285,0.6666666666666667,-1.0237284059481342,-0.5475297060662914,0.3439247887659169,-1.9988013185495956,-0.9373989265708862,0.28893306825712384,-0.07750743146537488,0.0387906446092412,0.4482758620689655,-0.4889498552049992,0.0293040293040292,inf,0.8363466334164589,0.004319654427645814,0.024456521739130373,-0.04025319567354957
7,1998-08-01,0.360788810792354,0.6231427064034454,0.7115330343984196,0.8138844178738407,0.11613206618620064,0.09608135290173593,0.6800887761572607,0.6800887761572607,0.75,0.6666666666666667,-12.3490990990991,1.536973047684865,-2.0047817231913574,-2.07970797079708,16.167727442905278,0.14858611825192813,-0.07750743146537488,0.0387906446092412,0.1785714285714286,-0.20668058455114824,0.0293040293040292,inf,-0.17976574435579684,0.04838709677419351,-0.010610079575596787,-0.10514183261830068
8,1998-10-31,0.1300947340015055,0.20379315297336945,0.12353776393532725,0.114754444714408,0.1371083109604343,0.5623848783703875,1.3535572749575393,1.3535572749575393,1.2857142857142856,1.3499999999999996,1.2555070450486203,-0.4879687641877781,-1.3216709262360096,-0.33139588736569103,0.6296587067931523,-0.048791405550581916,-0.07750743146537488,0.07468423942888514,0.1414141414141412,-0.19323308270676695,-0.17342823250296546,inf,0.006208609271523224,0.09435897435897432,-0.01608579088471851,0.07985688729874796
9,1999-01-30,0.33706881383482323,0.3703838594420129,0.08483420436849265,0.15827379034550734,0.6036483959638435,0.3250068517285933,1.4140239746622298,1.4140239746622298,1.4791666666666663,1.4042553191489362,1.4029079231006114,2.703316190813974,-1.0436529680365296,2.076784539188861,1.1887913499625309,0.3825882352941177,-0.01694712972908463,0.12851303014818585,0.5929203539823011,0.21155638397017704,0.13203214695751986,inf,0.1993006993006992,0.17244611059044046,-0.03814713896457767,0.18315552315949898
10,1999-05-01,-0.0469888238224595,-0.059811670905216885,-0.17667748917748916,-0.19650980135484508,0.045732247924558767,-0.3817872597495551,-0.7923039875110026,-0.7923039875110026,-0.7983193277310925,-0.7964601769911503,-1.1645810638862697,-0.7485514533352488,-12.713389121338912,-1.324519339006709,-0.17625516617348558,0.4635806671204903,-0.12213184411800415,-0.0864840389404572,0.04444444444444429,-0.08115384615384612,0.13564908722109534,inf,0.09723889555822353,-0.0047961630695443356,-0.08215297450424919,0.1700924110893307
11,1999-07-31,0.12819728830499333,0.0602440759910714,0.2645872129112352,0.27583011740268204,0.05142434332223456,0.056300253858327924,0.4751319366703981,0.4751319366703981,-0.25,-0.26086956521739124,-1.3009066132710383,3.5995048562178638,0.5068762278978389,-0.057234035172916135,-0.2017218985415816,0.0020930232558140642,-0.08422071636011608,-0.044857496902106615,0.0585106382978724,-0.04060276266220175,-0.05224380442062948,inf,-0.06798999687402307,0.012048192771084263,-0.05555555555555558,-0.1689641968217499
12,1999-10-30,0.17810797972939496,0.15399714079515306,0.2494495896284641,0.2654152500438953,0.12980882007975605,0.4428869504009654,1.1111773633998268,1.1111773633998268,1.1111111111111112,1.117647058823529,15.564510166358595,2.6595313017555484,0.5317055825530401,-0.5697413444203245,-0.10872475733571353,-0.2543513576235785,-0.03745092117185145,-0.014789828749351419,0.14070351758793964,-0.2953752181500874,-0.3024734982332156,inf,-0.0409190005031026,0.05476190476190457,-0.06535947712418311,-0.08806589102637953
13,2000-01-29,0.13330002275673047,0.19587403005050907,-0.15031486509908146,-0.13047920582262196,0.3456437673561548,0.28190171543262155,1.0464477366677791,1.0464477366677791,1.026315789473684,1.1111111111111112,-0.14339277345057688,-0.8513661820444646,-0.10384585622533472,-5.450658457328545,0.5429262898750287,-0.1889200124494244,-0.002823972387825391,0.04398209112457208,0.3436123348017621,-0.2891640866873064,-0.2725430597771024,inf,0.18727050183598548,0.08051166290443956,-0.034965034965035,0.3753552706372767
14,2000-04-29,-0.047321276567881536,-0.22250905178587488,-0.18250924717145345,-0.1916208492304121,0.016589841012684348,-0.4382848941514173,-0.7972096407914382,-0.7972096407914382,-0.7922077922077922,-0.7894736842105263,-1.1344901255796989,-0.37504757554997337,0.03764787151368632,-1.5869999615724553,-0.206554074154204,-0.3369148119723714,-0.09282567652611716,-0.05827447023208865,0.029508196721311556,-0.5060975609756098,-0.4289693593314763,inf,0.0670103092783505,0.006267409470751994,-0.06521739130434777,-0.038207200587803136
15,2000-07-29,0.12303744687675412,0.008242793981560803,0.4878732429510106,0.5323648697150241,-0.015661412467787073,0.12037977991347515,0.3093485120336572,0.3093485120336572,0.3125,0.3125,0.5014529252227821,0.3708891595615103,1.275692768577848,0.7709076625969691,-0.4610121253951618,-0.28530092592592604,-0.07509538674991334,-0.06589874095901427,0.0,-0.3068783068783069,-0.30731707317073176,inf,-0.12339544513457555,-0.01245674740484426,-0.05426356589147297,-0.34205500381970955
16,2000-10-28,0.07718451454439013,0.05352681227160705,0.030963680982966982,0.03136802534269445,0.10374491651194018,0.5846658200948507,1.059821386381893,1.059821386381893,1.0952380952380951,1.0476190476190474,-7.158828462679828,3.6311861394935594,-0.5452517643617216,-1.5712807053213316,0.4886331299206375,0.6947368421052631,-0.06037877367335465,-0.03670777172354467,0.10828025477707004,0.6972010178117047,0.64906103286385,inf,0.0245630609352856,-0.04064470918009809,0.004098360655737876,0.02148040638606674
17,2001-02-03,0.11266912110055595,0.22435134731806872,-0.1063299100994437,-0.12248489803333786,0.230216706732868,0.1789825149570028,0.7713112497706001,0.7713112497706001,0.7727272727272727,0.7209302325581395,-0.14582896886914987,-0.2462013659734479,-1.0935992280476037,0.4047819334800051,0.4611095771117861,0.10033444816053527,-0.09439233685891046,-0.07799940458469777,0.22701149425287334,-0.007496251874062888,0.05053380782918149,inf,0.10573228830490257,-0.06647187728268811,-0.01224489795918382,0.395282750781472
18,2001-05-05,0.010375887635400538,-0.09321983647492116,-0.10616080963013297,-0.10927006638112856,0.055814998817127925,-0.3904071427415495,-0.7331736061646053,-0.7331736061646053,-0.7307692307692308,-0.7297297297297297,-0.7712211512520541,-0.11585350334682246,0.5128865979381443,-1.3298555931734954,-0.10409867641607484,0.3933999131567521,-0.059717937417364426,-0.045205037132708965,0.05386416861826704,0.1359516616314198,0.4119241192411924,inf,0.04489228630993747,-0.017214397496087663,-0.02892561983471065,0.01802443991853364
19,2001-08-04,0.13258323618794776,0.11758529993024867,0.3269232074613593,0.3489427847145046,0.06843262161853314,0.06233313106796112,0.2152599136048148,0.2152599136048148,0.19047619047619047,0.2,-0.8744103773584906,-0.06554592820749018,1.422487223168654,0.8051249825443374,-0.20974533299799614,0.2558429417263943,-0.07640028122802911,-0.054447074737910106,0.06444444444444453,0.19148936170212785,0.22408829174664116,inf,-0.056664006384676724,-0.013535031847133672,-0.0382978723404257,-0.17150145043513054
20,2001-11-03,0.035135316034894386,0.04337339214838565,-0.05046014702196122,-0.05612423470624029,0.07022569699308345,0.2654507418355252,0.751857177090822,0.751857177090822,0.76,0.7916666666666667,21.24029022620572,1.0643521656090198,-3.583450539146741,0.0027849765984604424,-0.26615403568568674,-0.32109181141439197,-0.08830246130423748,-0.06437768240343356,0.0772442588726514,-0.3627232142857143,-0.3339866718933753,inf,0.03398195149464178,0.011299435028248485,-0.0752212389380531,0.10540295804406874
21,2002-02-02,0.10720654312100096,0.2623919694430079,-0.056595031705070076,-0.06680928746648407,0.1667855463238752,0.3162751464850637,0.8048925062125254,0.8048925062125254,0.8181818181818183,0.7441860465116279,2.0722907751060275,-0.045334487338277614,-1.0058070955448688,-4.7100482160077135,1.345574348428254,-0.11440058479532154,-0.07458947954355688,-0.05619266055045869,0.16472868217054248,-0.17688266199649738,-0.1141848145968215,inf,0.05372971498704504,-0.013567438148443632,-0.04306220095693769,0.3527934028725903
22,2002-05-04,0.03170479114809499,0.01682153037426426,0.013237242450546027,-0.019311769848207927,0.03713593782014457,-0.32961267424515195,-0.7058281123686339,-0.7058281123686339,-0.7,-0.6933333333333334,-0.8184691493747424,-1.483860883157483,-27.625,-0.3937286214819665,0.34779678404427905,0.1626083367725959,-0.06315789473684219,-0.05386796273795058,0.03660565723793696,-0.0021276595744680327,0.15548172757475087,inf,0.005306069625986787,-0.01941747572815533,-0.03500000000000003,0.03681724597311353
23,2002-08-03,0.08887815481222082,0.12516170684763273,0.3495462999492758,0.3531355192619374,0.01398438334958052,0.05230952198265948,0.3371548799862596,0.3371548799862596,0.3333333333333335,0.3478260869565217,-0.03237905168260957,-1.1288967856565983,11.367370892018778,-0.9475760122099705,0.013527925408338026,-0.050053248136315176,-0.030176565008025787,-0.028253424657534217,0.028892455858747997,-0.08315565031982952,-0.06728004600345039,inf,-0.06874356333676622,0.0008250825082507518,-0.031088082901554293,-0.16847720281898515
24,2002-11-02,0.04704077483272329,0.05613714167380324,0.049074963457924385,0.03374948173400294,0.0462629075891674,0.2739599093433469,0.5313573745223339,0.5313573745223339,0.53125,0.5483870967741935,1.4598342875431172,8.762155388471179,-0.08987377811521302,2.6120379456983973,0.04821118261917445,-0.23841554559043354,-0.03773584905660365,-0.042731277533039735,0.05148205928237126,-0.26046511627906965,-0.2694204685573366,inf,-0.0008294166436273455,-0.02143446001648808,-0.021390374331550777,0.02168008990447645
25,2003-02-01,0.09761108266986772,0.2278437836369467,-0.023511052901859508,-0.057603522344426776,0.1440522871826495,0.27461253574162536,0.946338701560141,0.946338701560141,0.9183673469387754,0.8750000000000002,1.4112009020860738,-0.6196246566198558,-0.9470802919708028,12.671345770693714,0.6287967143737816,0.1202158979391561,0.012727898176814412,0.007363092498849698,0.13798219584569724,0.0660377358490567,0.08860759493670889,inf,0.042335362479247296,0.029486099410278133,-0.021857923497267784,0.3028553095925568
26,2003-05-03,0.02394297673352619,0.01340916500874978,-0.0559000387288775,-0.08055043268548734,0.050072912650244834,-0.35129340183579616,-0.724716377387763,-0.724716377387763,-0.7234042553191489,-0.7111111111111109,-0.9063732837700104,-0.5697894168466522,-10.504433497536946,-0.8748733099715817,0.04830513892618304,0.3162505475251862,-0.049252717391304435,-0.04796710826861583,0.05084745762711873,0.15634218289085533,0.21317829457364332,inf,0.025617202017520716,-0.009819967266775809,-0.03910614525139666,0.10222675625285826
27,2003-08-02,0.05259163925269061,0.05941725198082137,0.2720191033020558,0.28245283795181964,-0.011972434051874205,0.0259487427968228,0.3626863919220382,0.3626863919220382,0.3846153846153846,0.34615384615384603,2.5810706967213117,4.169281455914653,-5.945578936456929,-2.3095981788342415,-0.060345332305500536,-0.01930116472545762,-0.03322615219721325,-0.034069097888675626,-0.0024813895781639057,-0.0663265306122448,-0.034504792332268434,inf,-0.06134334152970122,0.002479338842975354,-0.03488372093023262,-0.17393802061724073
28,2003-11-01,0.08212920380558719,0.08569989851490911,0.15147770709285835,0.16076276794128866,0.05585911127971355,0.2509284013505042,0.4491642254006549,0.4491642254006549,0.44444444444444464,0.4571428571428573,0.17848074103215186,0.04124556132204327,-0.7022217564451897,-1.7029146622468367,0.12050250917087026,-0.01187648456057,-0.03991130820399125,-0.04719324391455548,0.05845771144278623,-0.010928961748633892,-0.03176704169424216,inf,-0.02426582103956976,-0.0016488046166529544,-0.04819277108433728,-0.06463702043812547
29,2004-01-31,0.19215822483156986,0.07410589287982328,0.549127358490566,0.07472999771975042,0.04468786575615069,0.2593628013906275,0.8630517073944151,0.8630517073944151,0.9038461538461536,0.8431372549019607,2.1122103697858976,3.784248571761689,1.7794749067361162,-0.9149988497814584,-0.8693869134366536,-0.08447802197802201,-0.02771362586605075,-0.07820646506777884,0.06698002350176258,-0.1353591160220995,-0.09774436090225568,inf,-0.12378126324713867,-0.009909165978530088,-0.069620253164557,-0.0005782734407269173
30,2004-05-01,-0.00957469804349098,-0.01961589307185896,-0.0569173149825678,-0.09142577924081884,0.01942723240048272,-0.2649226431592284,-0.6881302923279861,-0.6881302923279861,-0.6868686868686869,-0.6808510638297872,-0.6161703330993058,-0.6177972194129331,-0.46454619124797397,-4.486468200270637,-0.09140900785837193,0.16129032258064524,-0.008313539192398967,-0.05316742081447978,0.014317180616740144,0.08945686900958473,0.13863636363636367,inf,0.029350104821803006,-0.018348623853211118,-0.034013605442176915,0.07902132583898157
31,2004-07-31,0.09624922900615697,0.15898283079750253,0.16953280759389444,0.2760515440572901,0.05471799311322023,-0.02569368582040643,0.4629054814612683,0.4629054814612683,0.4516129032258065,0.4666666666666668,-0.12222292791362332,0.1415022157044028,-1.8388195232690123,-3.955171744614788,0.2973057399453338,0.13695090439276505,-0.0043912175648702645,-0.044205495818398936,0.05863192182410404,0.12023460410557175,0.11510312707917515,0.9230769230769228,-0.037913206955976775,0.01189464740866608,-0.05633802816901401,-0.09173433430366153
32,2004-10-30,-0.04848902516571285,-0.13892023297392553,0.12420781649812195,0.14003488117387075,-0.15701373558457554,0.2974441006014761,-0.06941335571721696,-0.06941335571721696,-0.044444444444444516,-0.045454545454545525,0.5532466028971246,-2.2450461521274665,-11.619643662607125,-0.4652613606514315,0.12254695400914994,-0.04318181818181832,-0.0368885324779471,-0.093125,-0.08512820512820518,-0.09685863874345546,-0.08233890214797135,0.52,-0.11398794984530206,-0.0864819479429052,-0.0074626865671642015,-0.2447180871252057
33,2005-01-29,-0.05690675161054204,-0.11423306418539968,0.041161465783447586,0.0065862918544497,-0.13909289923932364,0.31980281300650626,1.612312395079051,1.612312395079051,1.7441860465116281,1.761904761904762,0.5928130881174651,2.643165580591976,0.16807539155826912,32.86675672356625,3.697188668874261,0.3589667458432304,0.11074104912572856,0.0558235699517573,-0.1300448430493274,0.4869565217391303,0.4174252275682704,0.3421052631578947,-0.08730012865282122,-0.015624999999999887,0.07518796992481191,-0.11998883305415965
34,2005-04-30,0.0336447030906708,0.05035437398528542,0.038229592776856565,-0.06989235620310974,0.02899782766544257,-0.20435414614414196,-0.6129004412046806,-0.6129004412046806,-0.6016949152542372,-0.6120689655172413,-0.7628375730421202,-1.6999824518734934,-0.8774266273345848,-1.775227810876179,-0.610187003379304,0.19860170417303905,0.1150674662668667,0.04699738903394235,0.02835051546391765,0.37816764132553615,0.0848623853211008,0.2352941176470589,-0.004430124848972983,-0.014939309056956175,0.06293706293706293,0.12924306833322752
35,2005-07-30,0.14378512092941784,0.20588012062085287,0.06661990688746,0.1104434728619339,0.2226952311121113,0.04531921508384995,0.4222602145741965,0.4222602145741965,0.4042553191489364,0.3999999999999999,-0.7471513836136734,-0.5317611459785635,-2.904883746801646,-0.7902521165629823,-0.3283252061093295,0.15384615384615374,0.09243697478991607,0.04675810473815467,0.2055137844611528,0.12164073550212162,0.08372093023255811,0.20634920634920628,0.06897249190938504,-0.014218009478673022,0.0592105263157896,0.08596471513653214
36,2005-10-29,0.029164467412226888,0.008191969013828794,0.06992266017065353,0.14793673222553114,-0.007194996395970655,0.2332559469970661,0.24736502848382425,0.24736502848382425,0.2272727272727273,0.25396825396825395,12.65772532188841,-0.7099931431577168,-2.9714613872179716,-1.175549707863164,0.08581145896921605,-0.07725118483412319,0.10923076923076924,0.0911256700416916,-0.008316008316008316,-0.2345523329129886,-0.14319157237612168,0.22368421052631596,-0.035383159886471005,0.04807692307692313,0.04347826086956519,-0.12174048013245033
37,2006-01-28,0.09141657702224393,0.13703338643820762,-0.011392732638430993,0.0017628273713086171,0.19025445724797674,0.3638352262248943,1.299245810055866,1.299245810055866,1.3209876543209873,1.2278481012658229,0.8766953056370921,8.833198380566802,-1.0349454933249072,-5.7367886178861776,-0.4911352501807084,0.014381099126861809,0.10235783633841876,0.13646288209606985,0.18553459119496865,0.02306425041186166,-0.10974499089253187,0.18279569892473124,0.090623774029031,0.10000000000000007,0.03571428571428581,0.13502209131075116
38,2006-04-29,-0.0014778864603249842,-0.07407368301016592,-0.07024657658371936,-0.12378497581140625,0.0534339178207186,-0.3163340239985355,-0.6583771700703412,-0.6583771700703412,-0.6595744680851063,-0.6477272727272727,-0.8291719468895207,-0.9474242424242424,-5.7044362814354335,-1.329274833726668,0.24223173594807346,0.058565400843881836,-0.05385002516356308,-0.01296829971181557,0.053050397877984164,-0.10628019323671499,-0.11611253196930947,0.16363636363636358,0.055035971223021514,0.007506255212677226,-0.02298850574712641,0.05672912233352356
39,2006-07-29,0.07247773314240669,0.046435861471268984,0.09081015670365987,0.12278184473435537,0.05955794675137605,0.002168055490048948,0.1685988620199146,0.1685988620199146,0.171875,0.16129032258064502,-0.17806144044197916,1.6333792757799777,-0.5518049132080005,-2.0262257696693275,-0.20011117287381874,-0.08195153061224493,-0.04494680851063837,-0.022384428223844236,0.05877413937867337,-0.12972972972972974,-0.12326388888888895,0.140625,-0.012103648141834287,-0.005794701986755024,-0.01764705882352946,-0.0679764243614932
40,2006-10-28,0.07786460996474998,0.04100905464059856,0.05966208033037512,0.08426973262474413,0.091071229216259,0.310844456319759,0.5524634064696754,0.5524634064696754,0.5466666666666666,0.5416666666666671,4.087922810060712,2.9151639149260125,0.07920128651835978,-2.1984920634920635,0.29983123200635364,0.1391108023619314,-0.008632692843219103,0.023394723743155762,0.08881839809674874,0.07660455486542439,0.11287128712871275,0.11643835616438357,0.012251941328731641,0.0299750208159868,-0.0059880239520958565,-0.03989249578414833
41,2007-02-03,0.08821437958864986,0.14319840298634026,-0.013094412800719437,-0.02615659245301727,0.15960174241817882,0.3188321705534092,0.9424782664092286,0.9424782664092286,0.931034482758621,0.90990990990991,0.6655409004709041,0.5263899860241843,4.584378492487272,0.0921793258724588,0.25193230073625994,0.1239518219240736,-0.006741573033707704,0.02431906614785984,0.1675163874726875,0.032692307692307576,0.03855278766310799,0.10429447852760744,0.06563245823389008,0.02829426030719495,0.0,0.17388440638893465
42,2007-05-05,-0.05199444678472664,-0.1837570210186452,-0.12110065616953615,-0.27146821456758063,-0.010550794600714286,-0.3480442909418543,-0.6968560948166687,-0.6968560948166687,-0.6964285714285714,-0.6933962264150944,-0.9929476559351632,-1.263923279643946,0.7020301972382201,-1.4874795367731766,-0.09809782940250612,0.06266956049918626,-0.05854072398190058,-0.03228869895536557,-0.014971927635683224,-0.08938547486033532,-0.02113078241005151,0.09999999999999988,0.04367301231802912,-0.01572327044025157,-0.01807228915662651,0.12040024313835508
43,2007-08-04,0.08688050751227028,0.14295474202968128,0.12157794548473765,0.22407313821208152,0.06839701683603394,0.08368421761560317,0.35275711123316866,0.35275711123316866,0.3529411764705881,0.3538461538461537,67.881179138322,-2.7233509811907024,-1.0733584176007944,-6.378731343283582,0.5850322650468756,-0.0306356905795252,-0.034244517873235125,-0.010794896957801779,0.08549715009499702,-0.01635991820040905,-0.03675612602100342,0.08585858585858586,-0.017014101778050298,-0.006389776357827559,-0.006134969325153228,-0.06627159669476668
44,2007-11-03,-0.00310835465290471,-0.07513120429197773,0.08745684695051792,0.13299660711736738,-0.05375430641624046,0.21054567963228574,0.4467548446631806,0.4467548446631806,0.4673913043478262,0.4659090909090911,0.7171243654655228,-0.26323160004551305,-39.295992876224396,-1.888148918950168,-0.2872042606944113,0.011851461680274069,0.0,0.007440476190476275,-0.04784130688448074,-0.06860706860706844,-0.02241066020593585,0.08372093023255811,-0.050678309683455436,0.004019292604501512,0.006172839506172646,-0.1836953606865112
45,2008-02-02,0.11192921341210438,0.21009567169168555,0.050768191981580994,0.05269350121238081,0.15123588088080253,0.2618658425143492,0.843398392652124,0.843398392652124,0.8666666666666665,0.8604651162790697,0.5449843176049263,3.372116229893797,-1.0149001078909186,-1.8990314517808788,0.41346361089158706,-0.02004164497657479,0.0031104199066873672,0.00492368291482026,0.1507352941176472,0.029017857142857206,-0.055762081784386686,0.07725321888411996,0.035315374507227215,0.016012810248198672,-0.012269938650306678,0.14952912833990362
46,2008-05-03,-0.03184104365247209,-0.37382953812962894,-0.11351596201351545,-0.2296685956697777,0.016068585001788982,-0.3489030235913192,-0.7134289246895127,-0.7134289246895127,-0.7142857142857143,-0.7125,-1.0426247409631826,-1.2781467030399198,-6.313670411985019,1.0032725166521863,0.5859933584087289,0.006772908366533993,-0.0372093023255814,-0.032827045565899104,0.007454739084132189,-0.12364425162689807,-0.047244094488189,0.06772908366533881,0.04950023798191338,-0.011032308904649455,-0.024844720496894457,-0.1871397951893308
47,2008-08-02,0.11158186578959327,0.36006324983123106,0.2091997157544747,0.3697741510647097,0.06162315417282671,0.05701356448190276,0.2530104964904372,0.2530104964904372,0.25,0.2608695652173913,-6.1809606986899555,-1.6000312597686777,-6.096446402349486,0.6455119772165441,0.6079843176634601,-0.15116739216462216,-0.047342995169082136,-0.05065856129685909,0.060253699788583415,-0.15841584158415845,-0.15771349862258946,0.06716417910447747,-0.045049130763416434,-0.018326693227091573,-0.031847133757961776,-0.0070901207078400965
48,2008-11-01,0.01965281059981505,0.025803309109370343,-0.0006829976817388506,-0.014102693855329584,0.03150697879580333,0.05976006119657274,-0.17900092506938026,-0.17900092506938026,-0.18888888888888888,-0.1724137931034483,0.2206264117865211,0.4846151341495182,-1.1701222815125567,-1.0263474632110696,-0.00996206509390718,-0.3745143745143744,-0.16463826910074386,-0.15581643543223056,0.030907278165503538,-0.4088235294117648,-0.3728536385936223,0.05944055944055938,0.0117144214025644,-0.09496753246753252,-0.06578947368421062,0.04048391856004718
49,2009-01-31,0.010881188902450932,0.08903521012233284,-0.014038065529984878,-0.20389911504424774,0.02495383598654932,0.11336161116714115,0.07053208137715172,0.07053208137715172,0.08219178082191791,0.06944444444444442,1.8579201767711644,-0.3094713294075073,0.6605921008061784,-75.71790596865624,0.7518344668386776,-0.458136645962733,-0.3735329825981384,-0.3691529709228825,0.015957446808510634,-0.4776119402985074,-0.3924380704041721,0.059405940594059466,0.01392583320294172,-0.3103139013452916,-0.08450704225352101,0.3679314843173955
50,2009-05-02,-0.06913008688703426,-0.1195003802456618,-0.12240438139522825,-0.2397681620820059,-0.04018903563003029,-0.3866096166660822,-1.8659932463052027,-1.8659932463052027,-1.8607594936708864,-1.8831168831168832,-0.9581106461391758,-0.24708591392726695,-0.003794060052219272,-1.2606491460600948,-0.1118627447224978,0.031636863823933936,-0.4554263565891473,-0.4539078156312625,-0.04045692527367928,0.01904761904761898,0.5836909871244635,0.056074766355140186,0.031018518518518563,-0.4148244473342002,-0.06923076923076933,0.15822207479890538
51,2009-08-01,-0.004574383902755108,0.027257461358392243,0.020480065463472245,0.2899780669688552,-0.017019249116238755,0.05933812094044466,-0.5484976367319379,-0.5484976367319379,-0.5588235294117647,-0.5588235294117647,1.6139352457125278,0.004830102718778262,2.504525164830665,0.6647604698147451,-0.20968006279705687,0.2342222222222221,-0.6927639383155397,-0.689908256880734,-0.017857142857142794,0.2897196261682242,1.239837398373984,0.05014749262536866,-0.012423289926657644,-0.6733333333333333,-0.04958677685950419,-0.20365862389919095
52,2009-10-31,0.04743406798683525,0.15641688340277038,0.09808219178082188,0.07006220698785781,0.0213167721268186,0.18033830974664555,-2.449994391894418,-2.449994391894418,-2.466666666666667,-2.466666666666667,2.6447674247550683,-0.6027497900923593,-0.9212755763815044,-2.0326127200921507,0.2739628469455693,0.19841555635577968,-0.5405405405405406,-0.5384615384615384,0.020707070707070674,0.21739130434782614,2.9473684210526314,0.050561797752809,-0.02500757805395581,-0.5238095238095237,-0.034782608695651966,0.0806922904023375
53,2010-01-30,0.02080855349406585,0.08913514008939782,0.00809458319134082,-0.047966899216758896,0.0278574384719541,0.17929033277981074,0.2236804785601938,0.2236804785601938,0.2272727272727273,0.18181818181818188,0.8673092136064966,-1.1276089828269484,1.8672999851565977,1.1237014830234155,0.4566972308074544,0.08443509615384626,-0.9915966386554622,-0.9871794871794872,0.0257298367144978,0.06547619047619048,1.404750957854406,0.04812834224598928,0.006995181097466219,-0.9857142857142858,-0.027027027027027084,0.14400998336106485
54,2010-05-01,-0.02950884273030685,-0.041113536799892485,-0.05624634664354011,-0.07472428188672188,-0.01497004513881106,-0.23800006647241945,-1.24923089890008,-1.24923089890008,-1.2407407407407407,-1.25,-1.2003838738403811,-7.186335403726707,-0.11973908992079517,-1.3735989044488008,-0.11712906531708699,0.1418675533388749,266.0,172.99999999999997,-0.015436565364206456,0.11173184357541888,0.0,0.04336734693877542,0.01497375733250994,158.0,0.0185185185185186,0.03632463093593197
55,2010-07-31,0.04318526719530746,0.11274762960787688,0.10566999593835248,0.24590842077668465,0.010632289080076962,0.08431762537001819,-2.646854920527562,-2.646854920527562,-2.6923076923076925,-2.6923076923076925,-1.5313888769038269,-1.4799196787148594,0.15502234768289824,-1.1654636522263089,0.021951796313443902,-0.082018927444795,0.9475655430711608,0.9310344827586208,0.009799118079372835,-0.07035175879396982,-0.5450895417755401,0.044009779951100114,-0.031178707224334582,0.9056603773584906,0.009090909090909037,-0.10687344303708636
56,2010-10-30,0.023072159918063884,0.0359861554958647,0.037390350242873405,0.05264265307698257,0.014911273690070281,0.1876915733214624,1.5689203757893115,1.5689203757893115,1.5909090909090908,1.545454545454546,3.0262666450146147,-8.790934449093445,1.0478105906313644,-0.6518473560427889,0.007478411363143866,0.05366111551678565,0.10961538461538467,0.10416666666666674,0.019893255701116,0.04324324324324325,-0.4681983748949286,0.039812646370023685,-0.008006279434850883,0.07590759075907583,0.02702702702702675,-0.015831860145354648
57,2011-01-29,0.008596276760081345,0.049168471684702286,-0.01749901946751975,0.0248298677268568,0.023799145671693944,0.2976129459074395,0.8503597122302158,0.8503597122302158,0.8421052631578949,0.7857142857142856,2.119092513234182,-0.5641861047958325,0.7024292001292922,46.56896927435171,0.33666061705989114,0.2548921224284999,0.4159445407279028,0.4123989218328841,0.031398667935299766,0.233160621761658,0.12618545837723927,0.04054054054054057,0.015034024370944588,0.3282208588957056,0.061403508771929786,0.023750598754590516
58,2011-04-30,-0.01862612800561214,-0.06540507427780429,-0.06875864378432682,-0.12001767913093107,0.009402448931236984,-0.2720757057831193,-0.7284754622429583,-0.7284754622429583,-0.7238095238095239,-0.72,-1.0284997543124628,1.1103306633805712,-0.5500511172776399,-1.387230065874463,-0.10229284579350473,0.20951619352259088,0.2276621787025705,0.2309160305343512,0.004151291512915156,0.17226890756302524,-0.14222222222222214,0.03896103896103886,0.028531337698783913,0.19630484988452654,0.03305785123966953,0.062034545950793385
59,2011-07-30,0.011425187884938516,-0.03140665534424514,0.05561074812683864,0.18111387432159565,-0.011365625009824187,0.09572306537552257,0.2740543335587289,0.2740543335587289,0.2758620689655173,0.24999999999999975,-1.9363656987295823,0.9469791342260978,2.505582965463516,1.392168460901455,-0.27258523933606804,0.16297520661157014,0.05782652043868386,0.0604651162790697,-0.003215434083601254,0.1577060931899641,-0.06844832287973834,0.03541666666666665,-0.02243443989692273,0.017374517374517232,0.040000000000000036,-0.17993244731624947
60,2011-10-29,0.05313448485277239,0.07817303875664282,0.10692499930233246,0.1706180801484729,0.023509833745833042,0.17353776275875,0.5892416721301239,0.5892416721301239,0.5945945945945945,0.6285714285714286,6.876196244700183,-0.032900787779421736,-0.8328888888888889,-0.7464418179120715,-0.09501624312238588,-0.05358158044343375,-0.006597549481621168,-0.010233918128655041,0.03548387096774186,-0.049535603715170295,-0.10977751756440267,0.03621730382293764,-0.028221429679019968,-0.043643263757115684,0.030769230769230882,-0.07897210905672193
61,2012-01-28,-0.010828418823042307,0.06426136318957787,0.030780037399231963,0.03736010000735357,-0.035611501478332475,0.23507699915230296,-0.6153423042923092,-0.6153423042923092,-0.6271186440677966,-0.5964912280701754,3.625826694146237,-0.04330297611048517,5.010250443262412,-2.855866749882977,0.19485154840572472,-0.0997146718726536,-0.36148007590132825,-0.3692762186115214,-0.02180685358255441,-0.13029315960912047,-0.103913186451825,0.03495145631067964,-0.025051858943673237,-0.3908730158730158,0.03731343283582067,0.025956350556554764
62,2012-04-28,-0.10308275207970208,-0.2546402243455189,-0.1220978040764209,-0.2270962199069119,-0.09097718281666788,-0.3067111189713757,-0.8475563045809713,-0.8475563045809713,-0.8181818181818181,-0.8695652173913043,-1.1479974198868208,-0.5082335652850413,0.6080591483594997,-3.7521491476974167,-0.4488093299856897,-0.21651376146788992,-0.15007429420505206,-0.161592505854801,-0.06687898089171973,-0.198501872659176,0.2055045871559633,0.03189493433395873,0.013584288052373106,-0.18892508143322484,0.03597122302158273,-0.03562799071398126
63,2012-07-28,0.049487900433842665,0.1054256524219297,0.1272674522492474,0.26122127042940724,0.001666258125297082,0.032770744818273245,4.198994974874372,4.198994974874372,3.75,5.333333333333334,-1.4542819913731129,0.7534056952012655,-1.324821849327241,-0.963861034527528,-0.02942630520152856,-0.11581860762188625,-0.13286713286713292,-0.15363128491620104,0.0014627011214041195,-0.056074766355140186,0.0712328767123287,0.032727272727272716,-0.04569675440012922,-0.16465863453815255,0.013888888888888841,-0.12355686563497904
64,2012-10-27,-0.006897301652912691,-0.052902961779986435,0.011315815040369824,0.014856453067279453,-0.01949952707691072,0.2293886843380384,3.6077066821315813,3.6077066821315813,3.631578947368421,3.5789473684210513,11.047623757479846,-0.020287966316211548,-3.335992516634604,-4.964180050718513,0.1201878565959642,-0.17625812665542984,0.27822580645161304,0.25742574257425743,0.017526777020447915,-0.1732673267326733,-0.04688832054560954,0.02992957746478875,-0.01269035532994911,0.20673076923076936,0.04109589041095885,-0.06676008968609859
65,2013-02-02,0.04841393841894992,0.1257197011104636,-0.014786631610880785,-0.010023001024656251,0.09351875908124274,0.2555313602627798,1.055742794411736,1.055742794411736,1.1022727272727275,1.0919540229885056,0.90812142109476,-0.44049781279578415,-0.018216161081938687,6.832049470906522,0.8403208739668829,0.1935106693949138,1.1766561514195586,1.1758530183727034,0.11291866028708153,0.16766467065868262,-0.07781753130590341,0.030769230769230882,0.04301628106255362,1.091633466135458,0.039473684210526334,0.13712535287404634
66,2013-05-04,-0.030926547858824423,-0.035261625417487334,-0.046100828562704144,-0.2276994387674598,-0.02116959656112305,-0.4288380701530986,-1.0490000000000002,-1.0490000000000002,-1.0486486486486486,-1.0494505494505495,-1.3089812346858214,0.028941773540909432,-1.8331973773317736,-1.298140112648255,-0.1361356943613492,0.19079108498652952,-0.055072463768116135,-0.05669481302774426,-0.023215821152192676,0.07179487179487176,-0.4597478176527643,0.03316749585406309,0.010187315149523537,-0.02476190476190465,-0.03164556962025322,0.249154870061272
67,2013-08-03,-0.01801996607266776,-0.03617160230417815,0.03940245777795704,0.0856991299066927,-0.05400173954475174,0.1274832522422742,-2.578508954602249,-2.578508954602249,-2.666666666666667,-2.5555555555555562,-0.5468115770492031,-0.07720678086604904,-2.054170630559071,1.521323227249897,-0.39733333813035054,0.0065816536404772474,-0.01610429447852757,-0.01534526854219953,-0.02992957746478875,0.028708133971291794,0.04967085577498498,0.0321027287319422,-0.036759921925829664,-0.01757812500000011,0.0,-0.1122246183770984
68,2013-11-02,0.0033603684762049113,0.05800652922940298,0.015701643751002914,0.042043965491940234,-0.005136413716505417,0.09262470683029901,-2.375901495162709,-2.375901495162709,-2.333333333333333,-2.4285714285714293,-0.6705996220675671,0.05470217171473979,-0.8579476755392784,-0.6491366274595025,-0.2313214316629008,-0.13322435635471996,-0.3928293063133281,-0.3922077922077922,-0.005444646098003547,-0.10697674418604652,-0.11744583808437847,0.03110419906687412,-0.008443093549476366,-0.371769383697813,-0.0326797385620915,0.015289354608240213
69,2014-02-01,-0.0004904648583156089,0.0263918359098716,-0.047457105995605486,-0.058580469863149916,0.03252265499394924,0.25727842925481936,-5.225581692661724,-5.225581692661724,-5.3,-5.05,-19.9195466629355,-0.0067114093959731455,0.15666440510701296,-5.420643113370668,1.3303213280264052,-0.1744460160301744,-0.5917843388960204,-0.5918803418803421,0.07481751824817495,-0.16666666666666666,0.35465116279069764,0.030165912518853814,0.03303814713896447,-0.5791139240506329,-0.027027027027027084,0.09026083693000553
70,2014-05-03,-0.09982613099908556,-0.2025949479238448,-0.0960415656118926,-0.1726789881419586,-0.10228026363795628,-0.3669428243518582,-1.3580818394977687,-1.3580818394977687,-1.372093023255814,-1.3950617283950617,-1.0989513230487065,-0.13060764846479134,8.15522849677385,-1.7092830809916195,-0.4049117170680335,0.04254711593375205,-0.2767295597484277,-0.2827225130890052,-0.0946519524617997,-0.03125,1.638054363376252,0.029282576866764387,-0.002637652489284603,-0.3007518796992481,0.0277777777777779,-0.036144578313252906
71,2014-08-02,-0.0012535102768749251,0.022665157365535205,0.057229631690098426,0.18958013367311774,-0.03944093778178537,0.08289722626175178,-1.5439989861011365,-1.5439989861011365,-1.5625,-1.53125,-1.3938714499252616,0.1373285045864283,-0.9137505242067006,-0.8091228590006337,-0.12987718482759392,0.06053136127088465,0.06956521739130439,0.06569343065693434,-0.020159399906235387,0.17419354838709689,0.6278018799710774,0.028449502133712782,-0.0383471074380165,0.053763440860215006,0.0067567567567568,-0.14031250000000006
72,2014-11-01,0.004835017181808786,0.05571491318078947,0.1010419737789836,-0.08570984077936572,-0.06430690294254117,0.023408806373195645,0.4154694416401337,0.4154694416401337,0.44444444444444464,0.4705882352941175,2.4025300442757747,0.19305503904797328,-2.3872906537007026,-1.2118063041697211,0.031614854862586084,-0.021435950413223104,0.9390243902439024,0.9109589041095892,-0.0368421052631579,-0.005494505494505475,-0.08528595224875057,0.02766251728907321,-0.06875214850464084,0.9081632653061228,0.0,0.15469699330113704
73,2015-01-31,-0.027334542386556082,0.024698915992020343,-0.05477794442890915,-0.0495547562747779,-0.0041262408999476205,0.2283068902071748,1.435288308553245,1.435288308553245,1.4230769230769231,1.52,4.261107186675094,-0.1644067796610169,-1.7545149199240615,19.372964169381106,0.6243495838584494,-0.1995249406175773,-0.2536687631027253,-0.2724014336917564,-0.007451564828613977,-0.16574585635359118,-0.595362389219376,0.026917900403768517,0.023809523809523947,-0.2620320855614974,-0.013422818791946291,0.07811656772800868
74,2015-05-02,-0.05611402353615546,-0.10148741772334446,-0.05215219468813925,-0.09970655779535598,-0.05929404958332761,-0.3663295055844165,-2.4248445525817792,-2.4248445525817792,-2.4444444444444446,-2.4444444444444446,-1.3313699578822398,-0.3024877013825744,-0.05748387096774199,-1.686945399312495,-0.2640404987056085,-0.2443125618199801,-0.7528089887640449,-0.7586206896551724,-0.05955955955955961,-0.23841059602649015,-0.05790579057905788,0.026212319790301475,-0.003244997295835605,-0.7536231884057971,-0.013605442176870763,-0.0020022525341008013
75,2015-08-01,0.024363188237125133,0.05388147222524742,0.07468324739050325,0.20942713535678606,-0.017421402891455662,0.1527074153324819,-0.9871928659519971,-0.9871928659519971,-0.989010989010989,-0.989010989010989,-1.7787125598456006,-0.060901828391884176,0.07666506947771913,-1.1824959269172584,0.06547414018057518,-0.060209424083769725,-1.125,-1.1224489795918366,-0.009047365620010515,0.0,3.9,0.025542784163473664,-0.04087538433713145,0.0,-0.006896551724137946,-0.1286102403343783
76,2015-10-31,0.03738046512242388,0.09972696171481088,0.09470769739864493,0.2178716681029922,-0.015072497615850168,0.07436937179305314,-52.717283950617286,-52.717283950617286,-62.0,-61.0,0.19530330001369298,-0.05495639793557572,3.0372560239048885,-1.107608305767008,-0.006612606567053092,-0.12534818941504178,-16.36363636363636,-16.16666666666667,0.011278195488721554,-0.12173913043478254,0.0,0.024906600249066102,-0.0505374316424666,0.8529411764705883,0.0,-0.0969877206446661
77,2016-01-30,-0.03172030258553993,-0.028170349213414655,-0.08565954853657863,-0.17024409925358075,0.020470863856385524,0.2667487695942963,0.37836289417774704,0.37836289417774704,0.4098360655737705,0.3999999999999999,1.7883220876817156,0.4313585175699597,-0.7947308746181223,-68.76555555555555,0.4510898373071737,0.24097664543524425,0.6331360946745563,0.6043956043956042,0.014338821030271063,0.2277227722772277,-0.5098141167294944,0.02430133657351141,0.053823237338629586,0.603174603174603,0.006944444444444421,0.1711994050780834
78,2016-04-30,-0.03652099288174171,-0.071631410202039,-0.04214304367208088,-0.10670970613592967,-0.032072021272393385,-0.3840735715633508,-1.685596023622729,-1.685596023622729,-1.6860465116279069,-1.7023809523809523,-1.3134046285758891,-0.4241395642563941,0.01787495205216727,-1.5334459219422083,-0.16582848832270314,0.20359281437125756,0.6847826086956521,0.6712328767123288,-0.032460732984293195,0.18548387096774202,-0.2824184566428004,0.02372479240806657,0.004711647191858459,0.6732673267326732,-0.006896551724137946,0.03927615764887316
79,2016-07-30,-0.005030326143618535,0.00195792158811825,0.009894555378391791,0.04542913670194393,-0.018974821870978875,0.14249368693315526,-0.6683507211963524,-0.6683507211963524,-0.6779661016949152,-0.6779661016949152,-1.241521702083033,0.4633767420607722,0.16905336147120886,-0.6376238435293997,-0.0720382911553541,-0.22068230277185508,-0.19784946236559145,-0.2008196721311476,-0.01948051948051943,-0.19047619047619047,-0.5175535846267554,0.023174971031286073,-0.014068655036578614,-0.1952662721893491,0.0,-0.04158847916212083
80,2016-10-29,0.001748421147406809,0.04887518681537117,0.015161348378335715,0.05362635778140912,-0.011645719543470157,0.04925430307983048,-1.6002742021479168,-1.6002742021479168,-1.631578947368421,-1.631578947368421,3.300749023013461,0.21167176668956467,0.023338276062149443,-1.3990500155503407,0.03097852091500108,-0.1336069311445508,-0.7211796246648794,-0.7179487179487181,-0.012141280353201056,-0.11764705882352933,0.10264266564534652,0.022650056625141524,-0.013318112633181169,-0.7205882352941176,0.0,-0.004507786176122353
81,2017-01-28,-0.01742416330974783,-0.00953775240791088,-0.06547724574381786,-0.07625987888740637,0.02621842469919544,0.2611903608710362,5.1909656135008255,5.1909656135008255,5.0,4.833333333333333,1.0598079180180977,0.13464759695915474,1.465885465885466,4.488805441405696,0.16492591331005713,-0.2463157894736841,-0.6923076923076923,-0.6909090909090909,0.021787709497206764,-0.2380952380952381,1.7634595345606114,0.02214839424141757,0.04435017354415738,-0.6842105263157895,-0.006944444444444421,0.07222247632987222
82,2017-04-29,-0.060020289603821324,-0.12042306679540073,-0.06375189466886655,-0.13326748971193414,-0.05747224422667852,-0.3620970644455659,-2.2645774835522943,-2.2645774835522943,-2.2638888888888893,-2.3,-1.5162701500493216,-0.27599364069952304,-0.6396361871183669,-2.6232041203578205,-0.2298072512422582,-0.15293296089385466,-5.6875,-5.705882352941178,-0.05795516675779111,-0.17500000000000004,2.8115887380593265,0.021668472372697645,0.002769571639586577,0.0,0.013986013986013957,0.014845149731251615
83,2017-07-29,0.032413871401992145,0.07348852711600218,0.08638744794965914,0.18409807422038216,-0.012717027369254508,0.17882646925800816,-0.7489303079416532,-0.7489303079416532,-0.7472527472527473,-0.7472527472527473,-1.420260615698654,-0.06844845975280756,0.0004253810705423522,-1.0036740146960588,0.0010962388566846393,-0.03874690849134388,0.14666666666666672,0.13749999999999996,-0.013929193267556705,0.03030303030303028,0.0,0.021208907741251396,-0.04363837230712586,0.0,0.006896551724137946,-0.09340058848255572
84,2017-10-28,0.03141415306612072,0.09434299020678694,0.06230907266895569,0.13666345883956854,0.0031908237026692103,0.10238528154637172,-1.650377638628881,-1.650377638628881,-1.652173913043478,-1.652173913043478,1.2192759516548062,-0.17419854525862066,0.06179576217135563,79.93073593073593,0.08862226625551363,0.023156089193824947,-0.09883720930232552,-0.09890109890109887,0.00294290759270166,0.02941176470588225,0.0,0.020768431983385183,-0.02753176742395069,0.0,0.02054794520547953,-0.037231083086053496
85,2018-02-03,0.012094080641420256,0.07416027739599773,-0.04834527755461804,-0.10477030399774223,0.0703151383576277,0.3888270679492314,6.365756823821339,6.365756823821339,6.200000000000001,5.933333333333334,2.257007978215781,-0.15585368837417934,1.1099913234999668,4.78403316394758,0.4708650033856383,0.4727577535624477,-1.3870967741935485,-1.3780487804878048,0.07159624413145549,0.4714285714285715,0.0,0.020345879959308144,0.05761235398930897,0.6666666666666667,0.04026845637583887,0.19985552612569224
86,2018-05-05,-0.04909205518185555,-0.07106943405417633,-0.04709933927867605,-0.09053760644355392,-0.05160422061222869,-0.3874248004036347,-1.5721735615146206,-1.5721735615146206,-1.574074074074074,-1.5961538461538465,-1.0631766061766257,0.14487222839476346,0.1858037578288101,-1.3850507479249994,-0.09011217393621274,0.37564029595902093,2.7,2.7419354838709675,-0.04819277108433751,0.2815533980582525,0.5940643033800495,0.019940179461615196,-0.0026207412953949127,2.7,0.012903225806451646,0.02139273530002006
87,2018-08-04,0.022305935422666456,0.0582343266352705,0.08877911121150173,0.197448407041686,-0.034760372648983684,0.15257238004156526,-0.9092579072560704,-0.9092579072560704,-0.9032258064516128,-0.9032258064516128,-5.124482097582091,0.28333333333333344,0.07375693555271012,-0.8619720677770706,-0.01869909969707917,0.02813405047579653,0.4504504504504503,0.4396551724137932,-0.01956271576524737,0.08333333333333326,-0.8488001654944146,0.019550342130987275,-0.05593093093093104,0.4189189189189189,0.012738853503184709,-0.11623703237975468
88,2018-11-03,0.009828166321589782,0.037989693292595605,0.03171541090200414,0.06772323084298981,-0.011289797856345207,0.022293076800717904,-7.207889955878537,-7.207889955878537,-7.0,-6.833333333333332,-0.5993972742402207,0.4681242807825086,-0.0003229572951084503,4.290151383330433,-0.10080605051824644,-0.06639839034205243,0.375776397515528,0.3652694610778444,0.0023474178403755093,-0.04895104895104885,-0.3776166370228485,0.019175455417066226,-0.02087475149105367,0.3619047619047617,0.006289308176100628,-0.02787905735882612
89,2019-02-02,0.04490622053034743,0.0353809740075548,0.015836814565725943,-0.052952718547938926,0.07508426191894846,0.3418602544838909,3.0526777875329234,3.0526777875329234,3.083333333333333,2.885714285714286,9.318050825255435,0.20092714935166733,-0.6592942345924453,-4.345876161499877,0.37509656460471663,-0.1926724137931034,0.4469525959367948,0.42982456140350855,0.06264637002341923,-0.19117647058823528,-0.4200923279841724,0.01881467544684856,0.029035532994923893,0.4545454545454544,-0.018750000000000044,0.0932625897635273
90,2019-05-04,0.43484911298784,-0.12248811707024965,0.9863398607678676,0.27837406985294777,-0.094351062949789,-0.3648574509216841,-1.1976046051002722,-1.1976046051002722,-1.1972789115646258,-1.213235294117647,-1.2586837294332724,-0.18187412587412588,0.4822757111597373,-1.6790401384151077,-0.18522744489688656,0.3502402562733582,0.3369734789391574,0.15950920245398792,-0.08154269972451778,0.26363636363636345,-0.06937073540561023,0.01846722068328699,-0.3687845303867403,0.3076923076923077,-0.1146496815286625,-0.3135720860179064
