,Quarter end,Assets,Current Assets,Liabilities,Current Liabilities,Shareholders equity,Revenue,Earnings,Earnings available for common stockholders,EPS basic,EPS diluted,Cash from operating activities,Cash from investing activities,Cash from financing activities,Cash change during period,Cash at end of period,Price,ROE,ROA,Book value of equity per share,P/B ratio,P/E ratio,Cumulative dividends per share,Equity to assets ratio,Net margin,Asset turnover,Current ratio
0,1996-03-31,-0.020053372950368686,-0.03842680085308559,-0.0839143834493612,-0.2209656302460261,0.044700739148261885,0.02103971830696749,0.027626918536009404,0.027626918536009404,0.0277777777777779,0.0277777777777779,-1.0962252475247525,-0.06583015093653387,-1.1368691189050473,-1.4511736799950712,-0.2591386814820057,0.0277777777777779,0.0,-0.4188311688311689,0.04166666666666674,-0.1558441558441558,0.2870090634441087,inf,0.06606243705941582,-0.23981373690337604,0.018018018018017837,0.234290843806104
1,1996-06-30,-0.020053372950368686,-0.03842680085308559,-0.0839143834493612,-0.2209656302460261,0.044700739148261885,0.02103971830696749,0.027626918536009404,0.027626918536009404,0.0277777777777779,0.0277777777777779,-1.0962252475247525,-0.06583015093653387,-1.1368691189050473,-1.4511736799950712,-0.2591386814820057,0.0277777777777779,0.0,-0.4188311688311689,0.04166666666666674,-0.1558441558441558,0.2870090634441087,inf,0.06606243705941582,-0.23981373690337604,0.018018018018017837,0.234290843806104
2,1996-09-30,-0.003847654769491671,-0.06122626170142231,0.006039529841242342,0.01739372506160497,-0.012638859055241314,-0.07060591893264156,-0.040843290441176516,-0.040843290441176516,-0.027027027027027084,-0.027027027027027084,-16.210075026795284,4.221140743624684,60.1125,1.4573262324184078,-0.8595242644249141,-0.1216216216216216,0.0,-0.4188311688311689,0.0,-0.1558441558441558,0.2870090634441087,inf,-0.008690723597203687,-0.23981373690337604,0.018018018018017837,-0.07724401913875599
3,1996-12-31,0.001438755652505952,-0.017202384455636155,0.037940684699213856,-0.017815882281405848,-0.031630967568656465,0.0688353274627318,-0.009822123734802624,-0.009822123734802624,0.0,0.0,-0.21432598125572544,-0.5384959546623914,-0.5460216813254244,-1.057960544595721,0.35464127847670857,0.007692307692307666,0.0,-0.4188311688311689,0.0,0.007692307692307666,0.2870090634441087,inf,-0.033161806746712534,-0.23981373690337604,0.018018018018017837,0.0006222259094867955
4,1997-03-31,0.02970891928933872,0.12238752341925375,0.02692551568917545,0.32820528694360185,0.03241177318970023,0.07171486118561554,0.058307627169902565,0.058307627169902565,0.08333333333333348,0.08333333333333348,0.2645410108076596,-0.6320084020035547,1.3434332056769542,1.7209971236816872,0.7123493975903614,0.1450381679389312,0.0,-0.4188311688311689,0.040000000000000036,0.1450381679389312,0.2870090634441087,inf,0.00275970825941263,-0.23981373690337604,0.018018018018017837,-0.1549622751015669
5,1997-06-30,0.04525434730620748,0.027839813410367675,2.1093866902522938,-0.029325627102317342,-1.9484920775641128,0.0718835734489287,-0.8325998742641596,-0.8325998742641596,-0.7692307692307693,-0.7692307692307693,-0.2178523299524789,-1.3644346871569704,-0.016005767844268215,0.14270613107822405,0.4753737906772209,0.31333333333333324,0.0,-0.4188311688311689,-3.4230769230769234,0.2633333333333334,0.2870090634441087,inf,0.0,-0.23981373690337604,0.018018018018017837,0.05886970172684448
6,1997-09-30,-0.022414958471207003,-0.05865798538370559,-0.02312442752461641,-0.015445931237595191,-0.024661460767402832,-0.015427584627041857,1.9221577330146808,1.9221577330146808,4.4444444444444455,4.4444444444444455,-0.07395148492405346,-5.352409638554216,-0.2391559202813599,-1.732963305581252,-0.23616492796820665,0.3096446700507616,0.0,-0.4188311688311689,-0.02380952380952384,0.0,0.6150234741784035,inf,0.0,-0.1898928024502297,0.026548672566371726,-0.043875092661230575
7,1997-12-31,-0.014165237928387418,0.003548934728748732,-0.010824100357110122,-0.046885922843068695,-0.0035690016668893376,-0.006304419805453376,-1.2649842271293377,-1.2649842271293377,-1.2653061224489797,-1.2653061224489797,-0.23692714453584016,0.4654671280276816,-0.4881869542886492,0.2515776188472865,-0.3869667013527576,0.21317829457364332,0.0,-0.4188311688311689,-0.008130081300813052,0.0,0.09447674418604657,inf,0.0,-0.4291115311909263,0.02586206896551735,0.0529146678296264
8,1998-03-31,0.013362201114014205,0.040191537797315435,0.0013598338947624633,0.06186569328125269,-0.0244255009107468,0.02906995069455398,-5.264991181657848,-5.264991181657848,-5.230769230769232,-5.153846153846153,-0.05043310875842155,-0.2851341140914243,-0.2655544405418966,-1.4621848739495802,0.29174623382134524,0.17252396166134187,0.0,-0.2960893854748603,-0.024590163934426257,0.0,0.856573705179283,inf,0.0,-0.30463576158940403,0.008403361344537784,-0.02043352202126192
9,1998-06-30,0.024990495365486698,0.043400498075616856,0.007153237167990989,-0.015452822308606671,-0.032651817508304815,-0.002620973917152769,0.07050553085909228,0.07050553085909228,0.07272727272727253,0.07407407407407396,-0.6505844989526319,1.4990091161315893,-2.8068317677198973,-3.3018181818181818,-0.5198751642575559,-0.1416893732970027,0.0,0.3928571428571428,-0.03361344537815125,0.0,-0.2716738197424894,inf,0.0,0.3904761904761904,0.0,0.05980737608644592
10,1998-09-30,0.05845714614090625,0.060689565387202375,0.02011499000446082,0.06999282124910255,-0.07054667185483021,0.0047204990743259225,-0.2069531627233221,-0.2069531627233221,-0.22033898305084745,-0.2068965517241378,2.037903693676272,0.30277557494052343,-0.2167501654220626,-0.7955766192733017,-0.2213479302086897,-0.2666666666666666,0.0,-0.034188034188034185,-0.08695652173913038,0.0,-0.50952661559615,inf,0.0,-0.020547945205479427,-0.008333333333333305,-0.008688713538434034
11,1998-12-31,-0.0037387513557600727,-0.019198510760166883,-0.01056594334538119,-0.05336067823488155,-0.028949729208891276,0.01902907195067627,0.007062834875791513,0.007062834875791513,0.021739130434782483,-0.021739130434782598,0.1171303074670571,-0.680342504666829,-2.0684286748732803,-2.2658423493044824,0.359841827768014,-0.1515151515151516,0.0,0.3775811209439528,-0.02857142857142858,0.0,-0.13376051261513822,inf,0.0,0.3881118881118881,-0.01680672268907568,0.0360880064394955
12,1999-03-31,0.016880088085102773,0.054944329151501936,0.009273792397272551,0.11878548705351745,-0.011739667484440108,0.016231317701906,-0.0037484885126964906,-0.0037484885126964906,-0.021276595744680767,0.022222222222222143,-0.2861131688415295,-0.10994033261393933,-0.4554388342934599,-0.1501831501831502,0.22487883683360252,0.08673469387755106,0.0,-0.062098501070663836,-0.009803921568627416,0.0,-0.22376329172445675,inf,0.0,-0.04785894206549113,-0.008547008547008517,-0.057059001251672514
13,1999-06-30,0.009774307881563304,0.045110205318984235,-0.0003973488452555518,-0.008933584807866768,-0.029311765561272133,0.04332023409961039,0.2699356718048307,0.2699356718048307,0.28260869565217384,0.26086956521739113,-0.10416666666666664,-0.14448723434602762,-0.7604231487243309,4.847701149425287,1.0735953574254813,0.09859154929577474,0.0,-0.015981735159817382,-0.029702970297029733,0.0,0.14353782013103045,inf,0.0,-0.015873015873015928,0.0,0.05451549411818557
14,1999-09-30,0.023047928062673858,0.07429792949500102,0.0034775084165978853,0.0727884189347221,-0.05439435012127269,0.03806610140722122,0.10733059352002283,0.10733059352002283,0.10169491525423746,0.10344827586206916,0.46271050521251,0.1180393464488163,6.447619047619049,-0.7277641277641278,0.14094898867828531,0.28205128205128216,0.0,0.08352668213457083,-0.05102040816326525,0.0,0.28229166666666683,inf,0.0,0.06451612903225823,0.01724137931034475,0.0013890094626269887
15,1999-12-31,-0.01389709289370089,-0.016303039907963446,-0.1758158151684268,-0.01196392541335467,-0.6938402927086871,0.047835955414880615,-0.5397030899361298,-0.5397030899361298,-0.5538461538461539,-0.578125,0.4576023391812865,1.3893528183716075,-0.5377819111834456,2.5460288808664258,0.4380644441966775,0.22333333333333336,0.0,-0.08565310492505351,-0.7419354838709677,0.0,0.11982128350934194,inf,0.0,-0.11111111111111116,0.025423728813559254,-0.004377980060684905
16,2000-03-31,0.06975690359359897,0.05334761425984325,0.03667625024249577,0.18416742617884285,-0.3042037306261243,0.11482700710400386,2.7997374835927245,2.7997374835927245,0.6896551724137931,0.7777777777777777,0.7726512871949179,1.7355676215440303,-1.2711267605633805,-1.086026978875032,-0.026205613273375672,0.40326975476839255,0.0,0.3091334894613582,-0.29166666666666663,0.0,0.5328255350018134,inf,0.0,0.26136363636363624,0.04132231404958686,-0.11049675649788847
17,2000-06-30,0.016581742424157664,0.03492041012859004,-0.011516052456176151,0.2940880313885257,-0.4566622399291722,0.11818402994177625,0.29342676667982626,0.29342676667982626,0.2857142857142858,0.2708333333333333,-0.4362033195020747,-0.6196842489505384,-6.051948051948052,-6.319526627218934,0.14315286624203827,0.33203883495145625,0.0,0.30053667262969586,-0.4705882352941178,0.0,0.06010411736867005,inf,0.0,0.22972972972972985,0.05555555555555558,-0.20023493710537896
18,2000-09-30,0.06168840806768139,0.07434816045365356,0.03289798349357609,0.10967216853515538,-0.8204986149584488,0.05717862358797055,0.10011446012972147,0.10011446012972147,0.09523809523809512,0.09836065573770504,0.6438906080120432,1.1283743251349732,-0.8551230260741829,0.6924360400444938,0.21193759576542706,0.08309037900874627,0.0,0.22971114167812925,-0.7777777777777778,0.0,-0.14129464285714288,inf,0.0,0.17216117216117222,0.05263157894736836,-0.03182374541003685
19,2000-12-31,0.04003255790834071,0.0512412273439391,0.004032241456714214,-0.022595568737759253,-6.307552650689906,0.041599237652737216,0.13047097176943878,0.13047097176943878,0.1304347826086958,0.13432835820895514,0.2339997964997964,-0.29991544532130776,19.897338403041825,1.3608281301347356,0.4128498362163093,-0.15746971736204576,0.0,0.2796420581655481,-5.5,0.0,-0.31297114634780343,inf,-0.9427953607234126,0.2406249999999999,0.02857142857142869,0.07553729456384327
20,2001-03-31,-0.034301747845810415,-0.07751714444956015,-0.05006112268841378,-0.20794593859131935,0.4913456933707328,-0.14285327609494136,-0.12550619707939625,-0.12550619707939625,-0.1282051282051282,-0.11842105263157887,-0.2320504627816371,-0.2982809291839445,0.36074721009218813,-1.36358574610245,-0.10624364449867807,-0.21086261980830667,0.0,0.05506993006993,0.44444444444444464,13.482849604221634,-0.4067347710934545,inf,0.5463917525773194,0.06297229219143574,-0.006944444444444421,0.16461945342344994
21,2001-06-30,0.029598751175412774,0.03085523049482375,0.008267532069344384,0.11113771706992036,0.4827973760264233,-0.13429036984640266,-0.20940185932292574,-0.20940185932292574,-0.2058823529411765,-0.20895522388059706,-0.7914586353143287,0.9990820424555364,-1.991130326261365,0.8522205206738132,-0.22017931097255727,0.10323886639676116,0.0,-0.05385252692626352,0.4615384615384615,-0.23629076334487156,0.02614795918367352,inf,0.4377777777777776,0.013033175355450231,-0.0629370629370628,-0.07221437222446503
22,2001-09-30,0.04505302034190595,0.020587268460121155,-6.210302248987887e-05,-0.007762796668134619,0.6968150107506923,-0.0786624645262014,-0.2619364572239972,-0.2619364572239972,-0.2592592592592593,-0.2641509433962265,3.784013386536234,-0.025800711743772187,-0.8924315330305347,-2.1603968582058704,0.3276334986868981,-0.10642201834862386,0.0,-0.12521891418563913,0.6842105263157894,-0.3885973282442749,-0.07955251709136102,inf,0.6244204018547141,-0.03274853801169608,-0.0970149253731344,0.028555887952134817
23,2001-12-31,-0.016122571792159257,-0.07552695839762702,-0.01184742267158101,-0.03964645391577781,-0.052518825095265065,0.0308455505362637,-0.035892502855768615,-0.035892502855768615,-0.05000000000000005,-0.07692307692307697,-0.01364113326337879,-0.6213286198261894,-8.767558528428093,-0.06911293195582469,0.2297243834893841,0.0965092402464065,0.0,-0.17017017017017022,-0.03125,-0.3488099882949668,0.22754895340985806,inf,-0.0371075166508088,-0.08343409915356703,-0.09917355371900816,-0.03738762559492337
24,2002-03-31,-0.004082813323295076,-0.016936884380308825,-0.022077133971240004,0.030319567354965663,0.1556868367121127,-0.01688353586407143,0.07215016213519587,0.07215016213519587,0.07894736842105265,0.11111111111111116,0.19026186579378068,0.2477049945542245,0.5487082884822391,-1.2254114045158822,-0.04210902591599641,0.07677902621722854,2.9526916802610117,-0.14595898673100116,0.129032258064516,0.11144397843019772,0.2975797579757975,inf,0.16106719367588918,-0.08443271767810034,-0.06422018348623859,-0.04587155963302758
25,2002-06-30,0.015068197087480197,0.03395735000796729,-0.025435570571685332,0.15374080842880788,0.3193799224070466,0.05816560927586956,0.1634386087361135,0.1634386087361135,0.14634146341463405,0.1499999999999999,-0.3081700469806348,-0.7600074822297045,0.17803649000868815,5.416808149405774,-0.28208381535246485,-0.07999999999999996,-0.21887467327005092,-0.04378531073446335,0.34285714285714297,-0.18544474393531007,0.06782534972445964,inf,0.2995744680851065,-0.03170028818443815,-0.009803921568627416,-0.10381160755412244
26,2002-09-30,-0.008982050350736405,-0.016258974454358532,-0.033818732141496784,0.011708701082775663,0.1288523183321133,-0.010152659073708327,0.033145028245763035,0.033145028245763035,0.042553191489361764,0.04347826086956519,0.2968066781502583,1.0672902052481166,-0.2558558027022243,-1.7892578383384046,0.3101153966108743,-0.14177693761814747,-0.07273687918281091,0.06056129985228952,0.1276595744680853,-0.3606882859033752,-0.10440651052004768,inf,0.13883431565160453,0.04166666666666674,0.01980198019801982,-0.027626084163186567
27,2002-12-31,0.04887248744939909,0.05114970004888897,0.07318238520017895,-0.03557806693729382,-0.0665973526518201,-0.0039870950897935575,0.08787380238072195,0.08787380238072195,0.061224489795918435,0.0625,-0.5250842954940227,2.1127309287419878,-1.0646580773042618,-1.7618169627891385,-0.1803285192826536,0.008810572687224738,-0.022602089268755957,0.07381615598885792,-0.07547169811320764,-0.10559006211180122,-0.04476950354609921,inf,-0.10983323749281204,0.0814285714285714,-0.009708737864077666,0.08992401717872478
28,2003-03-31,0.04393331034712866,0.08566054414077362,0.02403265177218317,0.08464101325059126,0.15261525194332326,0.040172854115021465,0.03696290365625843,0.03696290365625843,0.05769230769230771,0.058823529411764726,0.9245912220309812,-0.10065406976744183,-2.2409564684242795,-3.5265126512651266,0.5558352291979283,0.10480349344978146,-0.03556160124368424,0.05058365758754868,0.16326530612244894,0.19560185185185186,0.015313225058004587,inf,0.10400516795865644,0.054161162483487464,-0.009803921568627416,0.0009699321047527133
29,2003-06-30,0.01895928999882801,0.011940828402366764,-0.005446317471263895,-0.2726803761108636,0.13737491297164173,0.09762972776429768,-0.16445759876463772,-0.16445759876463772,-0.1636363636363637,-0.16666666666666674,-0.041389525459728405,-0.0862850729517396,10.7401185770751,-1.8546547069581119,-0.305332586646755,0.0869565217391306,-0.0852307072335281,-0.030864197530864224,0.1228070175438598,-0.06582768635043558,0.010511882998171851,inf,0.1158572264482154,-0.03634085213032578,0.00990099009900991,0.3912911821705425
30,2003-09-30,-0.00383736675083779,-0.0166391841794431,-0.0667990301004785,-0.0045027618372127645,0.2632910929805488,0.032486806846992115,0.4483289696596336,0.4483289696596336,0.4130434782608696,0.4222222222222223,0.02813329057461877,-0.3333169557313418,0.1381196868950425,-0.4551660892602405,-0.2394750985309925,0.17818181818181822,-0.03656387665198235,0.05987261146496814,0.234375,0.049740932642487135,0.1840796019900497,inf,0.2684845306764552,0.044213263979193666,0.019607843137254832,-0.012188220955034136
31,2003-12-31,0.03334855299503703,0.07353882087667185,-0.010081733808998572,0.17472877422140656,0.16946431283493998,0.08653485727355315,0.16921877215369352,0.16921877215369352,0.1692307692307693,0.140625,0.5327794476266092,0.8498047018940231,-0.1716092294039343,-2.2253600149616606,0.3858430010011189,0.12037037037037025,-0.05967078189300413,0.08774038461538458,0.16455696202531644,-0.09279368213228044,0.03666921313980143,inf,0.1318726746589498,0.04483188044831898,0.03846153846153855,-0.08614991407041818
32,2004-03-31,0.015801805340177392,0.05218356526767543,-0.01736058500334503,-0.019141525992225742,0.1037797690828246,0.03865641052628499,0.08100406232947321,0.08100406232947321,-0.4605263157894737,-0.4520547945205479,-0.4108593099620757,-0.7150996015936255,-0.11511851091371696,-0.25656288156288154,0.20698593464496676,0.08264462809917372,-0.03768538779479702,0.10055248618784528,0.09782608695652173,-0.07072905331882484,-0.01842299189388352,inf,0.08655953250547843,0.05244338498212153,0.046296296296296065,0.07271675185649551
33,2004-06-30,0.010847029962034904,0.0313390973295542,-0.035475747939408116,0.0969757724521727,0.12025133835150957,0.08967491506244696,0.1320601267597734,0.1320601267597734,0.12195121951219524,0.125,0.6917666268919174,0.8605789400083905,1.5397497982243746,-3.0071853828782587,-0.34421208280523874,0.021628498727735312,0.021980798383021805,0.16365461847389562,0.1287128712871286,-0.06908665105386402,-0.07957957957957963,inf,0.108235294117647,0.11098527746319364,0.04424778761061954,-0.0598309808504901
34,2004-09-30,0.036793455277482234,0.01732392784589165,0.015685449854520694,0.15246948902117194,0.07971592543042537,-0.0077908860066284715,0.031684296578888604,0.031684296578888604,0.021739130434782483,0.04444444444444429,-0.1213527359120944,1.9678316422397597,-0.9214467307539524,-1.3984862432238927,0.20915874805390036,-0.031133250311332406,-0.014585908529048288,0.0716134598792062,0.07017543859649122,-0.14213836477987418,-0.17332789559543227,inf,0.04124962086745532,0.04587155963302747,0.025423728813559254,-0.11728424575663388
35,2004-12-31,0.038967100314700964,0.061703494089549775,-0.0009952429325038592,0.028490123497960207,0.1154101808126029,0.0517048812427916,0.09590356816981216,0.09590356816981216,0.1063829787234043,0.06382978723404252,0.5883856521188051,-0.34006128599285845,9.488748419721869,0.9632956878850104,0.3396084003019135,0.12082262210796912,-0.018815855494229816,0.05636070853462161,0.12295081967213115,0.04838709677419351,0.021213616181549044,inf,0.07369647538595969,0.0399610136452242,0.016528925619834656,0.03233669158271035
36,2005-03-31,0.06615693906303699,0.05025755413362565,0.0497365796193705,0.026818266972173044,0.09428908397770774,0.013446776066124766,0.016126205083260237,0.016126205083260237,0.01923076923076916,0.040000000000000036,-0.4866938862363847,1.5140642388426264,-1.5545163078851578,-1.5118316119754216,-0.12975606522603733,0.076834862385321,-0.032728202505752924,0.02591463414634143,0.0875912408759123,-0.041958041958042085,-0.0028985507246376274,inf,0.02631578947368429,0.029053420805998043,0.0,0.022823862742011647
37,2005-06-30,0.04145614391465724,0.023306251597366545,0.0031876879737227077,-0.02617046060572037,0.10435016906571737,0.08365270704331995,0.1224771433500087,0.1224771433500087,0.1132075471698113,0.1153846153846152,0.27217846408954305,-0.04483011264767833,-0.4487240794678955,-0.7969348659003832,-0.030277640248314693,0.052183173588924436,-0.029077451757864137,0.02080237741456159,0.10067114093959728,-0.03211678832116782,-0.01308139534883723,inf,0.06026962727993656,0.030965391621129438,-0.016260162601625994,0.050784856879039664
38,2005-09-30,0.015180775704142446,0.030312144381067,-0.03425687013324796,0.04180762870329336,0.08898846751247412,0.0075578957808322125,0.0006339326878745942,0.0006339326878745942,0.0,-0.017241379310344862,0.367039367833649,-0.7119868322227016,-3.878400757038088,-16.847798742138366,0.494815803943131,0.047570850202429016,-0.03974952355023143,0.015283842794759916,0.08536585365853666,-0.04826546003016596,-0.018163966617574908,inf,0.07279980054849156,0.016784452296819685,0.0,-0.011033001366920649
39,2005-12-31,0.3120290032180537,0.21173126659098476,0.4816419191076578,0.16174034534394344,0.0874644998422216,0.1367353102383695,0.07158901111559057,0.07158901111559057,0.05084745762711873,0.07017543859649122,0.11443171491143135,22.48743272485158,-10.564614668091288,-0.9517422017620446,0.01597435695331173,0.008695652173912993,-0.037709101219166485,-0.053046594982078976,0.08426966292134819,-0.06973058637083984,-0.038000000000000034,0.0,-0.17127585405531032,-0.008688097306689846,-0.04132231404958686,0.043044723072366516
40,2006-03-31,0.039532428824241565,0.08591123871887563,0.005119419611438802,0.10324770041377662,0.1016097557436868,0.11980752388730885,0.026084775520441417,0.026084775520441417,0.032258064516129004,0.03278688524590168,-0.25267365381530404,-0.9153299914484284,-1.0613717997926202,-3.2450657894736836,-0.035299593990017815,0.15421455938697326,-0.039186800235709966,-0.0416351249053748,0.0984455958549224,0.0630323679727427,0.0987525987525988,0.0,0.05973079080201926,-0.03242769500438203,-0.008620689655172377,-0.01571225745385707
41,2006-06-30,0.021204238259219462,0.05021309167807253,-0.006004785263309498,0.06802495318579438,0.06598724034201364,0.06609419129652316,-0.06866990257359362,-0.06866990257359362,-0.0625,-0.07936507936507943,0.5575550507128421,-0.6905027621226494,2.1439839447400355,-7.312087912087913,0.23096718850525425,0.15103734439834016,-0.07298374731677393,-0.07503949447077407,0.06603773584905648,0.04807692307692313,0.0979186376537371,0.0,0.04392696480550407,-0.07065217391304346,-0.008695652173913104,-0.016684296566977563
42,2006-09-30,0.034169032373792214,0.09071907439045623,0.012600570294147406,0.09196740984020724,0.0672708402831832,0.049159410350841926,0.25042650119045384,0.25042650119045384,0.25,0.2586206896551724,-0.18442208746784272,1.259533038853331,-0.5679230438074314,0.9548514391829156,0.3667900696864113,0.03388608507570301,-0.011908699966920231,-0.018787361229718136,0.09292035398230114,-0.029051987767584112,0.034037052994398964,0.0,0.031939163498098784,-0.020467836257309857,0.0,-0.001124639381937298
43,2006-12-31,0.034766583318996964,0.05851953029438151,0.027496028837240342,0.0357010651785632,0.045353356092783466,0.03614762624564349,0.1750850837343889,0.1750850837343889,0.15999999999999992,0.1643835616438356,0.06469146928774605,0.0761220825852782,0.2802514945372088,-0.3248233687585347,0.18118955435527306,0.14574616457461653,0.02644794107800452,0.06266318537859017,0.02834008097165985,0.04724409448818912,0.07374999999999997,1.0,0.010316875460574693,0.02985074626865658,0.035087719298245716,0.022028588212257727
44,2007-03-31,0.022474295081937438,0.03940381230573342,-0.016959106408759528,-0.1379867265038791,0.07891303818187058,-0.012645904070680005,-0.008586702731668727,-0.008586702731668727,-0.4942528735632184,-0.4941176470588236,-0.17385726378161034,0.7416305194082973,-0.8783780157260553,-0.03675694688709108,0.1477574694813515,-0.013390139987827121,0.014677103718199637,0.049959049959050095,0.07086614173228356,-0.040601503759398534,-0.09817617384555688,0.0,0.05519085825431569,0.044444444444444516,0.008474576271186418,0.20576683590382205
45,2007-06-30,0.03911237708470972,0.07217489232390939,0.00196224276555812,0.0026510282776348593,0.08755845510196547,0.057983301693790734,0.08097395243488115,0.08097395243488115,0.06818181818181812,0.06976744186046524,0.3322286793781919,-0.02628946079996597,1.624448367166814,1.3351287201022457,0.30061465054237324,0.07094386181369505,0.0379299260687882,0.07644305772230897,0.08823529411764698,0.0,-0.010757314974182421,0.5,0.046774193548386966,0.07678075855689181,0.0,0.06931754985302296
46,2007-09-30,0.06759086898626121,0.1188695639650712,0.06459106127521452,0.15890993019066402,0.07119491560615954,0.06534937198404256,0.0893494928329921,0.0893494928329921,0.08510638297872353,0.08695652173913038,0.3122393799194856,0.2478684797341613,-1.1514208844795697,1.1079401071191213,0.4872140094697655,0.05645161290322576,0.008671415298854068,0.03768115942028971,0.07432432432432434,-0.02821316614420055,-0.0504567203131796,0.3333333333333335,0.0033017829627999267,0.04209621993127155,-0.008403361344537784,-0.03454808871057613
47,2007-12-31,0.07450871258119851,0.050160766737632256,0.041040406552238284,0.16076450451053192,0.1144705112199127,0.0591659614826443,0.09280772887727996,0.09280772887727996,0.0980392156862746,0.10000000000000007,0.21818165167860212,1.2648738612473722,4.654636313159357,-0.7416866039800442,0.11576856009283842,0.18102508178844068,-0.021799201719373662,0.012569832402234526,0.12264150943396213,0.09838709677419356,0.09344938158497484,0.0,0.037077665642825774,0.02143446001648797,-0.008474576271186418,-0.09527107622455644
48,2008-03-31,0.031855196314430456,0.04147300883798777,0.08878672600808457,-0.05580607169137775,-0.031643257960620286,-0.008434649478302303,-0.025251767623733712,-0.025251767623733712,-0.017857142857142905,-0.018181818181818188,-0.17596205167527426,-0.26887584217080884,-2.8295365278868814,-1.2502871912693854,-0.018982689050920043,-0.08079409048938135,-0.00031387319522913065,0.002758620689655267,-0.02240896358543409,-0.1806167400881057,-0.1399245915374947,0.25,-0.0615612439179184,0.012913640032284237,-0.008547008547008517,0.10304937694041573
49,2008-06-30,0.060365038506408515,0.06361003732259607,0.02345709633801873,0.13806708923865818,0.106649750834362,0.09874350277794353,0.12852423359461573,0.12852423359461573,0.14545454545454528,0.12962962962962954,-0.12240001459640926,-0.32279224282948404,0.19890510948905105,-3.4690189328743544,0.04777552662984652,0.10045203415369164,0.005965463108320357,0.011004126547455195,0.09742120343839544,0.1254480286738351,0.041402825133950216,0.2,0.04373309287646543,0.015936254980079667,-0.008620689655172377,-0.06543028994447864
50,2008-09-30,0.030947505409656625,0.056054049827461316,-0.011097802766086184,0.09929803356422306,0.07971098956711886,0.019887413691505932,0.02691031410518652,0.02691031410518652,0.015873015873015817,0.03278688524590168,0.09012567698208927,-0.3925073036604228,-0.1470588235294118,3.877309166957128,0.22239115923755848,0.042446371519853976,-0.011235955056179804,0.004761904761904745,0.08616187989556147,-0.050955414012738835,-0.02899906454630485,0.16666666666666674,0.04730021598272138,0.0117647058823529,0.0,-0.03935805932587988
51,2008-12-31,-0.007977833424666958,-0.06689102678281422,0.057933987107198666,0.032546005185240645,-0.07799206325346486,-0.12548485627412698,-0.12590854765171966,-0.12590854765171966,-0.10937500000000012,-0.11111111111111104,0.6290705546920443,0.25169088337405165,6.0286569044245,-1.3752828795350056,-0.06827568572555376,-0.3555166374781086,-0.01862373737373746,-0.029790115098171862,-0.05288461538461542,-0.4060402684563759,-0.3911368015414258,0.0,-0.07053000618684269,0.003875968992248069,-0.034782608695651966,-0.0962851621215376
52,2009-03-31,-0.0115217662121484,-0.11830096476886864,-0.07493552148858118,-0.25984512437936336,0.05164273672119602,-0.1261383165493154,-0.24635127059848286,-0.24635127059848286,-0.2456140350877193,-0.2321428571428572,-0.16433015880448842,4.689410749506903,-1.6054720461181182,3.09216706868097,-0.2998692944224535,-0.11005434782608704,-0.08813123190736583,-0.07117934403349624,0.050761421319796884,-0.062146892655367325,-0.11392405063291144,0.1428571428571428,0.06390059906811629,-0.021621621621621626,-0.054054054054054064,0.19122748657510824
53,2009-06-30,0.013466407132438407,0.024715790903610868,-0.03332007873886367,-0.06869714008436299,0.0636207264678712,0.03813870050847568,0.0061819647896788074,0.0061819647896788074,0.023255813953488413,0.0,-0.006227016425594535,-0.9057905855587456,-1.6141484651529914,-2.089625860892226,0.4666919126489015,0.20916030534351135,-0.11287477954144608,-0.09391435011269722,0.06280193236715004,0.15361445783132546,0.2687500000000003,0.125,0.04942648592283638,-0.03867403314917128,-0.05714285714285716,0.1002912195316552
54,2009-09-30,0.04713892269988795,0.10838060849701847,0.018306500796511305,0.13652349775477335,0.07742689469576614,0.04581105221371185,0.08073994924535867,0.08073994924535867,0.06818181818181812,0.09302325581395343,0.028658828836448658,0.12737657160380245,-0.34020121694077954,0.23571448908122886,0.3931963852965823,0.11931818181818188,-0.1141153081510935,-0.0978441127694859,0.07727272727272716,0.052219321148825104,0.2174524982406756,0.0,0.029014308426073217,-0.0410509031198687,-0.06060606060606055,-0.02476342409629828
55,2009-12-31,0.0249204768934872,0.06177910670902631,-0.02760740702163433,0.011706348009498546,0.07367244964845843,0.0582257495049352,0.08309954890934934,0.08309954890934934,0.08510638297872353,0.06382978723404252,0.03954995820257357,0.38642004692121995,-0.0031653274896518147,-0.11243721487489056,0.2504933852241287,0.1601804850535815,-0.0942549371633752,-0.05147058823529405,0.06329113924050622,0.07692307692307687,0.25838150289017325,0.11111111111111116,0.04750869061413665,-0.0351027397260274,-0.010752688172043,0.04952041043943778
56,2010-03-31,0.059434937549391435,0.13795458305612174,0.05953791835294143,0.17831739072539698,0.0594956579807191,0.016692689925833726,0.1222515090313674,0.1222515090313674,0.11764705882352923,0.1200000000000001,-0.7901116574607485,-0.27148322542672165,-2.487542745481192,-0.38858314729245613,0.12247635935342792,0.030627126883811417,0.006442021803766186,0.03779069767441867,0.057539682539682564,-0.02995391705069117,0.06430868167202575,0.09999999999999988,0.0,0.034605146406388565,0.0,-0.03425433935529576
57,2010-06-30,0.042882660571010416,0.08745533905199697,0.021176546830192988,0.006805750226436702,0.05578495979104425,0.14766639773579238,0.3184244507030798,0.3184244507030798,0.3157894736842106,0.3214285714285714,2.2669032440410763,1.4101191678448797,-1.3864121510673235,-0.8947480151148474,0.011484321977953238,0.01650943396226423,0.08862629246676512,0.11111111111111116,0.054409005628517804,-0.040380047505938266,-0.050927924039706696,0.0,0.01235250737463134,0.08662092624356776,0.021739130434782483,0.0800718923082564
58,2010-09-30,0.11583634355684702,0.11376950485946713,0.14142834659261094,0.15116532309403666,0.09871075656333493,0.07195427656934128,0.05858673103469547,0.05858673103469547,0.053333333333333455,0.05405405405405417,0.23370630983965854,1.8642782317200917,-6.709656857537447,7.844493747478823,0.10041976105908934,0.025058004640371227,0.06467661691542292,0.07563025210084051,0.092526690391459,-0.02722772277227725,-0.11505229649840833,0.09090909090909084,-0.015297759970861581,0.0631412786108918,0.010638297872340495,-0.03246620933233724
59,2010-12-31,0.011864126199269355,0.017599439335211686,-0.06975727896239757,-0.04680062111710848,0.08150015913631159,0.0015003221000713385,-0.04483929247894625,-0.04483929247894625,-0.05063291139240511,-0.05128205128205132,0.2520024933769673,-0.7958920943296858,-1.6759977672341613,0.03441198604364781,0.0943961642193587,0.1480307831598009,0.019966015293118037,0.03750000000000009,0.07491856677524432,0.05089058524173029,0.010277492291880684,0.08333333333333348,0.0687997040872943,0.037119524870081744,0.0,0.06756756756756778
60,2011-03-31,0.03869062070686291,0.07718572583114547,0.10256870008642416,0.04188918914792583,-0.007199501907702133,-0.009791701319947888,-0.02406321264863132,-0.02406321264863132,-0.026666666666666727,-0.027027027027027084,-0.3294955253233094,-0.44430905963302747,-0.6488446664739964,0.4795194003527337,0.12761462516733602,0.08083596214511046,0.004581424406497225,0.008283132530120474,-0.009090909090909037,0.004842615012106588,-0.011190233977619424,0.0,-0.044125281190517285,0.011453113815318659,0.0,0.033864869307907115
61,2011-06-30,0.03632067544536599,0.046966905168661637,0.0913818319407358,-0.049893981334267264,-0.0033391981237299584,0.08202661109841225,0.15468356804576502,0.15468356804576502,0.17808219178082196,0.1805555555555556,-0.029042677606786808,1.6405262479040372,0.20030569054710767,-0.728673391843364,0.030706628510334788,-0.02626778547975184,-0.00497512437810943,-0.01344286781179982,0.033639143730886716,-0.01686746987951815,-0.07870370370370372,0.0769230769230771,-0.038377986965966726,-0.0014154281670205606,-0.010526315789473715,0.10195579583399583
62,2011-09-30,0.009036177327548469,0.036111951857852535,0.05906430686260732,0.021322438454111747,-0.034783222118293766,0.014754288431796825,-0.07913990429844807,-0.08885219050970894,-0.06976744186046502,-0.07058823529411762,0.7612442524065808,-0.5828285788719552,1.190159010023835,3.3369213026525344,0.12920478789544632,-0.10266017234919456,-0.012500000000000068,-0.02573807721423149,-0.010355029585798705,-0.13235294117647056,-0.13456169737576773,0.0714285714285714,-0.043298192771084376,-0.026222537207654214,-0.010638297872340273,0.014487316383365425
63,2011-12-31,0.019127212735304374,-0.06296685471163478,0.06012061454418749,-0.029882075436082237,-0.020213626975684074,-0.08137949598839611,-0.1395213805876906,-0.13034919738826198,-0.1250000000000001,-0.12658227848101278,-0.08480151105611099,11.512704422153703,-0.5836637943886223,-3.2171809904901805,-0.25369215812129897,-0.06597077244258864,-0.009704641350210985,-0.04972804972804978,-0.005979073243647215,-0.05649717514124297,-0.06903225806451617,0.0,-0.03856749311294772,-0.02547307132459975,-0.021505376344086,-0.03410804198788153
64,2012-03-31,0.029729653729563713,0.05068821040538008,0.023103034410572487,0.15965380634013848,0.036482240974984086,0.034673435162942516,0.0868930172966047,0.08104206705103567,0.11428571428571432,0.11594202898550733,-0.026177513669952246,-0.9410177548754164,0.5367923514878075,-1.6048043039984463,0.2055909110323324,0.18015198927134546,0.003408606731998276,-0.02452984464431729,0.04511278195488711,0.18862275449101815,0.1995841995841996,0.3999999999999999,0.006549324600900519,-0.01344286781179982,-0.01098901098901095,-0.09398009071096193
65,2012-06-30,0.041390271290563614,0.058626407190854435,0.08244179218580139,0.07607865456610187,-0.0001892492225678,0.08099294623901288,0.11509021752797688,0.11361140301667948,0.11538461538461542,0.1168831168831168,-0.22412974105381112,5.619070283991751,-1.6682743837084673,-0.7636288091258487,0.04030867189600995,0.06553030303030316,-0.008067940552016872,-0.035205364626990865,0.00575539568345329,0.02015113350125941,0.04852686308492205,0.2380952380952381,-0.04005693371289143,-0.0234670704012111,-0.011111111111111072,-0.016220784708903424
66,2012-09-30,0.063800350714593,0.08854362449302601,0.05170129931347223,0.0785024998253614,0.07832090835493521,0.03983481401969824,0.048677524613617296,0.0461750223496189,0.04597701149425282,0.046511627906976834,0.3814491252030989,0.2890699904122722,1.0572504445451694,2.177340098278135,0.12311188302420685,0.017774617845716326,0.0012842465753424293,-0.013900955690703598,0.0829756795422032,0.012345679012345734,0.014325068870523427,0.1923076923076923,0.013768269434441871,0.006976744186046435,-0.022471910112359602,0.00931800158604279
67,2012-12-31,0.028495168079448293,0.024965722964307657,0.053379227096260966,0.027673296414014503,0.0012847978091683474,0.038610591493742914,-0.0767741935483871,-0.048070532383858944,-0.03296703296703296,-0.044444444444444516,0.17658155206309156,0.16641874302714754,-1.980458951935462,-1.4362520746366243,-0.04782053791213792,0.07230178134823606,0.014963659683625563,-0.002643171806167466,0.005284015852047519,-0.009756097560975618,0.03585008147745783,0.16129032258064502,-0.02653572921019653,-0.003849114703618151,0.0,-0.00261900085117528
68,2013-03-31,-0.00028798977195310105,0.006928920930284077,-0.02754390918194005,-0.08272238816720956,0.031049495073785183,-0.0577436914146694,0.11819386210109473,0.09008848548752503,0.09090909090909084,0.09302325581395343,-0.12952732330158978,-0.660247622084064,0.12461323054052653,-2.2722792252709247,0.06389664905551129,0.15114006514657996,0.01979780960404387,0.014134275618374659,0.030223390275952555,0.1428571428571428,0.09334032511798653,0.13888888888888884,0.031337196823352675,0.02395672333848542,0.0,0.09771548611566994
69,2013-06-30,0.036505835007204716,0.054591695035827836,0.04084216880604141,0.0006687001695675487,0.03182355927657299,0.05210385208440416,0.008169881455345473,0.00641147137059095,0.0,0.010638297872340495,0.0016532226746701626,2.3151334104914136,-1.3447279434368276,-1.256756450626373,-0.015420555025694171,0.09507640067911716,-0.01197852127220167,-0.008710801393728262,0.03571428571428559,0.06465517241379337,0.04268585131894476,0.14634146341463405,-0.00457856399583767,0.005283018867924483,-0.02298850574712641,0.0538827258320127
70,2013-09-30,0.04373923658212231,0.07064432747602156,0.05953600250227909,0.09520096032291958,0.02789405134501477,0.014959505029192853,0.04210682645866149,0.04422422526430636,0.05208333333333348,0.04210526315789487,0.09064424653285474,-0.9322853516887382,-2.4579543427858037,-15.620345862008117,0.22898492245657145,0.03049095607235142,-0.0008361204013378477,-0.006151142355008688,0.03325123152709386,-0.006072874493927127,0.0050597976080957174,0.2127659574468084,-0.015053313819778369,0.011261261261261035,-0.0117647058823529,-0.022414526883245856
71,2013-12-31,0.09348995272024774,0.02600522821023965,0.10550706569012223,0.8023692315615409,0.07611631427841359,0.08037122028130317,0.04640960660268045,0.04403661737086284,0.059405940594059466,0.050505050505050615,0.07316751134990196,27.081934090434057,-6.624636839047066,-1.015255843144828,-0.0028424743019184184,0.028084252758274756,0.0029288702928871317,0.007073386383731117,0.07747318235995215,-0.004073319755600879,0.003661327231121225,0.17543859649122814,-0.015920186796858467,0.02301410541945081,-0.02380952380952384,-0.4307357422725294
72,2014-03-31,0.010080207158592593,0.014853208182122438,0.014107548884474188,-0.03334041461526893,0.005574033863855688,0.0002721285024502862,-0.053748541855411225,-0.055968882349787696,-0.056074766355140186,-0.05769230769230771,-0.041012464154907564,-0.904746191634,-1.114093083949543,-54.988132911392405,0.15389732961375135,0.08487804878048766,-0.025448477263245728,-0.034240561896400346,0.012168141592920456,0.006134969325153339,0.03465572275421813,0.14925373134328354,-0.004529767040552191,-0.026850507982583482,0.0,0.049862343224227564
73,2014-06-30,0.0460814840222703,0.08048702015030895,0.055294284537784184,0.0999798226967672,0.035428566261674684,0.05465004486089908,0.10397241586463246,0.10379031189465128,0.0990099009900991,0.11224489795918367,-0.1084481814279159,2.861641445055088,-1.8896778497903164,-0.5840990020662065,0.05546945237071488,0.060701438848920874,-0.0029965753424657797,-0.012727272727272698,0.0371584699453551,0.048780487804878085,0.05024239753195237,0.1298701298701299,-0.01018418201516802,-0.004474272930648726,-0.012195121951219412,-0.017725330225330294
74,2014-09-30,0.05132017860156824,-0.025939634096150518,0.09531842768559272,-0.09136385065250296,-0.0003899478759595842,0.033914890897081884,0.04389032802961168,0.04158758832003295,-0.4774774774774776,-0.4770642201834864,0.2402798301979732,2.4416902738432484,4.062992125984252,-4.648221552772052,-0.19172970966120195,0.059559135226791016,0.004293688278230956,-0.014732965009208175,0.013698630136986134,0.02131782945736416,0.023499790180445013,0.13793103448275867,-0.04903677758318736,-0.008988764044943864,-0.012345679012345734,0.07198299302911937
75,2014-12-31,0.02557456329890861,0.03899931565582593,0.06097155010405775,-0.3277600509709097,-0.023103596580828945,0.0498770185951416,0.057889878366637726,0.06185821620464638,0.06896551724137945,0.07017543859649122,0.22030835136883908,-0.8334551654532449,-1.8263348885432864,-1.463285430067026,0.10985235951014838,0.010402080416083148,0.03334758443779395,0.0037383177570093906,-0.025987525987525958,-0.003795066413662118,-0.025420254202542014,0.1313131313131315,-0.04765193370165744,0.003023431594860293,0.0,0.5455887100493475
76,2015-03-31,-0.0001992315355059393,0.008475785508404332,-0.010442395637181743,-0.11467100229533278,0.014617871637889525,-0.06968886346557203,-0.06683571072933614,-0.07069537621848476,-0.06451612903225812,-0.06557377049180335,-0.3114292505439453,0.6038690546233321,-0.5173226128594475,-0.9895767102012736,0.0010320982557538994,0.10987923183528013,0.023582954075300092,0.0009310986964619072,0.01921024546424777,0.1390476190476191,0.06478754732856529,0.11607142857142838,0.014986705342035169,0.014318010550112838,-0.012499999999999956,0.13908035687643605
77,2015-06-30,0.028908562969710783,0.01669590808761101,0.019647093712930053,0.06373555147455989,0.03905217126004268,0.01838595433652324,-0.00660066006600657,-0.004449388209121219,0.0,-0.01754385964912264,0.24535315985130104,-1.6441672780630958,0.3793103448275863,271.9,0.2813692133209609,0.024794862647163685,-0.002021018593371116,-0.019534883720930263,0.03769633507853398,0.006688963210702115,-0.01106282101935985,0.09600000000000007,0.009764229578471006,-0.0014858841010401134,-0.012658227848101222,-0.044218578089799336
78,2015-09-30,0.035538893576991804,0.07501113337786691,0.04321481373760872,0.0981009444500862,0.025513033832501364,0.07998520162782086,0.1478405315614617,0.14245810055865915,0.13793103448275867,0.1607142857142856,0.2170575692963752,-0.2915717539863326,-1.1384615384615384,0.21949432026383286,0.2677824267782427,-0.07293298520452574,0.016200891049007682,0.008538899430740043,0.029263370332996974,-0.10797342192691016,-0.07870555333599694,0.10218978102189767,-0.009669811320754729,0.011904761904762085,-0.012820512820512886,-0.021021761771638503
79,2015-12-31,-0.003633643261729213,-0.0031846309194003553,-0.02885553645276706,-0.06741884768334416,0.030286641427798914,-0.019936969032611662,-0.02267245537867824,-0.02102689486552567,-0.015151515151515138,-0.030769230769230767,0.12929222144358787,-1.6591639871382635,-14.555555555555555,-0.5144230769230769,0.10256410256410264,-0.009387908374014264,-0.017935432443204502,-0.00470366886171214,0.030392156862745205,-0.03724394785847307,-0.04249783174327848,0.0927152317880795,0.034055727554179516,0.008088235294117618,-0.012987012987012991,0.06887090904000681
80,2016-03-31,0.05786763917194038,-0.2234805194805195,0.06837320574162686,0.06069020230067435,0.04560753435232368,0.014470464872422316,-0.21816386969397827,-0.21778221778221774,-0.2153846153846154,-0.2063492063492064,-0.3974557865342848,28.92926829268293,-0.694672131147541,-7.4987623762376225,-0.6045360349988487,-0.02160727824109176,-0.06371753246753252,-0.05860113421550106,0.04662226450999052,-0.05029013539651839,-0.029891304347825942,0.08484848484848495,-0.011515430677107252,-0.05178701677607578,0.0,-0.2678959637497053
81,2016-06-30,0.017363751584283937,0.05636205512443127,-0.0028438353710421587,0.02842183994016456,0.043824936506998924,0.06684123484013238,0.3036616161616161,0.318646232439336,0.3137254901960784,0.30000000000000004,0.2543769309989701,-0.9574606796512102,1.335570469798658,-1.1018853551704435,0.15574963609898118,0.11565284773343687,0.000866926744690133,0.008032128514056325,0.040909090909090784,0.06720977596741351,0.1489262371615312,0.07821229050279332,0.025862068965517127,0.0030769230769229767,0.0,0.027154663518299985
82,2016-09-30,0.04270586769652418,0.07824324752224432,0.03637915160225469,0.37590909090909097,0.049057884909183384,0.056646428110063374,0.08619854721549647,0.08619854721549647,0.08955223880596996,0.0923076923076922,0.19417077175697872,4.088122605363985,-1.4511494252873562,-0.44299065420560746,0.07506297229219139,0.05625976732071525,-0.01602425292334331,-0.005976095617529875,0.049781659388646426,0.013358778625954136,0.01706623323852097,0.07253886010362698,0.006132182602770707,-0.004601226993865004,0.0,-0.2163357715081855
83,2016-12-31,0.01540060694401291,0.05462234230001184,0.03477714459058312,0.08040964651470106,-0.008926645091693608,0.009291521486643363,0.041908158716005284,0.041908158716005284,0.04109589041095885,0.056338028169014225,0.19938123066345811,-0.7447289156626506,-3.0859872611464967,2.0369127516778525,0.21204311152764754,0.08400460299194479,0.010563380281690016,0.006012024048096309,-0.006655574043261225,0.033898305084745894,0.05793048341989615,0.07729468599033829,-0.023927765237020338,0.006163328197226425,0.013157894736842035,-0.023867727454553345
84,2017-03-31,0.024556696906585795,0.036533749164624714,0.037838177401792406,-0.03173923679060664,0.007973006068192401,-0.05511477197020165,-0.03765511339323924,-0.03765511339323924,-0.039473684210526334,-0.053333333333333344,-0.31842934938377754,-1.1312684365781709,-0.18015267175572516,0.15082872928176805,0.2013338488304659,0.04625417045799218,0.059668989547038365,0.054780876494023856,0.015075376884422063,0.052823315118397,-0.0018882175226586642,0.0717488789237668,-0.01618871415356149,0.06508422664624812,-0.012987012987012991,0.07048538384482272
85,2017-06-30,0.053460275168247806,0.07253384912959371,0.060670258055404165,0.08248594707256984,0.046082824901463086,0.0682007563617717,0.11827478879501994,0.11827478879501994,0.12328767123287675,0.12676056338028174,0.1791421362489487,-24.528089887640448,-0.7951582867783985,-0.6447431589054249,0.059538176844476716,0.05261632120597204,0.026715988491574198,0.016052880075543063,0.04702970297029707,0.03633217993079585,-0.025728339008702198,0.06694560669456062,-0.007052186177715082,0.03163191948238664,-0.013157894736842146,-0.009187579753296428
86,2017-09-30,0.047520413391620935,0.09029656347059413,0.04612897089594825,-0.16348678452651846,0.04962708715063613,0.10459045904590457,0.1033797216699801,0.1033797216699801,0.10975609756097572,0.09999999999999988,-0.2931526390870185,-0.558261700095511,-2.5454545454545454,0.8283783783783785,0.1027412863543169,0.08248416414210946,0.032025620496397116,0.020446096654274992,0.049645390070921946,0.03338898163606019,0.027961165048543624,0.0745098039215688,0.0021306818181818787,0.024390243902439046,0.0,0.3033828453679057
87,2017-12-31,0.041118557988510496,0.06963173975970037,0.08382580234566772,0.10162516565529756,-0.019030291109362718,0.056008257279443814,-1.3726126126126126,-1.3726126126126126,-1.362637362637363,-1.375,1.1584258324924317,-0.057297297297297274,-6.435294117647059,0.9726533628972652,0.18379011155488234,0.11716066658185965,-0.35453840186190844,-0.3679417122040072,-0.019519519519519468,0.06462035541195467,0.056667925953910014,0.06934306569343063,-0.05787857311599344,-0.3687074829931973,0.0,-0.029017489542505163
88,2018-03-31,-0.05999660132548301,-0.15440292096219932,-0.08802952772418426,0.3832468025832594,-0.019023509950373496,-0.03961109110550953,-3.5686653771760155,-3.5686653771760155,-3.636363636363636,-3.5454545454545454,-0.6956521739130435,0.6318807339449541,6.8809523809523805,-3.69351817159985,-0.4181839334535513,0.0007970849464815633,0.04867788461538458,0.043227665706051965,-0.006125574272588086,0.021244309559939282,0.5255631033249912,0.06484641638225264,0.04363089267803422,0.018318965517241548,0.026666666666666616,-0.3887042062415197
89,2018-06-30,0.011335963503727342,0.021411698966244286,0.048180580595312605,0.07145145786606855,-0.039040343391502086,0.06133161926187802,0.07228915662650602,0.07228915662650602,0.09195402298850563,0.08333333333333348,1.0360983102918588,-0.01054111033028815,-0.838368580060423,-0.95020169703714,-0.035792841431713684,-0.01934235976789167,0.05558739255014333,0.03867403314917128,-0.035439137134052445,-0.013372956909361132,-0.0775720646824467,0.07371794871794868,-0.04973570398846705,0.004232804232804144,0.025974025974025983,-0.04666777648299203
90,2018-09-30,0.02442614849163549,0.06467896752374802,-0.001474279095073472,0.08646616541353391,0.06588498045784474,0.07449278288079131,0.1116573033707866,0.1116573033707866,0.10526315789473696,0.10989010989010994,0.2795171633345908,-0.5227272727272727,0.8920985556499574,-1.9469273743016762,0.03515138946495222,0.06230421162547861,0.058089033659066265,0.05053191489361697,0.06230031948881809,0.10090361445783123,0.011432926829268329,0.06865671641791038,0.04045512010113761,0.015806111696522684,0.03797468354430378,-0.020081490104773114
91,2018-12-31,0.031028678176256763,0.0677566273502277,0.051218954880213774,-0.03613557722554261,0.0020205043777594693,0.044950681070925265,0.06759317751105498,0.06759317751105498,0.07619047619047614,-0.029702970297029733,0.11497641509433952,0.3616071428571428,-0.9932644813650652,7.289085545722713,0.2814785134729039,-0.07131935342944518,0.5751667521806054,0.5759493670886076,0.013533834586466176,-0.12585499316005466,-0.1210751067570962,0.06424581005586583,-0.02818955042527338,0.5238589211618259,0.03658536585365857,0.1078111078111077
92,2019-03-31,0.0162470507421677,-0.09714323212879517,0.009530656946511229,-0.3272141312772815,0.026412745830221462,-0.11965658291005532,-0.20857988165680474,-0.20857988165680474,-0.20353982300884946,-0.11224489795918367,-0.09148598625066108,4.192349726775956,120.06666666666666,-2.101779359430605,-0.2420073477683108,0.011054921792308605,-0.011726384364820873,-0.01847389558232926,0.02373887240356076,-0.0015649452269169695,-0.3429551300371535,0.06036745406824151,0.010002500625156284,-0.009530292716133482,-0.0117647058823529,0.3419302949061662
93,2019-06-30,0.04172176996698696,0.022919442761962342,0.06510757407622103,0.2447853504729567,0.006111906090077834,0.029001787081950562,0.07813084112149538,0.07813084112149538,0.07777777777777772,0.06896551724137945,-0.061699650756693813,-0.09913702378446644,-1.6971365638766518,-1.0406976744186047,0.01299370939465816,0.1172502035593812,-0.020764667106130563,-0.02454991816693941,0.010869565217391129,0.09090909090909084,0.10830795998260112,0.05693069306930676,-0.034166872988363406,-0.0006872852233675841,-0.02380952380952384,-0.1782075358612697
