,Quarter end,Assets,Current Assets,Liabilities,Current Liabilities,Shareholders equity,Revenue,Earnings,Earnings available for common stockholders,EPS basic,EPS diluted,Cash from operating activities,Cash from investing activities,Cash from financing activities,Cash change during period,Cash at end of period,Price,ROE,ROA,Book value of equity per share,P/B ratio,P/E ratio,Cumulative dividends per share,Equity to assets ratio,Net margin,Asset turnover,Current ratio
0,1994-01-01,0.021354484441732824,0.0658965180605271,0.024567887813892846,0.00824524312896413,0.017243776943401512,0.07623184064699706,0.1071428571428572,0.1071428571428572,0.11111111111111116,0.04444444444444429,189.66666666666663,1.2109375,-4.717948717948718,-0.9574468085106383,-0.8103448275862069,0.0517613227893603,0.07389830508474593,0.046511627906976605,0.017214397496087663,-0.03056768558951961,0.02033172819689666,inf,-0.0038750854798266228,0.04699738903394235,0.0060975609756097615,0.05718023703247632
1,1994-04-02,0.021354484441732824,0.0658965180605271,0.024567887813892846,0.00824524312896413,0.017243776943401512,0.07623184064699706,0.1071428571428572,0.1071428571428572,0.11111111111111116,0.04444444444444429,189.66666666666663,1.2109375,-4.717948717948718,-0.9574468085106383,-0.8103448275862069,0.0517613227893603,0.07389830508474593,0.046511627906976605,0.017214397496087663,-0.03056768558951961,0.02033172819689666,inf,-0.0038750854798266228,0.04699738903394235,0.0060975609756097615,0.05718023703247632
2,1994-07-02,0.04336917562724008,0.08029308502518706,0.0599469496021221,0.043824701195219085,0.022009569377990482,0.07623184064699706,0.1071428571428572,0.1071428571428572,0.11111111111111116,0.04444444444444429,189.66666666666663,1.2109375,-4.717948717948718,-0.9574468085106383,-0.18181818181818174,-0.012987012987013102,0.07389830508474593,0.046511627906976605,0.03846153846153855,-0.03056768558951961,0.02033172819689666,1.0,-0.020594965675057364,0.04699738903394235,0.0060975609756097615,0.034942127101987415
3,1994-10-01,0.020038932783694063,0.005369506853186268,0.02492492492492482,0.0285255122539172,0.013509898341359072,0.021013080990815558,-0.0035842293906810365,-0.0035842293906810365,0.0,0.04444444444444429,0.4702797202797202,0.6007067137809188,0.26206896551724146,-13.5,2.7777777777777777,0.11288088642659287,0.07389830508474593,0.046511627906976605,0.02074074074074073,0.07207207207207202,0.02033172819689666,0.5,-0.006308411214953179,0.04699738903394235,0.0060975609756097615,-0.022578603080818715
4,1994-12-31,-0.01038392456219128,-0.04862965565706257,0.009961910342807023,0.08222656250000004,-0.03787778804276098,0.004088864658579715,0.025179856115107983,0.025179856115107983,0.040000000000000036,0.04444444444444429,0.4673008323424495,0.565121412803532,0.4426229508196722,-1.12,-0.08823529411764708,0.042314872433105055,0.07389830508474593,0.046511627906976605,-0.00870827285921616,0.021008403361344685,0.02033172819689666,0.3611111111111112,-0.027745121090994692,0.04699738903394235,0.0060975609756097615,-0.12089810017271152
5,1995-04-01,0.06862911916510694,0.12217461958930408,0.08480804564355471,0.05901461829994581,0.04567901234567895,0.049545269444821516,0.21052631578947367,0.21052631578947367,0.25,0.04444444444444429,-0.8727714748784441,-0.39351198871650217,-1.518939393939394,-2.0,0.096774193548387,0.0991044776119403,0.07389830508474593,0.046511627906976605,0.046852122986822835,0.11111111111111116,0.02033172819689666,0.2857142857142858,-0.0215235792019346,0.04699738903394235,0.0060975609756097615,0.059675834970530424
6,1995-07-01,0.01958494772039709,0.028304370721432326,0.014797646639329587,-0.06356509884117245,0.026629935720844825,0.00944128297982405,0.034782608695652195,0.034782608695652195,0.030769230769230882,0.04444444444444429,1.3248407643312103,-0.03488372093023251,-0.8394160583941606,-3.333333333333333,-0.2058823529411765,0.1238457360130365,0.05366161616161613,0.046511627906976605,0.029370629370629286,0.07037037037037043,0.02033172819689666,0.22222222222222232,0.006920415224913379,0.04239401496259343,0.0,0.09810737736577836
7,1995-09-30,-0.010567412805830291,-0.02266035078735118,-0.018271257905832727,-0.0005459508644222176,0.0006388959877332567,0.0038436899423446307,0.0028011204481792613,0.0028011204481792613,0.0,0.04444444444444429,0.5643835616438355,0.10602409638554212,-3.272727272727273,-2.7142857142857144,0.4444444444444444,-0.01836636056065744,0.0545236668663871,0.046511627906976605,0.0,-0.04498269896193785,-0.08966963817514427,0.16883116883116878,0.011291114383898073,0.04784688995215314,0.0,-0.02215969046781574
8,1995-12-30,0.033093070973851724,0.04807440398218499,0.027022190408017236,0.22450837581937355,0.04175711914187197,-0.008679004467134654,0.05307262569832405,0.05307262569832405,0.059701492537313376,0.04444444444444429,0.3765323992994747,-1.3856209150326797,6.32,18.25,5.9230769230769225,0.120137863121615,0.03863636363636358,0.040277777777777864,0.05027173913043481,0.11956521739130445,0.044354838709677484,0.16666666666666674,0.00849514563106779,0.052511415525114284,-0.01818181818181808,-0.14410071942446034
9,1996-03-30,-0.000203707476064352,-0.003999500062492167,-0.002613695765812829,-0.0724163568773234,0.0031870556508948322,0.02562121797347761,0.0610079575596818,0.0610079575596818,0.07042253521126772,0.04444444444444429,-1.0089058524173031,-2.8135593220338984,-1.151639344262295,-1.9393939393939397,-0.8037037037037037,0.15120879120879116,0.02024070021881852,0.02803738317757021,0.0025873221216041738,0.09708737864077688,0.0700496414782128,0.1428571428571428,0.003369434416365946,0.032537960954446936,0.0,0.07380011767672534
10,1996-06-29,-0.0015281173594131616,-0.0156857824068265,0.0,-0.056428342417441435,-0.003665689149560114,0.001380868691940762,0.040000000000000036,0.040000000000000036,0.039473684210526334,0.04444444444444429,-86.85714285714286,0.2149532710280373,-2.918918918918919,-0.9907834101382488,-0.03773584905660377,0.07025582283314248,0.028954423592493225,0.03506493506493502,0.002580645161290196,0.06784660766961648,0.02835051546391765,0.12500000000000022,-0.002158791076996791,0.033613445378151134,0.0,0.04320939334637952
11,1996-09-28,0.028619528619528545,0.054054054054053946,0.0386093640810623,0.10873258579680599,0.014594064262938522,0.02707784881534403,0.12019230769230772,0.12019230769230772,0.12658227848101267,0.04444444444444429,0.8069883527454242,-0.2025641025641025,2.629107981220657,-2.0,0.03921568627450989,-0.05886550124866219,0.05523710265763437,0.053952321204517206,0.02187902187902191,-0.060773480662983485,-0.09724310776942346,0.11111111111111094,-0.013701923076923195,0.056910569105691027,-0.006172839506172867,-0.04937345238988522
12,1996-12-28,0.010117542032435756,-0.02697145621673924,0.01320437342304448,0.06328532025743172,0.005681131391272798,-0.012693762968387643,0.0236051502145922,0.0236051502145922,-0.4831460674157303,0.04444444444444429,0.2523020257826887,1.42443729903537,-0.19663648124191455,-8.5,-0.28301886792452835,0.20507960576194084,0.0553086419753086,0.05000000000000005,-0.13476070528967254,0.17647058823529416,0.12048861743475835,0.5266666666666666,-0.0043870338776506035,0.05000000000000005,0.006211180124223503,-0.08485279027547554
13,1997-03-29,-0.008494132665586518,0.009819763828464943,-0.0005810575246949501,-0.08949416342412453,-0.019951923076923058,0.02472493509704532,0.01048218029350112,0.01048218029350112,0.021739130434782483,0.04444444444444429,-0.7330882352941177,-0.6657824933687002,-0.8518518518518519,-2.1333333333333333,0.4473684210526317,0.20918527838943055,0.0472625175479644,0.039682539682539764,-0.017467248908296984,0.3999999999999999,0.13379583746283452,0.07423580786026207,-0.0115055079559363,0.0366300366300365,0.0,0.10902190788338806
14,1997-06-28,0.03600079231454889,0.0733628754308222,0.051910299003322224,0.020576131687242816,0.012509197939661432,0.01918204849800942,0.029045643153526868,0.029045643153526868,0.021276595744680767,0.04444444444444429,0.4325068870523416,1.0,-1.2934782608695652,1.3529411764705883,0.7272727272727273,-0.02757544224765851,0.040214477211796266,0.02617230098146117,0.016296296296296253,-0.010714285714285676,-0.06643356643356646,0.06910569105691056,-0.02278355621594841,0.028268551236749095,0.0,0.05179654689687352
15,1997-09-27,-0.01500884278954162,-0.032683486238532115,-0.0251875246742993,-0.02124689826302728,0.000605620155038844,-0.010890151515151492,0.060483870967741986,0.060483870967741986,0.0625,0.06382978723404252,1.3480769230769232,-0.02182539682539686,-29.14814814814815,-1.8,-0.33684210526315794,0.102728731942215,0.0317869415807559,0.025504782146652527,0.005830903790087438,0.08483754512635366,0.05758426966292141,0.06463878326996197,0.015965534718702434,0.02577319587628879,0.0,-0.011682934043182549
16,1997-12-27,-0.006890862328335024,-0.05927682276229995,-0.02049246719585296,-0.0019014419267945335,0.013436629947948251,0.0009573958831976537,0.034220532319391594,0.034220532319391594,0.03921568627450989,0.020000000000000014,0.2940212940212941,0.30020283975659234,0.27763157894736845,-0.0625,-0.4761904761904762,-0.005337214944201807,0.03205661948376348,0.033160621761658016,0.02753623188405796,-0.011647254575707032,-0.03452855245683939,0.07499999999999996,0.020453978548266468,0.025125628140703515,0.006172839506172646,-0.057534041598084625
17,1998-03-28,0.008209137551917989,0.029993698802772476,0.03894815182336897,-0.015081759009366591,-0.03619206880076442,0.008608321377331363,-0.003676470588235281,-0.003676470588235281,0.0,0.019607843137254832,-0.6943037974683544,-0.4040561622464899,-0.8990731204943357,-1.1,0.09090909090909084,0.16780487804878064,0.03186768858410649,0.02407221664994985,-0.02961918194640334,0.13636363636363624,0.13755158184319116,0.06976744186046524,-0.04399902224395014,0.02450980392156876,0.0,0.045804556640469896
18,1998-06-27,0.0179324383269519,0.017618989355193904,0.0050143266475644035,0.03304319793681487,0.03804684595364982,0.03307254623044087,0.05904059040590415,0.05904059040590415,0.05660377358490565,0.05769230769230771,1.0662525879917184,0.18586387434554966,4.551020408163264,-0.6666666666666667,0.027777777777777683,0.0964912280701753,0.03322908522283008,0.0352595494613126,0.040697674418604717,0.13037037037037025,0.058041112454655375,0.0652173913043479,0.019688059319866943,0.028708133971291794,0.006134969325153339,-0.014953696675269357
19,1998-09-26,0.0163786125791554,0.028856558855356432,0.008711491248911019,-0.03432672803869563,0.027936962750716443,-0.012966150315547929,-0.02787456445993031,-0.02787456445993031,-0.017857142857142905,-0.018181818181818188,-0.16633266533066138,-0.26710816777041946,-0.10110294117647056,11.0,0.32432432432432434,0.02685714285714269,0.004161937192584286,0.0056764427625355385,0.034916201117318524,-0.013106159895150626,-0.012571428571428456,0.061224489795918435,0.011283851554664048,0.007751937984496138,0.0,0.06542344147337588
20,1999-01-02,0.003700754204337908,-0.06275563865840827,0.0279500667347099,0.07335595411213447,-0.032171893147502906,0.028365496396187018,0.0017921146953405742,0.0017921146953405742,0.0181818181818183,0.0,1.3016826923076923,2.036144578313253,0.5848670756646217,10.333333333333334,2.7755102040816326,-0.16045260619551105,0.007912584777693965,-0.00470366886171214,-0.012145748987854256,-0.18857901726427614,-0.1763117283950617,0.06593406593406592,-0.035705430200842936,-0.007692307692307666,0.0,-0.1267901055981484
21,1999-04-03,0.08013628302062914,0.1082294264339152,0.18826854044145724,0.11832003612825524,-0.08976359054362171,0.0557314040244179,-0.6708407871198571,-0.6708407871198571,-0.6607142857142858,-0.6666666666666667,-0.6454308093994778,-0.3472222222222222,-0.8774193548387097,-1.5882352941176472,-0.4324324324324325,0.09102960671674776,-0.1480373831775702,-0.18431001890359167,-0.08879781420765033,0.10474631751227492,0.07587822014051504,0.061855670103092786,-0.15736693237336086,-0.1813953488372093,-0.0060975609756097615,-0.00902841050277492
22,1999-07-03,0.0050987339584323,0.026890189018901944,-0.009769893302481014,0.014941445685825894,0.03559657218193801,-0.00578220366206228,2.4619565217391304,2.4619565217391304,2.3684210526315788,2.5,0.7216494845360826,-0.6033434650455927,9.021052631578947,-0.475,-0.4,0.2733900364520048,0.05046072838964455,0.006952491309385911,0.0359820089955023,0.3970370370370371,0.5124074880278626,0.058252427184466,0.030515715593530723,0.017045454545454586,-0.006134969325153228,0.011785356068204631
23,1999-10-02,0.08284252611667609,0.05467294839487247,0.12118655069453466,0.04283819628647212,0.007638446849140612,0.035002692514808816,0.03610675039246458,0.03610675039246458,0.03125,0.03174603174603185,-0.18905047048759627,5.540229885057472,-1.7909663865546217,-0.8809523809523809,-0.07936507936507943,-0.07665394402035619,0.07560568086883879,0.009205983889528202,0.015918958031837738,-0.10922587486744427,-0.11571675302245255,0.05504587155963292,-0.06958839206396218,0.02420856610800759,-0.01851851851851849,0.011317637339942177
24,2000-01-01,0.029259965062728318,-0.006856430500727151,0.0320152839692005,0.08152104794607662,0.023246999368288,-0.01685744016649326,0.01969696969696977,0.01969696969696977,0.03030303030303028,0.030769230769230882,0.6413502109704641,-0.2893966022261277,-1.4382470119521913,-3.2,0.18965517241379315,0.07371684464347239,0.06368932038834929,0.007981755986317118,0.02564102564102577,0.05714285714285716,0.0146484375,0.05869565217391304,-0.005728835136855404,0.040000000000000036,-0.02515723270440251,-0.08168599901976792
25,2000-04-01,0.040732883317261326,0.05868200836820092,0.049702681476494925,-0.03033866415804332,0.02099024570934693,0.02169771380186281,0.043090638930163516,0.043090638930163516,0.044117647058823366,0.04477611940298498,-0.6311053984575836,-0.09480626545754324,-2.6787878787878787,1.6363636363636362,0.4202898550724639,0.06929740134744944,0.21431179262504574,0.1934389140271493,0.023611111111111027,0.04279279279279269,0.0041706769329483695,0.05544147843942504,-0.018886043533930863,0.2290209790209789,-0.03225806451612912,0.0917986123465575
26,2000-07-01,0.01260146028686848,0.04159668016994367,0.012077811030354768,0.014188697550327369,0.013786431249244169,0.02911012120584266,0.03703703703703698,0.03703703703703698,0.042253521126760514,0.042857142857142934,0.9686411149825784,-0.4717668488160292,-2.0505415162454868,-2.1724137931034484,-0.3469387755102041,-0.044104410441044066,0.017137702946482314,-0.006635071090047351,0.020352781546811416,-0.06587473002159816,-0.231629392971246,0.05252918287937747,0.0009787928221860476,0.017069701280227445,-0.020000000000000014,0.027049046765520446
27,2000-09-30,-0.00644193111525937,-0.0148928097135268,0.014309853205195957,0.020447207939734646,-0.053322199689848526,0.00835514395007042,0.002747252747252737,0.002747252747252737,0.0,0.0,0.0814159292035399,0.096551724137931,-0.022336769759450203,-1.3823529411764706,0.203125,-0.11723163841807906,0.02483003251551885,0.006679389312977069,-0.04388297872340419,-0.1352601156069364,-0.1496881496881497,0.049907578558225474,-0.04693611473272497,0.013986013986013957,-0.013605442176870763,-0.03466603204823093
28,2000-12-30,-0.005673236323448183,-0.054020221473278784,-0.02597740642407209,-0.06175298804780871,0.0434727822580645,-0.06848357791754023,-0.07534246575342463,-0.07534246575342463,-0.06756756756756765,-0.06849315068493145,-0.04009819967266781,0.3223270440251573,-0.4850615114235501,1.8461538461538465,0.4805194805194806,-0.10666666666666667,-0.004903374675512051,-0.008530805687203769,0.04450625869262858,-0.06550802139037437,-0.13154034229828834,0.052816901408450745,0.04924760601915201,0.0041379310344829,-0.006896551724137946,0.008217602103706145
29,2001-03-31,0.0424956466970472,0.046213355048859935,0.04607161945483696,0.16572998626202073,0.034416133317232145,0.032258064516129004,-0.057777777777777824,-0.057777777777777824,-0.05797101449275355,-0.0441176470588236,-0.5882352941176471,0.39833531510107023,-3.689419795221843,1.4594594594594597,0.7982456140350878,0.06228855721393045,-0.031884057971014346,-0.033460803059273465,0.034620505992010615,0.017167381974249052,0.05855855855855841,0.050167224080267525,-0.007822685788787531,-0.02197802197802201,-0.01388888888888895,-0.10253484391555967
30,2001-06-30,0.01016419077404218,0.04115586690017503,-0.0007153075822603494,0.033319048639382835,0.0350221807144524,-0.002491694352159457,-0.05974842767295596,-0.05974842767295596,-0.061538461538461535,-0.061538461538461535,0.12836438923395455,-0.6972789115646258,-1.3705583756345177,-2.120879120879121,-0.4975609756097561,0.02210565754964411,-0.06077844311377256,-0.05637982195845692,0.03603603603603611,-0.012658227848101332,0.04042553191489362,0.04777070063694256,0.024638633377135344,-0.0393258426966292,-0.021126760563380254,0.007628734901462098
31,2001-09-29,0.004468055164649654,-0.013550135501354976,-0.0158502914408426,-0.03328149300155525,0.0492894202571621,0.0061407160699418215,0.03177257525083621,0.03177257525083621,0.03278688524590168,0.03278688524590168,1.598165137614679,0.4747191011235956,1.8150684931506849,-1.7058823529411766,0.6990291262135921,-0.11455278592375362,-0.08001275103602158,-0.05555555555555558,0.05217391304347818,-0.14529914529914525,-0.07515337423312872,0.045592705167173175,0.04456556588650207,-0.033625730994151996,-0.021582733812949503,0.020369535826949337
32,2001-12-29,-0.012573990403138223,-0.0692497158014399,-0.018183707398171208,0.02027027027027017,-0.0009674298613350231,-0.055963587462501296,-0.058346839546191236,-0.058346839546191236,-0.04761904761904767,-0.07936507936507943,-0.07415254237288138,0.19238095238095232,-0.1909975669099757,-0.7777777777777778,0.0914285714285714,0.06706685986338212,-0.06444906444906451,-0.04661487236403994,-0.0011806375442738881,0.014999999999999902,0.10889994472084008,0.047965116279069735,0.011970534069981607,-0.033282904689863946,-0.014705882352941237,-0.0877130995495099
33,2002-03-30,0.002270147559591429,0.029211195928753094,-0.007990263519949248,-0.03731735519814994,0.023133204217774983,0.019943019943019943,0.11531841652323573,0.11531841652323573,0.10000000000000007,0.13793103448275867,-0.7742181540808544,-0.4728434504792333,-1.0120300751879698,-2.9375,-0.16230366492146595,0.14083414161008734,-0.02074074074074073,0.0034924330616996624,0.02364066193853409,0.14121510673234816,0.18693918245264207,0.04576976421636614,0.02062481043372766,0.014084507042253502,-0.0074626865671642015,0.0691324554608832
34,2002-06-29,0.1902958663646659,0.2461431962025316,0.2393449618605643,0.4652762611924002,0.09359554106635826,0.1348302535453374,0.13888888888888884,0.13888888888888884,0.13636363636363624,0.1212121212121211,3.6689189189189193,6.124242424242424,131.5,-4.193548387096774,0.6187499999999999,0.09777248767216462,0.015128593040847129,0.010440835266821269,0.09353348729792144,0.07194244604316546,0.0932381352372953,0.04376657824933683,-0.08112927191679065,0.03086419753086433,-0.022556390977443663,-0.14961057779387787
35,2002-09-28,-0.018196414236018144,-0.01476073327513694,-0.017861754325557366,-0.09315150160220588,-0.01894412924319644,0.055097983527407024,-0.1449864498644986,-0.1449864498644986,-0.1466666666666666,-0.1351351351351351,0.1063675832127351,-0.8345384942577627,-2.037735849056604,-0.696969696969697,0.11583011583011582,-0.08534696406443631,-0.017511177347243057,-0.03099885189437424,-0.019007391763463773,-0.1624161073825503,-0.13100268920476374,0.04193138500635318,-0.0006468305304009325,-0.0314371257485031,0.0,0.0864749733759318
36,2002-12-28,0.10608400714696707,-0.020942408376963373,0.13764845085235988,0.06508340866135254,0.035483238580670484,-0.008254822790489058,-0.12044374009508718,-0.12044374009508718,-0.12499999999999988,-0.140625,0.3217789404839764,5.89974293059126,-1.5472727272727274,-3.033333333333333,-0.2110726643598616,0.023708721422523338,-0.04095563139931735,-0.07227488151658779,0.029063509149623405,0.043269230769230616,0.01989389920424389,0.043902439024390505,-0.06407766990291253,-0.0556414219474497,-0.015384615384615441,-0.08076847676926091
37,2003-03-29,0.02787208410907893,0.05265322912381731,0.01379044684129438,0.015739526271121074,0.062476334721696336,0.04098434814077634,0.2756756756756757,0.2756756756756757,0.26785714285714257,0.2909090909090908,-0.8104898565066798,-0.8125931445603577,-0.6411960132890365,-2.7049180327868854,0.456140350877193,-0.04499586435070313,-0.017793594306049876,-0.04469987228607908,0.06276150627615062,-0.07219662058371734,-0.033810143042912966,0.04205607476635498,0.03388658367911468,-0.026186579378068786,-0.015625,0.036361697590104436
38,2003-06-28,0.06976186670928564,0.09441187964048448,0.05319553157534762,0.0969236612229396,0.10860655737704916,0.03615504953937077,0.0070621468926552735,0.0070621468926552735,0.014084507042253502,0.0,2.0026109660574414,0.32007952286282304,-2.9212962962962963,-0.06730769230769229,0.2921686746987953,-0.05750909405854843,-0.05515297906602257,-0.053475935828877,0.1082677165354331,-0.11258278145695357,-0.07537012113055186,0.04035874439461873,0.036120401337792714,-0.04033613445378148,-0.015873015873015928,-0.002263607367013032
39,2003-09-27,-0.014118174348248247,-0.03520674141255442,-0.0267696081968396,-0.023267086766844414,0.014064132443944331,0.009981546720349009,-0.06732117812061711,-0.06732117812061711,-0.06944444444444431,-0.05633802816901401,-0.015652173913043518,-0.18975903614457834,0.6626506024096386,-2.164948453608248,-0.26340326340326337,-0.03822826686270908,-0.0391989774179804,-0.029661016949152574,0.014209591474245054,-0.1324626865671642,-0.02717127607957293,0.038793103448276016,0.028728211749515783,-0.005253940455341444,-0.024193548387096756,-0.01227183665051046
40,2003-12-27,0.03684901752790837,0.06654330125832719,0.03299228944246746,0.060616802552286415,0.04509430971627837,0.009633751349555686,-0.1082706766917293,-0.1082706766917293,-0.1044776119402986,-0.119402985074627,-0.3957597173144877,-1.0910780669144982,0.12753623188405805,-0.8141592920353982,-0.06645569620253168,0.01796292757500484,-0.03946784922394686,-0.014556040756914081,0.045534150612959616,0.002150537634408645,0.006483790523690747,0.03838174273858908,0.007844367743959912,-0.008802816901408494,-0.008264462809917328,0.00563792023386922
41,2004-03-27,-0.006844810367086396,-0.01693386078145609,-0.0217469317447786,-0.04211229946524064,0.024645484188974054,0.025499712100024663,-0.11298482293423273,-0.11298482293423273,-0.1166666666666666,-0.11864406779661008,-0.042397660818713434,-10.816326530612244,-0.7930591259640103,-1.8571428571428568,0.0610169491525423,0.1263375258119015,-0.10895660203139423,-0.08714918759231904,0.024288107202680157,0.07939914163090123,0.1095143706640238,0.03696303696303716,0.031755915317559065,-0.08703374777975137,0.0,0.026266611295681086
42,2004-06-26,0.0120916315118218,0.05012354394634655,0.00840058694057233,0.062177250523377525,0.019538188277087087,0.062003689740915975,0.3022813688212929,0.3022813688212929,0.3018867924528301,0.3076923076923077,0.7526717557251907,-0.18503118503118496,3.875776397515528,-2.833333333333333,-0.1054313099041534,0.02966666666666673,-0.03626943005181349,-0.017799352750809128,0.019623875715453883,0.00397614314115291,0.10808396605627513,0.035645472061657024,0.0072420036210019125,-0.03696498054474706,0.02500000000000013,-0.011330298431967756
43,2004-09-25,0.004337816551557072,0.0022857142857142247,-0.008403361344537784,-0.15938506011431575,0.029761904761904656,0.009214501510574014,0.0948905109489051,0.0948905109489051,0.0869565217391306,0.10294117647058808,0.3275261324041812,0.4974489795918367,-0.3375796178343949,-13.696969696969695,1.4964285714285714,-0.0048559404337974454,0.004838709677419395,0.02306425041186166,0.02967121090617475,-0.023762376237623783,0.0072551390568318394,0.034418604651162754,0.02546434991012592,0.008080808080808133,0.016260162601626105,0.19226440192366726
44,2005-01-01,0.061504681015346126,0.034542893554228904,0.04578472375082554,0.0842516608050019,0.09171013675454676,0.0731926358329591,0.1146666666666667,0.1146666666666667,0.10666666666666667,0.10666666666666667,0.20866141732283472,0.20783645655877336,0.9326923076923076,-0.6443914081145585,0.2131616595135908,-0.018542615484710367,0.05082932049224165,0.07568438003220601,0.09190031152647983,-0.04665314401622711,-0.04921968787514997,0.034172661870503614,0.0283377154542801,0.050100200400801535,0.024000000000000018,-0.045829042224510896
45,2005-04-02,-0.023435546564226084,-0.025933609958506243,-0.032238826913632224,-0.060765515750017984,-0.007231871892555032,-0.061157601115760074,-0.3098086124401914,-0.3098086124401914,-0.3012048192771084,-0.3132530120481928,-1.0146579804560258,-0.4668547249647391,-1.0845771144278606,-3.134228187919463,-0.375,-0.017069937023533318,-0.013747454175152662,0.004491017964072031,-0.007132667617688938,-0.09999999999999998,-0.1022727272727274,0.03304347826086973,0.01676136363636349,-0.001908396946564972,0.0,0.03705702464472038
46,2005-07-02,-0.0058656487128160295,0.02243077742279009,-0.0141008446007177,0.001304681504221028,0.00891056910569099,0.053702740845279706,0.5493934142114385,0.5493934142114385,0.5344827586206897,0.56140350877193,-34.629629629629626,-0.2328042328042328,-10.847058823529412,-0.3081761006289309,-0.4150943396226415,-0.04889563311414613,0.04233350542075365,0.06557377049180313,0.008620689655172377,-0.04255319148936188,-0.06563525550867322,0.031986531986532014,0.014808605755797675,0.055449330783938766,0.0078125,0.021162185602775274
47,2005-10-01,-0.008428939358464005,-0.01386628474708673,-0.03275976174718731,-0.07764236989346207,0.03423156266116556,-0.039546031298463236,-0.035794183445190135,-0.035794183445190135,-0.033707865168539415,-0.033707865168539415,1.2070484581497798,0.5517241379310345,0.3249701314217444,-3.022727272727273,1.435483870967742,-0.03474561248005659,0.0059435364041604535,0.030769230769230882,0.03418803418803429,-0.041975308641975295,-0.10135474159558457,0.030995106035889064,0.04295154185022021,0.032608695652174065,0.0,0.06913538304739243
48,2005-12-31,-0.007343565525383733,0.028716662265645617,0.023301782795453585,0.2677413993684561,-0.05759521286542413,-0.012036697247706396,-1.080046403712297,-1.080046403712297,-1.0813953488372092,-1.0813953488372092,-0.2360279441117764,0.24,-0.3291253381424707,-0.4831460674157303,0.30463576158940403,0.00771349862258952,-0.2816346627277203,-0.27679782903663497,-0.051652892561983466,-0.025773195876288683,-0.027359017308766,0.03085443037974667,-0.050686378035903035,-0.27368421052631586,0.0,-0.1885923101366379
49,2006-04-01,-0.014605485382620853,-0.03349804273888213,-0.04234769687964335,-0.0582721552176193,0.03479066075798665,-0.0066116930391501025,-10.956521739130435,-10.956521739130435,-10.857142857142856,-10.857142857142856,-0.8582625734813847,0.005376344086021501,-0.6559139784946236,-3.5826086956521737,-0.6030456852791879,0.07417532349188982,0.044551062371487316,0.05628517823639778,0.034858387799564294,0.13227513227513232,0.5040183696900113,0.029930928626247244,0.050333704115684164,0.04830917874396135,0.007751937984496138,0.02633640101821033
50,2006-07-01,0.02288473144236569,0.054976429187968856,-0.0021334367726919545,0.002018514651632275,0.06410993927772446,0.054217768471432885,0.6302765647743813,0.6302765647743813,0.6231884057971018,0.6231884057971018,4.129032258064516,-0.8092691622103387,2.5390625,-1.1683501683501682,0.2557544757033248,0.0057685782151339895,0.07545931758530178,0.0976909413854352,0.06456140350877182,-0.028037383177570097,-0.045419847328244216,0.029061102831594576,0.04024357956049784,0.09907834101382472,0.0,0.05284746732805479
51,2006-09-30,0.004649186982276454,-0.001006985965133156,-0.02437317784256565,0.05876632397888293,0.04949543488707353,0.00560402922607639,-0.2410714285714286,-0.2410714285714286,-0.2410714285714287,-0.2410714285714287,1.0386343216531897,3.364485981308412,0.9735099337748344,-0.83,0.03462321792260692,0.003036437246963564,-0.026845637583892582,-0.004854368932038833,0.04943968358602513,-0.05769230769230771,-0.08556577369052376,0.02824040550325835,0.044540595571392005,-0.0146750524109015,0.007692307692307666,-0.05644649814261105
52,2006-12-30,0.008597603946441046,0.04290304290304281,0.041158658060403315,0.1145518960766303,-0.03817536630036633,-0.004373589164785585,0.1941176470588235,0.1941176470588235,0.2,0.17647058823529416,-0.33494931687968266,-0.1134903640256959,-0.4250559284116331,3.5294117647058822,0.15157480314960625,0.08661284897410026,0.3830721003134796,0.4113821138211382,-0.009422110552763874,0.03571428571428559,0.09094884127678182,0.028169014084507005,-0.04629629629629617,0.4021276595744681,0.007633587786259444,-0.06424044555406194
53,2007-03-31,0.00843115334451272,0.012987797511175623,-0.0013776740270177168,-0.016129032258064502,0.023683427551324018,-0.015233101884653544,-0.219704433497537,-0.219704433497537,-0.2058823529411764,-0.2,-0.921139827700464,0.6835748792270531,-1.5573929961089494,-1.0779220779220782,-0.01025641025641022,0.032657483361708595,0.005439709882139709,0.017281105990783363,0.02409638554216853,0.041871921182266236,-0.2693386773547094,0.027397260273972712,0.01507409299948881,0.01820940819423389,0.0,0.02955361723961003
54,2007-06-30,0.4235299551942353,0.2750313077702904,0.6632688254454877,0.9253918870408042,0.059873277916642424,0.09612202316713424,0.08333333333333326,0.08333333333333326,0.08641975308641969,0.08749999999999991,9.0,18.163558106169297,20.547993019197207,-32.16666666666667,0.3229706390328151,-0.03402278177458029,-0.09062218214607752,-0.16421291053227627,0.06006191950464412,-0.05673758865248235,-0.06198573779484363,0.026666666666666616,-0.25547445255474444,-0.08792846497764539,-0.08333333333333337,-0.3377853084820094
55,2007-09-29,-0.006830423778311334,-0.03549880735232214,-0.0268414625717116,-0.1089151984089991,0.04080513354905935,0.10298654414177877,-0.3193473193473193,-0.3193473193473193,-0.3295454545454546,-0.32183908045977017,0.4680672268907562,-0.960020962791046,-1.0982424880537782,-0.962566844919786,0.009138381201044377,-0.03956555469356093,-0.09519087754090227,-0.15718157181571826,0.0408878504672896,-0.09273182957393487,0.02865497076023393,0.025974025974025983,0.048005409060175815,-0.11601307189542474,-0.04958677685950419,0.0823299217338953
56,2007-12-29,0.02014212202891441,-0.0018911841722432101,0.007481414839717759,-0.13600223183149673,0.04832165252674292,0.019995239228755013,0.3715753424657535,0.3715753424657535,0.3728813559322035,0.3728813559322035,0.10933028048082427,0.5805243445692885,-0.04946413849958775,-9.285714285714286,-0.07503234152652005,-0.11970920840064615,-0.10465753424657542,-0.1463022508038585,0.04826038159371482,-0.15469613259668513,-0.05002842524161455,0.025949367088607508,0.02774193548387105,-0.11090573012939008,-0.043478260869565084,0.15533305520789886
57,2008-03-29,0.025621316935690475,0.03682650731185921,0.008882831226206811,-0.14623022279625442,0.061425555443852316,-0.040140023337222885,-0.1460674157303371,-0.1460674157303371,-0.13580246913580266,-0.14814814814814825,-0.7110423116615068,-0.35545023696682465,-0.9930615784908932,-1.293103448275862,0.023776223776223796,-0.09341163516241513,-0.0838433292533659,-0.11487758945386063,0.06156316916488214,-0.13725490196078427,-0.037103530819868384,0.025293028994447964,0.034839924670433176,-0.07276507276507271,-0.045454545454545525,0.21437168993740974
58,2008-06-28,0.04574693979515354,0.07820626962185462,0.047866393366253535,0.09171275941946776,0.041437772305360936,0.11165815706297112,0.3508771929824561,0.3508771929824561,0.34285714285714297,0.34782608695652195,1.369642857142857,1.8419117647058825,-45.0,7.1764705882352935,0.1898907103825136,-0.021457489878542457,-0.02471609886439552,0.0,0.04135148764498231,-0.0757575757575758,0.014916096954630031,0.02466907340553548,-0.00424628450106157,-0.022421524663677198,0.02857142857142869,-0.012389731390623382
59,2008-09-27,-0.04670190211711312,-0.07131681877444583,-0.04719141085202394,-0.07963452128350579,-0.04570051384657359,-0.05691945978456992,-0.3214285714285714,-0.3214285714285714,-0.3191489361702127,-0.3225806451612904,0.4589299171062546,-0.7063389391979301,-5.318181818181818,-1.4172661870503598,-0.06659012629161888,-0.05523376086057097,-0.009589041095890316,0.0042553191489360645,-0.04406779661016946,-0.09426229508196726,-0.07409675443968156,0.024075161479741647,0.0012183978068840418,0.006880733944954143,-0.0092592592592593,0.009032517061421164
60,2008-12-27,-0.0547063429913861,-0.09663531283635174,-0.0001633072041806738,-0.03171167780182549,-0.16611074049366248,-0.12366651205936917,-0.32057416267942584,-0.32057416267942584,-0.34375,-0.2857142857142857,-0.18698347107438015,-0.13876651982378851,-0.4019736842105263,-5.172413793103448,0.29766297662976626,-0.2388876724326692,-0.0975103734439834,-0.11652542372881347,-0.1656534954407295,-0.2036199095022624,-0.2486772486772487,0.023509174311926676,-0.11804076665652576,-0.0956719817767654,-0.01869158878504673,-0.06703799482792927
61,2009-04-04,-0.193979157347118,-0.12494819726481556,-0.11853372844576147,-0.054227405247813436,-0.3787428571428572,-0.05643400595435,-22.100938967136155,-22.100938967136155,-22.404761904761905,-20.977777777777774,-0.8983481575603558,-0.42199488491048603,-0.8382838283828383,-1.9297520661157024,-0.2132701421800948,-0.2681242807825086,-4.0122605363984665,-3.803357314148681,-0.4146933819064966,-0.125,-0.17077464788732388,0.022969187675069943,-0.22904449810279404,0.0,0.02857142857142869,-0.07473347547974407
62,2009-07-04,0.0366502908590105,0.06210040255742366,0.01699446753315503,0.035809699958898385,0.10494849153789554,0.020473986818118076,-1.0442763377461342,-1.0442763377461342,-1.042269187986652,-1.042269187986652,6.3,0.19026548672566368,4.625850340136053,-1.3955555555555557,0.10722891566265068,0.05542452830188682,0.2498092088527093,0.1548331907613345,0.10580912863070524,0.8116883116883116,0.0,0.022453450164293454,0.06577181208053684,0.0,0.0185185185185186,0.025348542458808687
63,2009-10-03,0.01019194162436543,0.016832952455269945,-0.012311616648012724,-0.013788998561579335,0.0821609922583868,0.06451834547203528,0.5703517587939699,0.5703517587939699,0.5526315789473684,0.5526315789473684,0.5761986301369864,-0.20817843866171004,0.985489721886336,-1.0,0.0,0.13221601489757906,0.150010177081213,0.06222222222222217,0.0816135084427767,0.021505376344086,0.0,0.01071237279057313,0.07136859781696048,0.0,0.027272727272727115,0.031014720755141004
64,2010-01-02,-0.01801907902484989,-0.04993696212245791,-0.04068940072734939,-0.06065483075994571,0.04815384615384621,-0.01774995159104109,-0.2016,-0.2016,-0.18644067796610164,-0.18644067796610164,0.3693644758283541,0.6431924882629108,0.04202192448233855,inf,0.5027203482045701,0.23092105263157905,0.06778761061946903,0.04114365411436527,0.05464006938421506,0.14035087719298245,0.0,0.010598834128245915,0.06739811912225703,0.0,0.05309734513274345,0.011444141689373357
65,2010-04-03,-0.002178779883265425,0.05394645741980142,-0.008158892368551163,-0.0032660491513626373,0.01379715250256863,0.02161913523459069,0.09619238476953916,0.09619238476953916,0.08333333333333348,0.0625,-1.1106703689012296,-0.46,-1.3068381063705434,-0.8809523809523809,0.03982621288921062,-0.05318011758417962,-1.26156141223272,-1.275284661754856,0.02878289473684204,-0.10461538461538457,0.0,0.010487676979549,0.01578560939794427,-0.1435768261964735,0.016806722689075567,0.057435344827586166
66,2010-07-03,0.00913479837336495,0.08304592981879888,0.004874671098185957,0.01928448646325731,0.02026929202258576,0.08065864797066967,0.5319926873857403,0.5319926873857403,0.5192307692307692,0.5294117647058825,-7.129032258064517,-0.021164021164021163,-3.7904761904761903,-0.036363636363636376,0.03690807799442908,0.026248941574936516,0.1660329531051965,0.2141119221411192,0.02478017585931269,0.0,0.9692144373673036,0.01037882719252714,0.011203469461510629,0.1705882352941177,0.03305785123966953,0.06246815448894316
67,2010-10-02,0.03487841191066998,0.07657703194500609,0.014635759764063838,-0.002476943346508609,0.08698737051227479,-0.02339146479376231,-0.233890214797136,-0.233890214797136,-0.2278481012658229,-0.23076923076923084,-0.17836257309941514,0.6000000000000001,-0.2880546075085324,0.679245283018868,0.05977165883143054,-0.04125412541254125,-0.03423913043478266,0.0,0.09204368174726983,-0.06529209621993126,-0.20377358490566044,0.010272213662044338,0.050393137955682565,-0.007537688442211143,0.008000000000000007,0.07932092844811045
68,2011-01-01,-0.02182920279291034,-0.08357199868538434,-0.06180049983700964,-0.03222738799661873,0.07421671018276754,-0.002254997562164851,0.7788161993769471,0.7788161993769471,0.7704918032786887,0.8000000000000003,0.4455516014234875,0.3783783783783783,0.8523489932885906,-4.404494382022471,-0.19201520912547526,0.12277682157200245,0.19527293190770975,0.248496993987976,0.10000000000000007,0.02941176470588225,0.11780636425186207,0.010167768174885516,0.0979925144607008,0.2329113924050632,0.015873015873015817,-0.053052519328179004
69,2011-04-02,0.0422206534102052,0.10671653260925253,0.03584561484784432,0.0632165083524403,0.05559944096736946,0.013560564412681051,-0.6077057793345009,-0.6077057793345009,-0.6018518518518519,-0.6111111111111112,-1.5785327424913835,-0.20343137254901966,-1.7324016563146998,-0.7656765676567656,-0.0556862745098039,0.03704649974450702,-0.0856873822975518,-0.0465489566613162,0.05519480519480524,-0.05714285714285705,-0.17201695941853434,0.012581781580271791,0.013015184381778956,-0.04722792607802884,0.0,0.04091591591591581
70,2011-07-02,0.008523529079722314,0.026154985649476936,-0.006177498252969982,-0.0005134524543026764,0.038798065853096864,0.040016874585668605,0.6361607142857142,0.6361607142857142,0.6046511627906976,0.6428571428571428,-1.1897872340425533,0.15076923076923074,-0.8664310954063604,-1.704225352112676,0.04152823920265791,-0.021433850702143542,-0.09114315139031937,-0.048821548821548766,0.048000000000000036,-0.0757575757575758,0.008778346744696464,0.0124254473161034,0.029978586723768737,-0.04094827586206895,-0.0078125,0.026685899747565852
71,2011-10-01,-0.05587686567164174,-0.08111156223214687,-0.06862800247510825,-0.10500359601356213,-0.03075473789205363,-0.015124297386567731,-0.32060027285129605,-0.32060027285129605,-0.3188405797101449,-0.3188405797101449,8.650224215246636,-0.43048128342246,-11.576719576719574,-2.14,-0.04545454545454541,-0.1860523665659618,-0.07818696883852683,-0.04070796460176995,-0.032883147386964295,-0.2213114754098361,-0.15953589557650472,0.01227295041728027,0.026433026433026585,-0.056179775280898785,0.015748031496062964,0.026694766420793714
72,2011-12-31,-0.017350064222902858,0.0893023712504295,0.0008455638098689987,-0.054586155435656036,-0.051798067577611295,-0.4459284537538244,-0.5542168674698795,-0.5542168674698795,-0.553191489361702,-0.5744680851063829,0.4065985130111525,-0.3896713615023474,0.16058029014507258,-11.228070175438594,0.4870509607351712,-0.1843489019486544,-0.32759680393362023,-0.3228782287822878,-0.05343047965998782,-0.1578947368421052,-0.14495254529767046,0.01212415130940836,-0.03501157407407407,-0.25,-0.10077519379844968,0.15215531987683886
73,2012-03-31,0.019747823114203644,0.05268613665044164,0.027910204574256303,0.2278550179102665,0.0034368405185407624,0.5751300838908358,0.9774774774774776,0.9774774774774776,1.0,1.0499999999999998,-0.9646514701024116,1.561538461538461,-1.1491379310344827,-0.7821612349914236,0.07134831460674151,0.1031475161167994,0.006398537477148247,0.008174386920980714,0.030147530468248807,0.16874999999999996,0.6488395560040363,0.012937230474365123,-0.01589205397301352,0.025396825396825532,-0.017241379310344862,-0.14267686140598312
74,2012-06-30,-0.002563647478751263,0.028299867277475688,0.023688613614348156,0.04939675632911401,-0.056303328926811676,0.033034450212364286,0.4624145785876994,0.4624145785876994,0.4761904761904763,0.5121951219512195,1.83177570093458,-0.3543543543543544,-2.0462427745664744,-3.307086614173228,-0.1536444677503933,0.010656583018219257,-0.014532243415077197,-0.035135135135135005,-0.036114570361145626,-0.021390374331550777,0.01652386780905757,0.012771996215704906,-0.05393053016453375,-0.015479876160990782,-0.01754385964912264,-0.020088319335007432
75,2012-09-29,0.0087981177959231,0.019651927720875983,0.008459023914664243,0.014936625359279976,0.009551098376313185,-0.02904131044834557,-0.0919003115264797,-0.0919003115264797,-0.06451612903225812,-0.08064516129032262,4.7128712871287135,0.5162790697674418,2.1160220994475143,-2.0,0.181536555142503,0.007823129251700589,0.07281105990783421,0.04481792717086819,0.028423772609819094,0.04371584699453535,0.04936785069235405,0.012610929472209207,0.0006441223832527321,0.08805031446540879,-0.0357142857142857,0.004683219934611626
76,2012-12-29,0.0005683599874568568,-0.015230706410779947,0.002132559924933997,-0.03690807799442897,-0.0029012929675181764,0.02984272079580585,-0.1595197255574614,-0.1595197255574614,-0.1724137931034483,-0.1578947368421052,0.7290583477758521,1.2269938650306749,0.6241134751773051,0.5255972696245734,0.2343995804929209,0.088761390482619,0.1563573883161511,0.13672922252010733,-0.00816582914572872,0.0628272251308899,0.028112449799196915,0.012453874538745469,-0.0032185387833922885,0.031791907514451045,0.10185185185185164,0.022427440633245418
77,2013-03-30,0.006326758466691507,0.042335282166106936,0.011207581432300495,0.0249216678717763,-0.004554367765197021,-0.021733455162511458,0.1795918367346938,0.1795918367346938,0.2083333333333333,0.1875,-1.2195121951219512,-0.6033057851239669,-1.3608078602620086,-1.6196868008948546,-0.11767204757858962,0.2166769993800373,0.07949479940564652,0.06132075471698116,0.0006333122229260635,0.22660098522167504,0.0530133928571428,0.012300683371298415,-0.010978366160800612,0.061624649859943974,0.0,0.017032258064515915
78,2013-06-29,0.010393958268452241,0.029914869918052256,0.03156654227110756,-0.06645658922020503,-0.03755480714240322,0.035626125825605426,0.19031141868512114,0.19031141868512114,0.18965517241379315,0.19298245614035106,-2.7108066971080667,-0.3402777777777778,-2.1270801815431164,-1.7256317689530687,0.018777082330283967,0.07770700636942672,0.02959394356503786,0.013333333333333421,-0.0227848101265824,0.0763052208835342,0.0005299417064121846,0.013051305130513223,-0.04733920992491025,0.0158311345646438,-0.008403361344537784,0.1031886999915419
79,2013-09-28,-0.08826815642458098,-0.16380842023947473,-0.1407627026438908,-0.2073152299863973,0.03915225141951662,-0.03053533466469105,-0.3241279069767442,-0.3241279069767442,-0.3188405797101449,-0.30882352941176483,-0.5640569395017794,-24.7,4.606711409395973,3.0696517412935327,0.4631379962192816,0.05082742316784894,-0.048796791443850296,-0.03289473684210531,0.055051813471502564,0.07462686567164177,0.023834745762711718,0.012883163038649448,0.13982179575051412,-0.051948051948051965,0.025423728813559254,0.05489534616269265
80,2013-12-28,-0.02581981068289385,-0.033765993810337624,-0.012820918674222082,-0.012266429388585244,-0.05190926996632572,0.05249518240414641,-0.08172043010752683,-0.08172043010752683,-0.04255319148936165,-0.06382978723404252,3.5795918367346937,-1.1401288030202088,-0.71247306679435,-0.4865525672371638,0.1356589147286822,0.04544431946006733,-0.014054813773717534,-0.004535147392290218,-0.046040515653775316,-0.01041666666666663,0.09260217278841187,0.012719298245613908,-0.027059530968129963,-0.0383561643835616,0.03305785123966953,-0.021731230467330498
81,2014-03-29,-0.004186006159718869,-0.00898747490199825,-0.007086967675731137,-0.008751045621259945,0.0018764240718402991,-0.02133973104362652,0.6674473067915692,0.6674473067915692,0.6444444444444444,0.659090909090909,-1.481283422459893,-0.24881141045958802,-1.1024146544546212,-4.488095238095238,-0.4166666666666666,0.06649451258876704,0.07555238774055595,0.09111617312072884,0.01029601029601035,0.119298245614035,0.08617424242424243,0.012559549588566421,0.006180469715698411,0.05413105413105401,0.03200000000000003,-0.00022288261515601704
82,2014-06-28,0.0055104218848691655,0.0274481427882296,0.029454510221877724,0.053359298928919115,-0.04408026755852845,0.04238436229920661,-0.4030898876404494,-0.4030898876404494,-0.3918918918918919,-0.3972602739726028,-2.090740740740741,-0.28691983122362874,-6.4227642276422765,-1.1146757679180888,0.08191126279863492,-0.0070621468926553846,-0.10205434062292906,-0.08768267223382031,-0.0286624203821656,-0.018808777429467072,-0.07541412380122059,0.014970059880239585,-0.04914004914004921,-0.12432432432432428,0.046511627906976834,-0.02459686408560591
83,2014-09-27,-0.02666464497682275,-0.028217287196582005,-0.00025098039215687434,0.006285819929746639,-0.08557833601567423,-0.034781532367867296,0.5129411764705882,0.5129411764705882,0.5333333333333332,0.5454545454545456,0.6162988115449914,0.10946745562130178,1.712143928035982,-2.5654761904761907,-0.11852185669220372,-0.007518796992481147,0.13874538745387446,0.10297482837528604,-0.059672131147541,0.022364217252396342,0.10702498821310692,0.014749262536873031,-0.060723514211886265,0.08024691358024705,0.022222222222222143,-0.03428310223982933
84,2015-01-03,-0.02966507177033495,-0.07174606242148995,0.033577054633319836,-0.02149549880580559,-0.1838842975206612,0.028981790202616157,0.10264385692068424,0.10264385692068424,0.11594202898550733,0.10294117647058808,-0.08613445378151262,0.3786666666666667,-0.5124378109452736,-2.1939163498098857,0.1605316973415134,-0.03808353808353826,0.21775761503564506,0.14315352697095451,-0.17782426778242688,0.024999999999999908,-0.1260647359454855,0.01453488372093026,-0.15887207702888584,0.12285714285714278,0.014492753623188468,-0.0513568949195331
85,2015-04-04,-0.010916930416035921,0.022276583563212386,-0.0021556304460029767,0.005632745024408471,-0.03797468354430378,-0.04785643070787637,0.009873060648801113,0.009873060648801113,0.025974025974025983,0.026666666666666616,-0.9522988505747126,-0.5299806576402322,-1.0680272108843538,-1.461783439490446,-0.06387665198237891,0.12579821200510866,0.0989888238424692,0.018148820326678642,-0.044105173876166186,0.3689024390243905,-0.008771929824561429,0.014326647564469884,-0.027391659852820997,0.005089058524172962,0.014285714285714237,0.016548856548856516
86,2015-07-04,0.009507025924036627,0.017310727559696648,-0.009036694456276972,-0.034851879512073684,0.06890838206627681,-0.007853403141361294,-0.11592178770949725,-0.11592178770949725,-0.12658227848101278,-0.1168831168831168,18.590361445783127,0.3209876543209877,-17.2,-3.310344827586207,0.15764705882352947,0.08016638305917945,0.163680387409201,0.09982174688057044,0.06388642413487132,0.1291759465478841,0.06391347099311706,0.014931396287328312,0.058848255569567076,0.10126582278480999,0.0,0.053992146596858685
87,2015-10-03,-0.024049062844542446,-0.04108903458285373,-0.01943565967637939,-0.05242455506835186,-0.037749612473784944,-0.03159630606860153,0.2906793048973144,0.2906793048973144,0.2898550724637683,0.2941176470588234,-0.2656826568265682,0.05295950155763229,0.6018518518518519,-3.217910447761194,-0.3020325203252032,0.052336775774549205,0.12734082397003732,0.07941653160453832,-0.034195162635529575,-0.01183431952662728,-0.03558225508317925,0.014711729622266525,-0.013894402540690742,0.08045977011494254,0.0,0.011952809686432751
88,2016-01-02,-0.027112899809362382,-0.07338204592901876,-0.008016032064128266,-0.007077237155495021,-0.08490476641713253,-0.00905932838362511,-0.2937576499388005,-0.2937576499388005,-0.2808988764044944,-0.2954545454545454,0.5360134003350083,0.5591715976331362,-0.2267180475272961,-1.0928667563930017,-0.07513104251601632,0.0379241516966069,-0.02251753414544111,-0.033033033033033184,-0.06735751295336778,0.07584830339321358,-0.0292285577383804,0.014498432601880884,-0.05958132045088571,-0.021276595744680882,-0.014084507042253502,-0.0667280257708237
89,2016-04-02,0.02798945254856422,0.06308437535203337,0.035700757575757525,0.0925913234185456,0.0026923475199336355,0.021102557052515847,0.5528596187175043,0.5528596187175043,0.5625,0.5806451612903225,-1.034351145038168,-0.4136622390891841,-1.3911960132890364,0.5652173913043479,0.06801007556675054,0.04983974358974375,0.08043806646525686,0.06832298136645965,0.005555555555555536,0.1261595547309835,0.09624876604146104,0.01429123213595984,-0.024400684931506933,0.07173913043478253,0.0,-0.02703813280736367
90,2016-07-02,0.01068386125100007,0.029193599660909175,0.017433177897656194,-0.0012545477355413448,-0.012186305896932814,0.03769774486704813,-0.1071428571428571,-0.1071428571428571,-0.09999999999999998,-0.1020408163265306,-36.285714285714285,0.07766990291262132,-3.980891719745223,3.305555555555556,0.2741745283018868,0.1314303159822927,0.0947221251310728,0.06104651162790686,-0.009208103130755041,0.12520593080724862,0.05628095452498871,0.015613099771515591,-0.0228170250109696,0.05273833671399597,0.007142857142857118,0.030492440239885173
91,2016-10-01,0.07115581633603417,0.03660231660231661,0.06581194020908843,0.29135786961437016,0.08980658651332996,-0.02127797599740511,0.11375000000000003,0.11375000000000003,0.11111111111111116,0.11363636363636355,-0.3265856950067476,7.4474474474474475,-1.7457264957264955,-1.5741935483870968,-0.12355391022674687,0.01160280626011878,0.027458492975734442,0.00273972602739736,0.0882899628252789,0.020497803806734938,-0.048593350383631766,0.015373078365204185,0.017512348450830606,0.01734104046242768,-0.014184397163120588,-0.19729508196721315
92,2016-12-31,-0.04434397008955748,-0.05403257846642828,-0.024480044969083736,-0.025193327172802867,-0.11214504988488104,0.027904818718101687,-0.3041526374859708,-0.3041526374859708,-0.30000000000000004,-0.2857142857142857,0.4669338677354709,-0.6804123711340206,-2.123209169054441,-1.2134831460674158,0.030095036958817326,-0.022005868231528503,0.023927905531386132,-0.001366120218579292,-0.10333048676345014,-0.10186513629842177,-0.05062724014336917,0.01514032496307238,-0.07105030891438657,-0.001893939393939448,0.0,-0.029510875114877926
93,2017-04-01,0.08404603766718233,0.14689206215875686,0.08078596329482267,-0.12223719004141098,0.09627228525121544,0.013734846530822908,0.8096774193548386,0.8096774193548386,0.8142857142857145,0.7857142857142858,-0.930327868852459,0.24582869855394884,-2.6556122448979598,16.508771929824558,0.5115325474115837,0.03395608891313229,0.057966616084977225,0.039671682626539084,0.0914285714285714,0.15335463258785942,0.0108541764983483,0.014914514368861376,0.01140142517814735,0.05502846299810238,-0.014388489208632891,0.3065025252525253
94,2017-07-01,0.06838162781426392,0.01153529250205998,0.07216165062778246,0.12112772125277105,0.05440567711413369,0.034857833471153336,0.07754010695187175,0.07754010695187175,0.07874015748031504,0.07200000000000006,9.653594771241831,1.4482142857142857,-0.8875192604006163,-1.8567134268537075,-0.28992878942014244,0.11210762331838577,0.08777969018932863,0.07236842105263164,0.05584642233856885,0.01939058171745156,0.033146591970121264,0.016129032258064724,-0.013151714419915472,0.10431654676258996,-0.029197080291970882,-0.09768865265362003
95,2017-09-30,0.03499744687536821,0.03326092859082275,0.02812033814022885,0.02580612451835318,0.0608524957936063,0.03233142786895326,-0.1042183622828784,-0.1042183622828784,-0.10218978102189792,-0.1044776119402986,0.3147239263803681,-0.7815463165572575,-7.2009132420091335,-1.2678362573099415,0.10936007640878698,0.11812144212523724,0.02663502109704652,0.01349693251533757,0.06528925619834712,0.05842391304347828,-0.00225937641211027,0.015873015873015817,0.02522608281770577,0.02117263843648209,-0.007518796992481258,0.00722956087111748
96,2017-12-30,-0.02525616698292221,-0.019883501948933516,-0.010737346134313541,-0.02545346710818963,-0.07815666578553182,0.033224173861268184,-1.5503231763619576,-1.5503231763619576,-1.5609756097560976,-1.575,0.20158656089594015,0.6961602671118532,0.21281296023564056,-1.3449781659388649,-0.03400774860094702,0.14584217225286378,-0.3210891343436938,-0.32687651331719136,-0.07680372381691236,0.07573812580231065,0.08967391304347827,0.015625,-0.054317548746518174,-0.320574162679426,-0.007575757575757569,0.0057598582188744816
97,2018-03-31,0.027954602970663208,0.042182403145806235,0.02447013958491206,0.055583730601480814,0.041579047983177235,0.023684665475710357,-3.100671140939597,-3.100671140939597,-3.057971014492754,-3.028985507246377,-0.9378640776699028,-0.6476377952755905,-0.8676381299332119,3.6708860759493667,-0.16443850267379678,0.04702397482180865,0.027998486568293623,0.019784172661870603,0.040336134453781584,0.1348448687350834,0.5166251039068996,0.015384615384615332,0.013254786450662692,0.014084507042253502,0.0,-0.012775330396475715
98,2018-06-30,-0.02223274311144774,-0.0018007974960340125,-0.011835449078934857,0.013356394734313382,-0.06221895934660915,0.04379644224273816,-0.23642172523961655,-0.23642172523961655,-0.232394366197183,-0.23571428571428565,11.09375,0.2932960893854748,4.045871559633029,-1.7669376693766936,0.15093333333333336,-0.0664839536734152,-0.07581891792418116,-0.08818342151675485,-0.05573505654281108,-0.10304942166140907,-0.10961907371882706,0.017508417508417473,-0.04118217054263573,-0.11342592592592593,0.03053435114503822,-0.01490406068719341
99,2018-09-29,0.0036412232960818533,0.013186718783557485,-0.0015454457645126538,0.11805423857386675,0.024659947157256168,-0.050965375903354586,0.5638075313807531,0.5638075313807531,0.5688073394495412,0.5794392523364484,-1.1126614987080103,-0.021598272138228958,-1.671818181818182,-0.9363957597173144,0.008341056533827551,0.02339236670139222,0.17722023098367168,0.1586073500967118,0.033361847733105236,0.08323563892145369,0.1160357032933208,0.017207147584381133,0.021222839818090037,0.13838120104438634,0.014814814814814838,-0.09376698677296602
100,2018-12-29,-0.0008491094000270262,-0.025775818212650514,0.02118603076327763,-0.1544398269866848,-0.08786171330340943,0.00511450815479919,-0.35050167224080264,-0.35050167224080264,-0.3508771929824561,-0.3905325443786982,-13.394495412844035,1.3200883002207506,-3.0324763193504736,7.0,0.06617647058823528,-0.10725522857671664,0.5375507442489853,0.5008347245409013,-0.0587748344370862,-0.13528138528138522,-0.23331494760066185,0.016916070266753458,-0.08708560118753095,0.4977064220183485,0.007299270072992582,0.15215435369389185
101,2019-03-30,0.03403186866248187,0.011183637946039935,0.03301439939370976,0.02331995987963897,0.03852999685896763,-0.016170068411827887,-2.512873326467559,-2.512873326467559,-2.5675675675675675,-2.6893203883495147,-0.8689859363434493,-0.6003805899143673,-0.9953395472703064,-1.4375,-0.02715517241379306,0.04011609826889195,-0.5720572057205721,-0.5839822024471635,0.03342128408091472,0.10387984981226528,-0.3046762589928058,0.016634676903390933,0.004336043360433584,-0.5803981623277181,-0.014492753623188246,-0.011887201735357957
102,2019-06-29,0.006724321497282304,0.02302362611352593,-0.007932504929157647,0.11663807890222988,0.0711765298921263,0.03195218665593935,-1.9761742682096664,-1.9761742682096664,-1.9770114942528736,-1.9712643678160917,4.7457627118644075,0.08571428571428563,190.7142857142857,-4.428571428571429,0.09570225963668587,0.07634044249551519,0.23239074550128525,0.232620320855615,0.07404255319148922,0.04195011337868482,1.7252974650801869,0.018250471994965437,0.06368051807879116,0.2554744525547445,-0.014705882352941237,-0.08386020372321756
