,Quarter end,Assets,Current Assets,Liabilities,Current Liabilities,Shareholders equity,Revenue,Earnings,Earnings available for common stockholders,EPS basic,EPS diluted,Cash from operating activities,Cash from investing activities,Cash from financing activities,Cash change during period,Cash at end of period,Price,ROE,ROA,Book value of equity per share,P/B ratio,P/E ratio,Equity to assets ratio,Net margin,Asset turnover,Current ratio
0,1996-02-25,0.14374708451719598,0.19080359371100572,0.2540894220283534,0.3556434606425647,0.08228015266167478,0.2746182465018978,0.958128078817734,0.958128078817734,0.9090909090909091,1.0,1.7473799126637553,0.7291952222439788,-3.0553359683794468,-6.476923076923077,-0.0759715593649557,0.36752136752136777,-0.03829059829059822,-0.007237635705669487,0.09090909090909084,-0.11941580756013748,0.17326585293242025,-0.05372158206166299,-0.023952095808383308,-0.029850746268656688,-0.12158797700420987
1,1996-05-26,0.14374708451719598,0.19080359371100572,0.2540894220283534,0.3556434606425647,0.08228015266167478,0.2746182465018978,0.958128078817734,0.958128078817734,0.9090909090909091,1.0,1.7473799126637553,0.7291952222439788,-3.0553359683794468,-6.476923076923077,-0.0759715593649557,0.36752136752136777,-0.03829059829059822,-0.007237635705669487,0.09090909090909084,-0.11941580756013748,0.17326585293242025,-0.05372158206166299,-0.023952095808383308,-0.029850746268656688,-0.12158797700420987
2,1996-08-25,0.08085440867311555,0.08000544896312523,0.0584310018903591,0.05617349221196477,0.09532844844942567,0.2746182465018978,0.958128078817734,0.958128078817734,0.9090909090909091,1.0,1.7473799126637553,0.7291952222439788,-3.0553359683794468,-6.476923076923077,0.4503004110888584,-0.0390625,-0.03829059829059822,-0.007237635705669487,0.10000000000000007,-0.11941580756013748,0.17326585293242025,0.013493500082277343,-0.023952095808383308,-0.029850746268656688,0.02257150219015713
3,1996-11-24,0.1629801656181178,0.16962916965827726,0.2908681752424498,0.30671633888776584,0.08321079250495744,0.055478297617234114,-0.08109897384971865,-0.08109897384971865,-0.04761904761904756,1.0,0.12214893109751256,0.7316272222851319,1.0365384615384614,-1.0264513108614233,-0.008212806163238606,0.01951219512195101,-0.03829059829059822,-0.007237635705669487,0.07575757575757569,-0.07317073170731703,0.17326585293242025,-0.06867998051631763,-0.023952095808383308,-0.029850746268656688,-0.10492365065766264
4,1997-03-01,-0.02684167834230511,-0.056172178947979656,-0.2005478921371944,-0.220026078692824,0.10227746039255203,0.1416759391600284,0.31959654178674346,0.31959654178674346,0.30000000000000004,1.0,1.0857648725212463,-0.6137849856133926,0.4863078375826251,-223.2920353982301,1.8407591968342367,0.11483253588516762,-0.03829059829059822,-0.007237635705669487,0.09859154929577474,0.03684210526315779,0.17326585293242025,0.13267085076708507,-0.023952095808383308,-0.029850746268656688,0.21012330386802547
5,1997-05-31,0.1837751004016064,0.23810946804069344,0.4306964106469142,0.4622671804752729,0.050657535652474106,-0.12870681499363845,-0.4591067918759555,-0.4591067918759555,-0.4615384615384615,1.0,-0.5100675698618043,0.7018286488316965,-0.3951715374841169,-0.7878100242844062,0.13749516316264665,-0.06294706723891275,-0.03829059829059822,-0.007237635705669487,0.0512820512820511,-0.14720812182741105,0.17326585293242025,-0.1123595505617978,-0.023952095808383308,-0.029850746268656688,-0.15330572744614535
6,1997-08-30,0.08824320137649555,0.09793851024710908,0.07071012538028397,0.07001078678973505,0.1011144658556078,0.24914584717918964,0.9629554860199858,0.9629554860199858,0.9285714285714286,1.0,-0.20583547023355744,-0.033131031738135475,2.4936974789915967,-0.04934333958724202,0.11491098764032205,0.21832061068702305,-0.00782083185211513,-0.007237635705669487,0.09756097560975617,0.15833333333333344,0.17326585293242025,0.011791225940697148,0.003067484662576669,-0.02692307692307705,0.026101769425211474
7,1997-11-29,0.1131261749419441,0.12046965871509795,0.15558555708701438,0.16055970734887534,0.0828168537015157,0.05276606905337311,-0.02591659381909805,-0.02591659381909805,0.0,1.0,-0.6441225237804347,0.4855937435686355,-0.5204449789536981,-2.729623051115058,-0.17826776778812906,0.018796992481203038,-0.0014331780723755294,-0.007237635705669487,0.07777777777777772,-0.07194244604316558,-0.0515097690941384,-0.027249357326478152,0.012232415902140524,-0.0158102766798417,-0.03454185187168635
8,1998-02-28,-0.03122371074313779,-0.0595390598852843,-0.20353813590391603,-0.2180062000665779,0.10004803914631832,0.08576828079066677,0.31156627778071044,0.31156627778071044,0.4814814814814814,1.0,3.3997057381069147,-0.5095241393641339,0.2670846394984325,-2.469876768598813,0.3188771721372345,0.18204182041820394,0.012199497667743087,0.01761846901579589,0.10309278350515473,0.09745293466223703,0.093900481540931,0.13548273431994362,0.03625377643504524,-0.0200803212851407,0.2026292433991568
9,1998-05-30,0.1302533109331705,0.16313044545342992,0.25141622630160865,0.2660050684102353,0.06342312210347423,-0.11638373263143398,-0.4771181324210103,-0.4771181324210103,-0.775,1.0,-0.5650429160628693,0.35800028244598225,1.8421573478476003,-0.6947678931842882,0.07379879879879869,0.2424557752341312,-0.040056717476072416,-0.02865671641791045,0.05607476635513997,0.12613521695257313,0.08143800440205418,-0.0591155934833203,-0.010204081632652963,-0.016393442622950838,-0.08126931414602645
10,1998-08-29,0.07701692376295544,0.07407934925382588,0.05433135357557983,0.05390495704941278,0.09174168820750506,0.2796109373782789,0.963205295974136,0.963205295974136,1.0,1.0,0.8191952844695027,0.6447587354409319,-0.4228760445682451,-0.5686673448626653,0.029644130601971682,-0.011725293132328174,-0.004431314623338235,0.007990165949600447,0.09734513274336297,-0.06451612903225812,-0.047037539574853016,0.013687335092348318,0.008836524300441795,-0.004166666666666541,0.019177669561724956
11,1998-11-28,0.1594154063442106,0.1880948872845145,0.2733480637283405,0.28802313118472544,0.08799799388250795,0.0535880978471992,-0.03344573400250938,-0.03344573400250938,0.0,-0.05555555555555547,0.9154751003733184,0.0799190692969145,0.6675716440422323,8.222877358490566,0.2655326950499084,0.04406779661016946,-0.015207715133531141,-0.01585365853658549,0.08064516129032273,-0.04789272030651337,-0.033459895586141486,-0.061656092402798235,0.0014598540145984715,-0.01673640167364021,-0.07758238510418203
12,1999-02-27,-0.021209891353413668,-0.0589831671544554,-0.1887827046299746,-0.203838666104168,0.10172594002090428,0.15358623782781322,0.3873676524278933,0.3873676524278933,0.3888888888888888,0.4117647058823528,0.1712510112524821,0.1570257611241217,-0.32036903039073805,0.013041810510164842,0.21255533199195176,0.2719155844155843,0.017702448210922702,0.024163568773234226,0.09701492537313428,0.17605633802816897,0.20230788116867185,0.12569348127600555,0.016034985422740622,0.008510638297872353,0.18193954928975756
13,1999-05-29,0.14451597414822448,0.1975645702964557,0.31022106538293537,0.33034199460392305,0.0550053881538457,-0.14281966086979336,-0.4771052631578947,-0.4771052631578947,-0.48,-0.5,0.11980785532636327,-0.6440643659548628,0.2587170614852277,1.1053893727123565,0.3690650028762335,0.09317166560306324,-0.030347890451517312,-0.034482758620689724,0.054421768707483054,-0.0034217279726260767,0.028793138656320275,-0.07823810257200059,-0.012912482065997157,-0.021097046413502185,-0.09980571996566212
14,1999-08-28,0.0627021671211403,0.05997329547747165,0.0340300190067675,0.03294257796227407,0.08193701161404565,0.27329341184065536,0.8591399653302019,0.8591399653302019,0.8461538461538459,0.9166666666666669,-0.383716040037009,1.442849019050327,-0.5159653203637132,-0.7875726874887596,0.05726498488986565,-0.05954465849387036,-0.004961832061068816,-0.006892230576441061,0.08387096774193536,-0.10815450643776824,-0.09924573243350532,0.018045112781954756,0.0,-0.004310344827586078,0.026149367596868256
15,1999-11-27,0.1367121811228631,0.10709348098801752,0.21672594316104374,0.2275137703282593,0.08541136104510527,0.0630941506077547,-0.04631996871898214,-0.04631996871898214,-0.04166666666666663,-0.0434782608695653,-0.15868249852145033,1.9141593435372168,2.6570554827435564,-4.275010582757162,-0.1773854560739807,-0.0012414649286157653,-0.014959723820483384,-0.016403785488958933,0.07738095238095255,-0.0779595765158807,-0.06698986337593649,-0.045133760052519234,-0.01308139534883723,-0.008658008658008698,-0.09811689899730992
16,2000-02-26,-0.010926870505446272,0.011801812080641794,-0.1619906461377072,-0.17350029540181855,0.09764525939844447,0.1810930873643508,0.5262244930141609,0.5262244930141609,0.4782608695652175,0.5454545454545456,2.233385605364192,-0.6843271957502896,-1.9069406283598136,-2.5681171908660057,0.3381427974171971,-0.09198259788688634,0.036993769470404995,0.04041051956382291,0.09392265193370153,-0.1576200417536534,-0.1480869154463864,0.10983155723616367,0.029455081001472868,0.013100436681222629,0.2241987092575517
17,2000-05-27,0.1025860475860476,0.12218861605763642,0.1528581441215302,0.16065805853206072,0.07500111797798037,-0.19461457729601028,-0.5171929244503224,-0.5171929244503224,-0.5,-0.5294117647058824,-0.9281378041642278,0.20427658632251533,-1.9345363540569018,-1.2100230794592812,-0.05307190813088847,0.13552361396303916,-0.03980473150582053,-0.02712700369913701,0.07575757575757569,0.038413878562577615,0.010812309398392063,-0.02508905064271349,-0.012875536480686622,-0.012931034482758563,-0.03313693350462932
18,2000-08-26,0.08684930846756655,0.07497635824790883,0.0997299551810431,0.10347085985873816,0.07926965226449068,0.29015743352026546,0.8651771956856702,0.8651771956856702,-0.11764705882352955,-0.0625,10.059809169187805,1.0188064719478884,-0.6872445384073291,-2.479984301412873,0.08294778827894156,0.10247136829415317,-0.007821666014861228,-0.0019011406844106073,0.07511737089201875,0.02505966587112152,0.056226001097092526,-0.006830818109610726,0.004347826086956497,-0.008733624454148492,-0.02579610538373434
19,2000-11-25,0.12428881368870393,0.11006393601532527,0.13496042826948895,0.14063240202778116,0.1178900207057212,0.02096813908184414,-0.06684565606498694,-0.06684565606498694,-0.06666666666666654,-0.06666666666666654,-0.3568512751451898,0.4199583658600052,6.735466426318162,-1.6045257668169364,-0.04630331753554506,0.1995626025150357,-0.0291683090264091,-0.015238095238095271,0.10917030567685583,0.1152502910360884,0.11711243832770712,-0.0057581573896352545,0.0028860028860029363,-0.01762114537444936,-0.026808390555921324
20,2001-03-03,0.025071154241821603,0.02171325081613573,-0.14203605783390194,-0.15697024957513028,0.1268001511561514,0.19340004167220395,0.5815812123447683,0.5815812123447683,0.6428571428571428,0.5714285714285714,2.7804678553901523,-0.480291007715003,-0.3430235945237402,-15.397865184968564,0.699036638956134,0.07657247037374648,0.0,0.01805286911669901,0.11417322834645673,-0.029227557411273475,0.01673640167364021,0.09925997425997424,0.03165467625899265,-0.013452914798206206,0.21196597718925192
21,2001-06-02,0.11881076334441446,0.14915553909675028,0.23788839392987196,0.2480711460436198,0.06361548949961926,-0.20836816057189989,-0.5334369898157506,-0.5334369898157506,-0.5652173913043479,-0.5454545454545454,-0.5482128948507139,-0.13889280677009874,-0.2147734326505276,-0.6279159515370631,0.1530869768685652,0.16257408975444546,-0.05237515225334954,-0.04496516782773918,0.06007067137809185,0.04301075268817178,0.06401463191586633,-0.0493194789989756,-0.008368200836820106,-0.036363636363636376,-0.07927266927187171
22,2001-09-01,0.08292557127800326,0.09874811116285563,0.09865250844182016,0.09942037862546926,0.0744413361212346,0.2393107029294952,0.7980471223381211,0.7980471223381211,0.8999999999999999,0.7999999999999998,0.5931729369396981,0.03836861717374385,-0.4362507058159232,0.7141765380206344,0.22757875970228225,0.1165331391114348,-0.031705227077977634,-0.026525198938991856,0.07333333333333347,0.05360824742268066,0.07993124194241519,-0.007850985221674822,0.011251758087201358,-0.03773584905660377,-0.0006063230835861022
23,2001-12-01,0.09420546452161103,0.0943183139144974,0.15019076003067688,0.1546251779708232,0.06332241598317201,0.06418117920060085,-0.018348963932238616,-0.018348963932238616,-0.05263157894736848,0.0,-0.681748226523987,0.8442306175565897,-0.42728365384615385,-1.2776574740462392,-0.05147445169288901,-0.12002609262883235,-0.014159292035398232,-0.014986376021798418,0.06211180124223593,-0.18003913894324852,-0.1611619578193395,-0.028238944918541512,0.008344923504867818,-0.02450980392156865,-0.052218755416883256
24,2002-03-02,0.0393084806066093,0.002376187787473283,-0.0662272113436867,-0.08629545040263342,0.10228091115576564,0.15750726194896747,0.5609470583792764,0.5609470583792764,0.6111111111111112,0.5555555555555558,5.65355699119725,0.6464097848864561,2.1643931444561035,-7.202775547654547,0.3366113552338392,0.2253521126760565,0.013464991023339312,0.008990318118948792,0.09649122807017553,0.15393794749403322,0.15322580645161302,0.06051413060833478,0.034482758620689724,-0.02010050251256279,0.09702345571761706
25,2002-06-01,0.09859200238904964,0.044585670533627615,0.1907597524798117,0.19985017935448024,0.05200347238086533,-0.1163260546837228,-0.4399811307061471,-0.4399811307061471,-0.4482758620689654,-0.4642857142857143,-0.5584255563189543,0.6947893397059588,-0.5950038686857522,-1.4535797492696276,-0.11422923612792668,0.03781004234724738,0.0017714791851195513,-0.003427004797806665,0.05066666666666664,-0.05377456049638052,-0.04648292883587002,-0.04230653417645292,0.005333333333333412,-0.01025641025641022,-0.12941274538407044
26,2002-08-31,0.03851489738108649,0.0515970285880174,-0.025426263380745717,-0.030967125650208538,0.0750985876344179,0.1625210157595669,0.6298192185576363,0.6298192185576363,0.625,0.6666666666666667,-0.062044311854642764,-0.036538638383962214,0.6301855895196506,-0.04590204031715617,-0.12304072969101165,-0.05741766248907021,0.016799292661361598,0.02269601100412655,0.07360406091370564,-0.10273224043715844,-0.11691113028472823,0.035214588901116166,0.029177718832891438,-0.005181347150259086,0.08521639218690158
27,2002-11-30,0.12123369185581012,0.11739867371958135,0.1964417290685592,0.20957844093799416,0.08222713089734501,0.03652756676308133,-0.0045985237016128435,-0.0045985237016128435,0.0,0.0,0.16984727591785265,0.09458814546148696,0.9571404654277582,-0.13275224849922018,-0.12167816656975172,0.0429808286951141,0.00826086956521732,0.010087424344317421,0.0780141843971629,-0.029232643118148768,-0.042012701514411284,-0.03477600607441145,0.030927835051546282,-0.02083333333333337,-0.07618669490029993
28,2003-03-01,0.038578207642380624,0.058885215504016035,-0.040523667233039684,-0.054064691271490266,0.08393405858340319,0.12100253197012913,0.4020263073809778,0.4020263073809778,0.34615384615384603,0.3999999999999999,1.1478360736426385,-1.2650345890012789,-0.7528656971770744,-6.484394629880527,0.7597796820131659,0.01512007115327618,0.006037084950409666,0.007989347536617952,0.07894736842105265,-0.05771643663739024,-0.06119326874043851,0.04358086847073617,0.030000000000000027,-0.021276595744680767,0.11938302850866722
29,2003-05-31,0.05533930726840941,0.08744341883515405,0.05226747507534735,0.05126946017986645,0.0568984125169345,-0.14812273418648006,-0.4539118214017796,-0.4539118214017796,-0.4571428571428571,-0.4571428571428571,-0.41253403318474224,0.3278589641652729,3.14503288335064,-0.2450783555441769,0.3259351911105939,0.05286214953271018,-0.03429061294470637,-0.02443857331571997,0.054878048780487854,-0.023968042609853524,-0.020912547528517237,0.0015076134479119485,0.006067961165048486,-0.03260869565217395,0.034426858922400834
30,2003-08-30,0.07747889475668734,-0.008058553128658885,0.09146056809183968,0.07177890001020915,0.07041360466017997,0.2434106601869628,0.690338735480281,0.690338735480281,0.736842105263158,0.6842105263157894,0.2980616519146644,-4.928248435919143,-2.325762004175365,-1.3948475383013537,-0.0970595763040315,0.1220527045769766,-0.003106968486462525,-0.0020311442112389555,0.06936416184971095,0.06275579809004084,0.07877947295423038,-0.0064729790757187535,0.013268998793727338,-0.011235955056179804,-0.07452161002969315
31,2003-11-29,0.11656183644074106,0.14372574626214796,0.15685760196606635,0.1701976074157585,0.0957989997473494,0.05694838700970361,0.0339272487861082,0.0339272487861082,0.03030303030303028,0.03125,-0.6175900286918382,-0.567456333541832,-3.0027084908037285,-1.0444518112229522,0.004778248763729343,0.00889987639060563,-0.0013357079252003243,0.002035278154681075,0.08648648648648649,-0.05648267008985885,-0.05451272820776543,-0.01863636363636356,0.014285714285714237,-0.017045454545454586,-0.022592576088409592
32,2004-02-28,0.030932030639125863,0.0011504695166248966,-0.10715255975275706,-0.14191315362811407,0.10604613590541477,0.10486405502494177,0.43521779794241133,0.43521779794241133,0.4411764705882351,0.4242424242424241,3.6320772368371816,-0.16916795275303498,-0.19836452272369864,68.38440677966102,0.32995932816512474,0.008821367311933281,0.02229157378510926,0.035883547731889065,0.09950248756218903,-0.07074829931972781,-0.0590155017677455,0.07287324378570315,0.04694835680751175,-0.005780346820809301,0.16672745509255038
33,2004-05-29,0.03871417437137503,0.00889002410010531,0.025329357140160717,0.01981718806446509,0.04459167579188472,-0.1517888511535309,-0.4311948865842161,-0.4311948865842161,-0.4489795918367345,-0.42553191489361697,-0.7572283754635127,0.9165423431329532,-0.8423571876961707,-1.326913681577456,-0.08110640412598558,-0.06145251396648044,-0.015699956389010006,-0.0019607843137254832,0.043740573152337925,-0.14641288433382138,-0.14739884393063585,0.005612318319182741,0.01457399103139001,-0.01744186046511631,-0.010745965378453293
34,2004-08-28,0.049365578607095666,0.06357531962313145,0.02116704933139668,0.02504893066117564,0.061519700479997434,0.1571807865624748,0.4626381796243708,0.4626381796243708,0.4814814814814814,0.4444444444444444,2.053708695218129,-0.2879252713036311,-1.4925335988053758,-2.3188420958244906,0.11640797202483565,-0.04710144927536231,-0.0194949047408064,-0.003274394237066103,0.060693641618497114,-0.08747855917667235,-0.1020338983050848,0.011591299370349084,0.01878453038674044,-0.023668639053254448,0.03760467688418378
35,2004-11-27,0.07816900528972104,0.09232673829589078,0.0922738411417221,0.10017005576536286,0.07232064796401416,0.024486640082891142,0.015990600626624833,0.015990600626624833,0.0,0.02564102564102577,-0.6095709786742511,0.6596681885409299,-10.485598787266298,-1.7300705957008011,-0.07612453476694038,0.0975013579576316,-0.021238138273836468,-0.001971090670170761,0.06539509536784749,0.03571428571428559,0.04492261230653072,-0.0053755835337389035,0.020607375271149756,-0.024242424242424176,-0.0071189279731993516
36,2005-02-26,-0.04959371349636277,-0.0914990035525518,-0.003562787376010124,-0.012914918595335891,-0.06903488539105608,0.12449938896146427,0.4843307880945156,0.4843307880945156,0.5249999999999999,0.4749999999999999,3.201906303640956,-1.1043155943870795,-19.460952482420627,-0.54524430371888,-0.7159460918096692,-0.027963375402128118,0.052631578947368585,0.0500329163923634,-0.0421994884910486,-0.08892921960072597,-0.07261560693641611,-0.020480728203669415,0.04250797024442088,0.012422360248447006,-0.07963651700471608
37,2005-05-28,0.05386379098112837,0.06076675177229208,0.05603397653322517,0.053113978706331284,0.05288275231172879,-0.15209730411829558,-0.4535142004641397,-0.4535142004641397,-0.4426229508196721,-0.4406779661016949,-0.7089300422456626,-6.8204159960381325,-1.0254018912188465,-1.0825966756544592,0.010895600338574065,-0.027749490835030644,0.00614035087719289,0.0018808777429466519,0.048064085447262934,0.015936254980079667,-0.09816906895208423,-0.0010164077246987981,0.005096839959225052,-0.006134969325153228,0.007290451591401403
38,2005-08-27,0.0441639667625644,0.05776311234788234,-0.022577109783952887,-0.0254425848892329,0.07442476262798436,0.15007863094563656,0.4297038512481928,0.4297038512481928,0.4117647058823528,0.4242424242424241,0.8126654495664081,0.051306595194792866,0.3556742019765988,28.73099173553719,0.3204455569015892,0.14558785022257134,0.009154315605928607,0.010012515644555629,0.07006369426751591,0.09215686274509816,0.10496760259179272,0.02906976744186052,0.011156186612576002,0.0,0.08536333181686584
39,2005-11-26,0.0748296499168768,0.06817868860819742,0.1059140103881504,0.11826528631943845,0.06200824631938096,0.012226257736612123,-0.047962546498635066,-0.047962546498635066,-0.06249999999999989,-0.04255319148936165,-0.5851367853860583,-0.9897923052798768,-0.3934975699681582,0.002585164491514913,0.2433072379982257,-0.08365714285714276,-0.006047516198704139,-0.0074349442379181285,0.06071428571428573,-0.14362657091561948,-0.12431587177482405,-0.012005649717514057,-0.003009027081243732,-0.006172839506172867,-0.04477384445375898
40,2006-02-25,-0.1063825739661074,-0.1756205589456894,-0.015394870018123563,-0.013040820010751795,-0.14546394684649402,0.16332040202115028,0.4702273064923488,0.4702273064923488,0.5111111111111111,0.4888888888888889,4.280657299790612,-126.18235877106042,-83.23970710140921,-2.676232064878353,-0.3280278449969073,-0.016961835869294232,0.024337244676227776,0.017478152309613026,-0.09988776655443332,-0.07337526205450727,-0.04374999999999985,-0.04374553252323077,-0.008048289738430636,0.024844720496894238,-0.16475187490027132
41,2006-05-27,0.04453363846558678,0.04665760915468309,0.025540997954791145,0.02123701172052628,0.053933125593935705,-0.17167246491530486,-0.4925728317215873,-0.4925728317215873,-0.4705882352941178,-0.4776119402985075,-0.7642596695084002,-2.970770095559303,-1.0117261457771596,0.3224331141711119,-0.6455548512900843,-0.035270235980715436,-0.0042426813746287975,-0.008588957055214784,0.05361596009975056,0.07239819004524882,-0.0756302521008404,0.00911944984302582,-0.02231237322515212,0.0181818181818183,0.024930747922437657
42,2006-08-26,0.05038837916767047,0.0988676193168272,0.011548496544420805,0.005510800436589136,0.06909247376042726,0.1513478509100885,0.4491043602075056,0.4491043602075056,0.44444444444444464,0.4571428571428573,0.8487518892301691,-0.7119344704852044,-0.9674785100286531,-1.501550949956849,0.9134802665299846,-0.10126249342451343,0.001704303365999138,-0.006188118811881194,0.06745562130177518,-0.14767932489451485,-0.11060606060606072,0.017777777777777892,-0.021784232365145262,0.011904761904761862,0.09282385834109984
43,2006-11-25,0.07064519510645906,0.11643530087624,0.07151054324871353,0.07512227766132296,0.07025090027537839,0.007466842205795077,-0.021293846840966132,-0.021293846840966132,-0.019230769230769273,-0.019607843137254943,-1.1055386704817411,-2.853263977017585,67.04405286343612,0.6500205738226161,0.7877067038108503,0.09072285630670174,0.005104210974053558,0.0006226650062266527,0.06762749445676297,0.022277227722772297,0.0687109596819988,-0.0004366812227075689,-0.01378579003181335,0.01764705882352935,0.03841889817499555
44,2007-03-03,-0.0034264496338584087,0.014329309890542818,0.052659784736126536,0.04815627791854005,-0.029012152233712892,0.23205145623872925,0.4451543149203854,0.4451543149203854,0.4313725490196079,0.46,-25.732446276861573,-2.5797188694579054,-18.669817428460444,-1.6570165495352531,-0.28949734286970075,0.08746981486450213,-0.024545069826491742,-0.02551337896701944,-0.007268951194184914,0.01937046004842613,0.06110520722635492,-0.025629823794961367,-0.03440860215053754,0.005780346820809301,-0.03227528435921645
45,2007-06-02,-0.022898974163135688,-0.06306496594177602,0.04395898799605846,-0.06293572549523041,-0.05596396732387088,-0.2214019439725673,-0.4916149279544505,-0.4916149279544505,-0.4794520547945206,-0.4794520547945206,-0.7029251080403216,-1.6142227006840308,0.014230859420799604,-0.6520708970244873,-0.1417651993382728,-0.004934616333580165,-0.0039045553145337095,-0.014687100893997385,-0.03556485355648531,0.0023752969121140217,-0.033550325488232224,-0.03377671499028556,-0.016703786191536785,0.005747126436781658,-0.00012729664361188497
46,2007-09-01,-0.013159404855453085,-0.021117485740140274,0.02143526648953831,0.030777059236333008,-0.032079328432152665,0.1380441423479022,0.4047989908931933,0.4047989908931933,0.4473684210526317,0.4473684210526317,0.3628046965999814,-0.8642056690837179,-0.14032989899281822,0.9890247933884296,-0.32855169250427285,-0.09124721051326556,0.014808362369338026,-0.004536616979909258,-0.008676789587852451,-0.05687203791469185,-0.10414507772020733,-0.0191802010827532,-0.02038505096262755,0.017142857142857126,-0.05033101341028679
47,2007-12-01,0.012091213341117957,0.005972448032995237,-0.00480078221183855,0.009378579804725229,0.021840261382503282,0.015291483473589553,-0.05969743143230299,-0.05969743143230299,-0.036363636363636376,-0.054545454545454564,-1.236878388410933,10.56510565391205,-0.5921031067332865,-2.121360191463901,0.5487016419573367,-0.10859481582537513,0.018025751072961338,0.0,0.032822757111597316,-0.10301507537688448,-0.12492770387507225,0.00961993376439052,-0.031213872832369868,0.0280898876404494,-0.003396192689248401
48,2008-03-01,-0.005124108023723206,-0.16471230381064605,-0.07774406141731949,-0.09162632882003284,0.035695067989739426,0.07713566313246377,0.2509476821575323,0.2509476821575323,0.28301886792452824,0.2692307692307692,-10.865916932234189,-2.221016765018148,-0.034821667731234414,-0.5012449977767897,0.17670781849784434,-0.10407101316192237,-0.04679595278246207,-0.04817708333333326,0.04766949152542388,-0.13165266106442575,-0.1123595505617978,0.040924711027803706,-0.047732696897374687,0.0,-0.08044121603443632
49,2008-05-31,0.036960864370346964,0.07770743146523729,0.03909956210299748,0.0444063377615096,0.035890387645072235,-0.1472672572633984,-0.5559995604929419,-0.5559995604929419,-0.5588235294117647,-0.5454545454545454,-0.8243455001214632,-0.7916905954008299,-1.0200456845206327,-0.519449644884253,0.07216490244729656,0.04885548343013313,-0.06368863334807606,-0.05677154582763344,0.03033367037411505,0.0,0.08339538346984376,-0.0010504201680672232,-0.061403508771929786,0.005464480874316946,0.03188999414862481
50,2008-08-30,0.03666849465176392,0.06706762086627527,0.031673647798222904,0.030557666797275118,0.03917629729445582,0.12459940636618573,0.55343397111114,0.55343397111114,0.5333333333333334,0.5333333333333334,0.5539361702127659,-0.4443861999339895,-14.487752928647494,1.9868901119287607,0.20104056107052928,-0.04234527687296419,-0.08266414737836557,-0.07034082668600428,0.04219823356231589,-0.06774193548387097,-0.004810996563573865,0.0025537028691602352,-0.06408544726301735,-0.0054347826086956754,0.03539363009167373
51,2008-11-29,0.015257453341822382,0.041192654412871565,-0.023870164694824614,-0.03373400152082895,0.03476073506620292,-0.03841054387202703,-0.2646812221216085,-0.2646812221216085,-0.26086956521739124,-0.26086956521739124,-1.5967784526010034,-1.2658117268851772,-0.9294512435846822,-2.142833481708453,-0.19129735649232726,-0.15102040816326526,-0.13130792996910412,-0.1177847113884556,0.034839924670433176,-0.18685121107266436,-0.1111878453038675,0.019178903206472864,-0.09700427960057068,-0.021857923497267784,0.07754096116106046
52,2009-02-28,0.01750802666736595,0.02917124134291882,-0.05470449570760272,-0.09644644060950668,0.05146308223404894,0.07886483463408811,0.6120638540478904,0.6120638540478904,0.6470588235294119,0.588235294117647,-8.816142248443132,-6.334165899829105,-0.15444879686625634,-8.877771739130434,1.8634746910300144,-0.0981570512820512,-0.10551274451689384,-0.09372236958443868,0.051865332120109235,-0.12765957446808518,-0.006216006216006265,0.03337253748897373,-0.06793048973143756,-0.02793296089385477,0.13905124947056335
53,2009-05-30,0.05556798411185415,0.10579643585002184,0.10037378122957552,0.11929046935468968,0.03662712376193733,-0.11903348144882107,-0.383411846256136,-0.383411846256136,-0.3928571428571429,-0.3703703703703704,-0.5925932138356735,-0.5320501762081968,-8.878226340172073,-0.5694522056878991,0.28018928209587113,0.13771657041314955,-0.015241882041086785,-0.00585365853658526,0.02768166089965396,0.08292682926829298,0.22126661454261146,-0.017925736235595346,0.016949152542372836,-0.02298850574712641,-0.012047744766296107
54,2009-08-29,0.050905737037328036,0.1020736545028924,0.056481971079786364,0.06829900773263531,0.048403524745752165,0.1301798930557032,0.5547538200339559,0.5547538200339559,0.5588235294117647,0.5294117647058822,0.019494722323721403,0.12692226669475448,-0.7086693548387097,-0.037697957003605335,0.21061472889784594,0.2651308082780164,-0.005383580080753903,0.0019627085377820212,0.04461279461279455,0.2297297297297296,0.23495518565941095,-0.002462697377951684,0.030000000000000027,-0.029411764705882363,0.031615792841281236
55,2009-11-28,0.04061461685275991,0.06492851571655267,0.037163605586578496,0.042136061549856496,0.0421751146307896,0.031623434847295684,0.1162612243693324,0.1162612243693324,0.1132075471698113,0.1153846153846152,-1.0015648899276617,6.237265164968687,-8.435697808535178,-2.0044014719676744,-0.17473911284365307,0.15308641975308634,0.0920162381596752,0.09500489715964733,0.04512489927477836,0.10256410256410242,0.11301192327630892,0.001452221899506334,0.11003236245954673,-0.012121212121212088,0.02185413550293713
56,2010-02-27,0.04553057105390157,0.07136403638135902,-0.019686360001386242,-0.0319651237502242,0.07487892213852687,0.13597507422303098,0.4941171804769711,0.4941171804769711,0.4745762711864408,0.4827586206896553,-1656.8419354838709,0.8948554528841621,-1.8372823515724976,-2.334322502210433,0.2825268153528793,0.06263383297644554,0.10780669144981414,0.11091234347048308,0.07016191210485734,0.016611295681063117,-0.06613879832324165,0.028132250580046536,0.11661807580174945,-0.006134969325153228,0.1067552127963438
57,2010-05-29,0.0405455607680707,0.06146135162326405,0.05241437915297631,0.05665501577133392,0.03567435662147167,-0.14305556979054654,-0.3914714964475629,-0.3914714964475629,-0.3908045977011494,-0.3953488372093023,-0.6643691641129841,-0.4257078887552267,-1.7353063776573572,-1.0501741496485946,-0.011052823647477394,0.12493702770780835,0.032438478747203625,0.037842190016103006,0.0331412103746398,0.052287581699346435,-0.031421446384039875,-0.00465444287729211,0.05352480417754557,-0.012345679012345734,0.0045486805600361
58,2010-08-28,0.01473337379822448,0.01851783797017359,0.04909599209535776,0.05577509175240936,0.00040230290659892814,0.11111457782450906,0.32134522693071044,0.32134522693071044,0.3396226415094339,0.34615384615384603,0.3455709501227631,-0.5019522673597512,11.053917863441672,2.5890218737102764,-0.04011217867405914,-0.08329601433049705,0.03250270855904658,0.03491078355314192,0.01882845188284521,-0.1149068322981367,-0.14984552008238927,-0.014170327334561472,0.04213135068153662,-0.006249999999999978,-0.03529336202190192
59,2010-11-27,0.022083590992078683,0.025080767958832958,0.06401610370748956,0.06826332176935845,0.003744245643229061,0.026687976487436368,0.037517537344227136,0.037517537344227136,0.056338028169014225,0.05714285714285716,-0.8103477281844887,-0.33410379831292003,-0.016314117302788308,3.6036429704928588,-0.19237888561697025,-0.009526135808500258,0.025708289611752425,0.023238380809595286,0.02053388090349073,-0.02456140350877201,-0.07692307692307697,-0.017967514733362,0.027348394768133225,-0.006289308176100628,-0.04044607190412775
60,2011-02-26,0.015475490126430012,0.031608641648613656,-0.02651605265623269,-0.03469700884834315,0.034943425907207226,0.14186269660923845,0.5031287452140805,0.5031287452140805,0.5066666666666666,0.5135135135135136,11.267485499829409,-0.41644301306137055,-0.13160970219818746,-2.7148038427144794,0.4084737836072128,0.16596794081381014,0.058312020460358,0.05347985347985351,0.05432595573440646,0.14028776978417268,0.10039370078740162,0.019174473067915757,0.04629629629629628,0.0063291139240506675,0.06869037294015601
61,2011-05-28,0.03034611108759488,0.05049513505446224,0.09753204077609423,0.09599830616133807,0.0010473950055180923,-0.15769309535814247,-0.36293045358809817,-0.36293045358809817,-0.34513274336283184,-0.3571428571428572,-0.5210182816034412,-0.2041085390157903,0.14387261349107794,-0.8677772145408357,0.03834614607967146,0.08269881556683578,0.04398260028999523,0.033379694019471495,0.004452926208651231,0.028391167192429068,-0.008944543828264706,-0.028436018957346043,0.03207964601769908,0.0,-0.041519233890602185
62,2011-08-27,-0.011870495620738164,-0.019855138873343336,-0.02355565758791256,-0.03980703632971616,-0.006283638529317126,0.09673826548578623,0.2702101031133361,0.2702101031133361,0.2702702702702702,0.29166666666666674,-0.11812227581348178,5.658910547807998,0.4222685705117921,-5.648636143304103,-0.17167423531680515,0.07481930064465736,0.04861111111111116,0.0423956931359355,0.01266624445851816,0.06748466257668717,0.00902527075812265,0.0057649667405765825,0.036441586280814516,0.006289308176100628,0.020795231321547147
63,2011-11-26,0.018551003779088585,0.022960127555204712,0.058328208421545284,0.0789195341511364,-0.000136536363929185,0.012746838462549093,-0.003609856477686857,-0.003609856477686857,0.021276595744680767,0.021505376344086,-0.6385858949429153,-0.4528614074468331,-0.09756345177664973,0.19554656062336773,-0.2477823947190051,0.07869865503453277,0.03796909492273737,0.0322788896061974,0.013758599124452877,0.06609195402298851,0.008348240906380422,-0.018371546149323903,0.02792140641158225,0.006250000000000089,-0.051857996018579884
64,2012-02-25,-0.022300155966167082,-0.034478909241079436,-0.07332392610526361,-0.1081551592777491,0.0030727434156958555,0.16588132333658054,0.5359974446933633,0.5359974446933633,0.5625,0.5578947368421052,6.976899814178316,-0.2533254382811343,0.4531568355395557,-1.9412305740564544,0.31004374795951684,0.016680707666385963,0.0735857082092728,0.0694183864915574,0.03516347933374453,0.0026954177897575704,-0.04080425783560026,0.02590208114987269,0.0482897384305836,0.01863354037267073,0.08261888931658334
65,2012-05-26,0.017431251316698315,0.013732763142300763,0.08198863718342443,0.12944523683286913,-0.012226553895854921,-0.18812698686900556,-0.4107958284312748,-0.4107958284312748,-0.4,-0.3986486486486487,-0.5853159438119107,-2.082360938031041,-0.2064043674482885,-0.6966590288775821,0.07179071061020803,0.09562479284057003,0.030507131537242493,0.02631578947368407,-0.0053635280095351,0.059139784946236514,-0.0012330456226880007,-0.029188558085230576,0.01439539347408836,0.012195121951219523,-0.10246299049712317
66,2012-08-25,0.04861501713844607,-0.11400215199032915,0.12187276094581745,0.05892927746195964,0.011750210152406735,0.16892410917949485,0.08457908681274051,0.08457908681274051,0.09999999999999988,0.101123595505618,-0.2665606802711098,-5.378166213104459,-0.2923952943896869,-5.5921714015940465,-0.3075929329305496,0.013916200272273471,-0.0053825451749327504,-0.019943019943019943,0.02456560814859188,0.020304568527918617,-0.02654320987654324,-0.035027059530968074,-0.03311258278145701,0.012048192771084263,-0.16331748775569
67,2012-11-24,0.0457396354176729,0.06632817734167551,0.10164095408857876,0.14692155296911902,0.014547092724259912,0.0419534788653364,0.03753399010386493,0.03753399010386493,0.050505050505050615,0.05102040816326525,-0.3227256571603065,-0.9419421932152334,-0.03972468444916466,-0.7816787060918786,-0.09698642649419388,-0.04520364016112188,0.0,-0.018023255813953483,0.02865497076023393,-0.06965174129353212,-0.05643627140139496,-0.029911201121670006,-0.03033268101761255,0.011904761904761862,-0.07024491025696222
68,2013-03-02,-0.0167350468995916,-0.02529529193747848,-0.08693645801949945,-0.10980541811179956,0.025799560586776016,0.2589665189997339,0.6063243823845328,0.6063243823845328,0.6442307692307692,0.6310679611650485,3.3281914067985783,18.979617047560218,0.6201639832401047,0.4859631871251886,-0.15959700235919927,-0.09921875000000002,0.01236954000773105,-0.000592066311426831,0.0540079590676521,-0.12299465240641715,-0.11559139784946235,0.043198972217761256,-0.04036326942482327,0.04117647058823537,0.0949030137493634
69,2013-06-01,0.005206409220962271,0.001981649573301602,0.048801893627097526,0.0604803052818903,-0.01830488782345896,-0.2320571328278862,-0.4583975264261565,-0.4583975264261565,-0.4502923976608187,-0.4464285714285714,-0.5346514701813947,-0.7507909028142744,-0.012530316605459113,0.1661835568687029,-0.22146446454773785,0.09991326973113623,-0.012218403970981395,-0.023696682464455002,-0.008090614886731351,0.04268292682926833,0.05167173252279622,-0.02339901477832507,-0.038906414300736165,0.016949152542372836,-0.05513508942539425
70,2013-08-31,-0.0007405766961819937,-0.0027580874954743484,-0.01141273801274656,-0.016038793431551013,0.005408420516992196,0.08098034561700374,0.231191663785866,0.231191663785866,0.2553191489361701,0.24731182795698906,-0.18127605542833655,-0.5962639816403746,-0.20049321497060324,-0.548325221185892,-0.12848471069682846,0.14461441413026346,0.017008117510630028,0.01577669902912615,0.0195758564437194,0.15497076023391831,0.13511560693641633,0.006305170239596425,0.0032822757111599103,0.01666666666666661,0.013469369490311855
71,2013-11-30,0.037494770507102704,0.04920298070028384,0.058476430360226324,0.0744683656694769,0.025607989843822843,0.014578534617335047,-0.0485631999486571,-0.0485631999486571,-0.0423728813559322,-0.0344827586206895,-0.5233461378132578,-4.34044296504929,-0.3802991378378603,-2.552323318115865,0.22885406014566856,0.03582254064480584,-0.0049410870391487505,-0.0017921146953404632,0.034666666666666617,0.015189873417721378,-0.0031826861871420147,-0.011591478696741821,-0.009814612868047969,0.005464480874316946,-0.023489932885906173
72,2014-03-01,-0.028796136719001275,-0.059190490612646814,3.520162871728516e-05,0.0035994021905136897,-0.0456534751568346,0.11814878123956095,0.4051568949017061,0.4051568949017061,0.433628318584071,0.4285714285714286,6.346648987690543,-3.7166892787882966,2.564511584850477,-2.191728980485136,-0.22194011854015594,-0.0478850758180368,-0.03017570664629476,-0.04129263913824055,-0.00412371134020606,-0.07980049875311712,-0.06513409961685822,-0.01727416798732173,-0.020925110132158583,-0.021739130434782598,-0.06257912823295342
73,2014-05-31,0.0009903976269474146,0.005410513787779125,0.022045796949244245,0.025882641950173868,-0.011909815245629174,-0.1706407801420654,-0.4387861949780827,-0.4387861949780827,-0.4197530864197532,-0.41875,-0.7607295999999999,-1.69186732200597,-0.5067692180301707,-2.6265447449975134,0.4639688308286678,-0.08968985750209557,-0.008270972823946399,-0.016853932584269704,-0.0020703933747411307,-0.086720867208672,-0.0744535519125683,-0.012901144976616652,-0.01912260967379087,0.005555555555555536,-0.019969129847578596
74,2014-08-30,0.1056110279130531,0.16805140943912633,0.6592838437573061,0.06321102871292482,-0.24527038807789855,0.10848316218102316,0.1972766931120757,0.1972766931120757,0.2553191489361701,0.25806451612903203,0.9662975445353876,-0.8856749030434765,-2.1235219828227603,3.0579293392609315,1.2860606670543158,-0.06967464702271331,0.0460683081810962,-0.05206349206349215,-0.17686721991701249,-0.06824925816023741,-0.07011070110701112,-0.3174317921908184,-0.03555045871559637,-0.016574585635359185,0.09863175509400546
75,2014-11-29,0.042872313505613935,0.0616248430722306,0.012563121462066285,0.0357352491257652,0.08510131570754953,-0.0006536713408412664,0.006496898902894843,0.006496898902894843,0.05084745762711873,0.05128205128205132,-1.1368293611927305,-6.345045302133124,-0.9410897729781128,-1.2648889442786777,-0.14901759051447586,0.1225668096337842,0.0546697038724373,-0.04085733422638982,0.08254568367989923,0.3662420382165605,0.12063492063492065,0.04068932503590239,-0.019024970273483818,-0.02808988764044951,0.024997760057342555
76,2015-02-28,-0.07863344799876226,-0.14134852926921526,-0.03152637580163453,-0.06539642983428873,-0.13987897684355874,0.13374640670340954,0.4243549474730266,0.4243549474730266,0.4758064516129033,0.4552845528455285,-14.553595927862725,-0.5019120012279519,-44.9275379028074,-0.15205510178402415,-0.16119742718697727,0.10624540778839098,0.079913606911447,-0.027234636871508292,-0.07799767171129224,0.020979020979021046,0.08144475920679882,-0.0664673413063478,-0.023030303030303068,0.0,-0.08129370629370647
77,2015-05-30,-0.023659737478645138,-0.0374429149944302,0.007738925440316623,0.015685539725770692,-0.06962477990952143,-0.17925410740836534,-0.5064769623218017,-0.5064769623218017,-0.4863387978142078,-0.4804469273743016,-0.7740368605048624,-0.4742815033161385,-0.507096354252104,0.6796928933191393,-0.2973409443405126,-0.02470775770456957,0.08400000000000007,-0.03804737975592243,-0.04987373737373735,0.05936073059360725,-0.06090373280943029,-0.047055925104705576,-0.037220843672456594,0.0,-0.05228353948620357
78,2015-08-29,0.00791459169214126,0.017093897500725763,0.008934535015979073,0.015227405071983837,0.00629732199251154,0.09383767361269603,0.2728098907548706,0.2728098907548706,0.2978723404255319,0.30107526881720426,0.6575233074505935,-0.7052272090119021,-0.5061528549140304,-1.2010148111729098,0.08506249695235922,-0.10269681285753207,0.008917589175891694,-0.010447761194029905,0.022591362126245903,-0.05603448275862066,-0.10251046025104604,-0.0018097207859357762,-0.027061855670103108,0.01734104046242768,0.001857336479092364
79,2015-11-28,0.028969648968187656,0.04818639422975912,0.04780753938611393,0.09443894490762016,-0.0009788698064220336,-0.014501235031976643,-0.11831731770445965,-0.11831731770445965,-0.0983606557377048,-0.09917355371900816,-0.6843030884628191,3.7159778661594327,0.08804343138100568,-4.3788622857470445,-0.2648828649880236,-0.11612021857923495,0.004266991770801587,-0.03469079939668174,0.018843404808317032,-0.136986301369863,-0.12354312354312358,-0.029008029008029013,-0.05430463576158928,0.017045454545454586,-0.04228880649363664
80,2016-02-27,-0.05041677430365199,-0.0869993719180554,-0.07920036239218109,-0.14831103563754255,-0.002421900150988754,0.15781033464756966,0.7070679803842175,0.7070679803842175,0.7454545454545451,0.7522935779816511,5.479633742354124,2.121899349161243,0.6145506617315515,-1.140454458054811,0.05060959332595672,-0.17173278378842527,-0.0030349013657056108,-0.010937500000000044,0.047193877551020565,-0.18518518518518512,-0.14804964539007093,0.05041344358495592,-0.026610644257703098,0.016759776536312776,0.07198911792403463
81,2016-05-28,0.012315392971776971,0.018836831102870374,0.028047418388587042,0.058869177522794525,-0.011897841018307929,-0.1988968639149511,-0.5960420894499644,-0.5960420894499644,-0.578125,-0.5811518324607329,-0.6020254589738288,-0.8489993187850884,-0.5164816616387445,0.15541955226284432,0.055658461556365335,-0.024466099937798025,-0.040487062404870766,-0.04186413902053698,-0.0030450669914738877,-0.06818181818181812,-0.047866805411030056,-0.02386998476383939,-0.04172661870503591,0.0,-0.03782332845290382
82,2016-08-27,0.013740434113084676,0.007817536597323205,0.01123240384306734,0.010383648762585684,0.017756605446945798,0.0913598706248604,0.3646743163783752,0.3646743163783752,0.3827160493827162,0.3875,0.2527388461482947,2.4197098743826078,-0.11762391068402378,0.17002369668246442,0.061688246069498735,-0.06099893730074379,-0.043147208121827374,-0.04369332234130252,0.03359804520464271,-0.059233449477351874,-0.0360655737704918,0.003902185223725319,-0.042042042042042205,0.0,-0.002536139994927744
83,2016-11-26,0.08447958017055579,0.08695880162015879,0.12756764940005572,0.2551533606283698,0.015923884856031245,-0.010959981393698914,-0.24448561269310065,-0.24448561269310065,-0.2321428571428572,-0.2342342342342343,0.05417612425251472,2.1882612502985297,-0.31965674250652776,-4.122501861504095,-0.18142958999314696,-0.037573562698053335,-0.07095490716180364,-0.08017241379310347,0.028368794326240957,-0.07037037037037053,-0.01814058956916098,-0.06322881575537709,-0.06739811912225703,-0.016483516483516536,-0.1339944063056191
84,2017-02-25,-0.053474718853733116,-0.10757959608648182,-0.10634156651474792,-0.18939606946024767,0.03988324207078975,0.1957276710007565,1.125624881351642,1.125624881351642,1.1395348837209305,1.1647058823529417,0.08967534856947168,-0.6506543676229815,1.0043031443615065,-1.146158835536733,0.032394937907764376,0.02704609595484464,-0.06281227694503932,-0.05998125585754455,0.07643678160919554,0.0,0.07967667436489599,0.0987551867219918,-0.05714285714285716,0.0,0.1009395184967703
85,2017-05-27,0.004348798405615861,-0.04213639121389423,0.018527161312334783,0.04551928879739786,-0.017168166391287043,-0.22405866063904625,-0.7198563614036393,-0.7198563614036393,-0.7119565217391304,-0.7119565217391304,-0.3158181568943439,-0.13104208785149785,-0.2861566378823765,-2.2405534164328134,-0.03892662528745994,-0.12617357453629507,-0.08187357197258183,-0.07876370887337991,-0.01388147357181002,-0.1872509960159362,-0.1122994652406416,-0.02139979859013097,-0.06951871657754005,-0.011173184357541888,-0.08384447170515763
86,2017-08-26,-0.01354634899992013,-0.03282282784952928,-0.033842713983530226,-0.06399895718579462,0.01837392314277686,0.0708264089993913,0.25167700543283344,0.25167700543283344,0.2641509433962264,0.2641509433962264,-0.2177888327452916,0.1404634329761234,-0.4275147054476664,-0.7233941817034036,-0.011203443279638623,-0.15539832285115307,-0.12691829116549158,-0.11904761904761894,0.028695181375202994,-0.1470588235294118,-0.10361445783132528,0.03241574479032683,-0.11111111111111127,-0.011299435028248594,0.03330034348256383
87,2017-11-25,0.05989081863027468,0.11617130698137634,0.09334514662908601,0.18705040673296391,0.009974655527541955,0.006192026378263993,-0.3494534649262443,-0.3494534649262443,-0.34328358208955223,-0.34328358208955223,-0.20570136255443028,-0.09437655834655567,-0.42160292238385977,1.0842525675161658,-0.02361537897953292,-0.24449270865653105,-0.12589073634204273,-0.11302211302211307,0.015789473684210575,-0.26436781609195403,-0.1586021505376345,-0.047096934961375465,-0.11422413793103448,0.005714285714285783,-0.059721674460532885
88,2018-03-03,-0.02059737277500051,0.007762230645876445,-0.06483151472782178,-0.08275156952343997,0.05085115717650246,0.2578151786116209,2.1654296014746905,2.1654296014746905,2.227272727272727,2.204545454545454,1.893220912215572,3.600241188650481,0.4690575554018166,8.76028834747696,-0.236067737357731,-0.07392197125256672,-0.1630434782608695,-0.15650969529085867,0.06683937823834185,-0.08593750000000011,0.035143769968051235,0.072960251046025,-0.16301703163017026,0.005681818181818121,0.09868775840373888
89,2018-06-02,-0.003843309984680743,-0.003701010153917883,-0.01026232497739743,-0.017370023803092268,0.0053835246352247354,-0.2590227712562939,-0.7754323761621076,-0.7754323761621076,-0.7746478873239436,-0.7730496453900709,-0.3339785291167252,-1.333093443336499,-0.3388123414404424,-4.1086076493740835,0.9606113133414224,-0.1175166297117518,-0.09350649350649354,-0.07881773399014791,0.0063137445361824964,-0.1709401709401709,0.006172839506172646,0.009261515963928879,-0.07558139534883712,-0.005649717514124353,0.013907068062827266
90,2018-09-01,0.04364529311440712,0.08082209473758972,0.07491981515327527,0.1484680698493046,-0.0006098108966423599,0.06585799953298642,0.11618780980356158,0.11618780980356158,0.125,0.125,0.6082924479783178,-2.037427517132314,0.4386775112581565,-0.4266238804713298,0.2809284958579288,-0.019597989949748595,-0.12965616045845274,-0.13190730837789655,0.014478764478764504,-0.030927835051546393,0.05368098159509205,-0.04250181115672546,-0.11635220125786172,-0.017045454545454586,-0.05889946748426656
91,2018-12-01,0.029629106446391162,0.04781621011827486,0.048900101981797166,0.09615767811762366,0.0002987174787281166,0.03312177301808705,-0.49929069265404297,-0.49929069265404297,-0.5,-0.5,-0.93295044439143,-0.2731163403183328,-0.5337687848347893,-1.5601019664203175,-0.1228394898406413,-0.19067145053818568,-0.11851851851851848,-0.11704312114989746,0.004757373929590969,-0.20212765957446802,-0.09170305676855894,-0.028499369482976163,-0.11032028469750887,-0.005780346820809301,-0.044067215363511665
92,2019-03-02,-0.12819899415450484,-0.12735779680146442,-0.13451239233498702,-0.2244829094731373,-0.1181231540243346,0.0909066624541468,-11.420998603925431,-11.420998603925431,-11.722222222222221,-11.722222222222221,8.570498504863924,2.9686016974184275,2.536651366719189,1.3743444710818098,-0.3049679153011162,-0.1253958201393286,-1.4547152194211015,-1.4488372093023256,-0.08238636363636376,-0.1333333333333333,-0.02564102564102566,0.011682242990654236,0.0,-0.01744186046511631,0.12520179372197293
93,2019-06-01,0.2157590980712243,-0.054445402678075405,0.477778221090666,0.17012156146998114,-0.19463772457545525,-0.22216397748286587,0.4621561666397418,0.4621561666397418,0.5077720207253886,0.5077720207253886,-0.6437038003820552,-1.5399119270607209,0.0013559453360323381,-1.7976114411024602,0.3815831432285917,0.16292541636495272,3.3470225872689934,2.8860103626942997,-0.16718266253869962,0.2769230769230768,0.0,-0.3376956633307673,0.0,-0.047337278106508784,-0.1918805462564429
