,Quarter end,Assets,Current Assets,Liabilities,Current Liabilities,Shareholders equity,Revenue,Earnings,Earnings available for common stockholders,EPS basic,EPS diluted,Cash from operating activities,Cash from investing activities,Cash from financing activities,Cash change during period,Cash at end of period,Price,ROE,ROA,Book value of equity per share,P/B ratio,P/E ratio,Equity to assets ratio,Net margin,Asset turnover,Current ratio
0,1994-01-29,0.07181026013412506,0.0946243754604621,0.1486658559267473,0.14520176082171687,0.009476473204788505,0.12603290434954895,1.814177852348993,1.814177852348993,1.8000000000000005,5.0,0.2813542718951847,0.08783124390060815,1.5335375556970083,-1.351716861691924,-0.8383387609053994,-0.04854368932038833,-0.0426179604261796,-0.015368852459016424,0.008450704225352101,-0.22356495468277948,0.035012285012284934,-0.058131111915972526,-0.02777777777777779,0.004366812227074135,-0.044156983117737185
1,1994-04-30,0.07181026013412506,0.0946243754604621,0.1486658559267473,0.14520176082171687,0.009476473204788505,0.12603290434954895,1.814177852348993,1.814177852348993,1.8000000000000005,5.0,0.2813542718951847,0.08783124390060815,1.5335375556970083,-1.351716861691924,-0.8383387609053994,-0.04854368932038833,-0.0426179604261796,-0.015368852459016424,0.008450704225352101,-0.22356495468277948,0.035012285012284934,-0.058131111915972526,-0.02777777777777779,0.004366812227074135,-0.044156983117737185
2,1994-07-30,0.12727287219309624,0.16314906198841414,0.23769191805960355,0.06849209755847553,0.02536927409621237,0.12603290434954895,1.814177852348993,1.814177852348993,1.8000000000000005,5.0,0.2813542718951847,0.08783124390060815,1.5335375556970083,-1.351716861691924,1.82392439691619,-0.217687074829932,-0.0426179604261796,-0.015368852459016424,0.022346368715083772,-0.22356495468277948,0.035012285012284934,-0.09055950778696407,-0.02777777777777779,0.004366812227074135,0.08858610881732254
3,1994-10-29,0.08293590047267707,0.12094978913508747,0.12601473291558762,0.14235349138396236,0.034946899546348,0.13670536228112296,0.20360709494708606,0.20360709494708606,0.2142857142857142,5.0,-0.817287018013283,-0.5125940238768891,-0.6920057158111271,-0.33146986637578396,0.4317921620431529,0.0565217391304349,-0.0426179604261796,-0.015368852459016424,0.03551912568306004,0.03501945525291838,0.035012285012284934,-0.04418604651162783,-0.02777777777777779,0.004366812227074135,-0.0187534240802395
4,1995-01-28,-0.0995899659175492,-0.14053564223192527,-0.2957869837997581,-0.10419684659150552,0.13820146014919232,0.4622163891289486,3.712321981424149,3.712321981424149,3.5882352941176467,5.0,-19.544848326359837,0.9024493841143991,-6.3174263281329655,3.9149500305935145,1.4822241358100627,0.15637860082304522,-0.0426179604261796,-0.015368852459016424,0.12664907651715018,0.11654135338345872,0.035012285012284934,0.2641008626410086,-0.02777777777777779,0.004366812227074135,-0.04054286205119384
5,1995-04-29,0.054111526050542036,0.08102330875776675,0.08999686952696018,0.025094918908784125,0.027202015011071223,-0.35648865904354443,-0.9212656364974244,-0.9212656364974244,-0.9230769230769232,5.0,-1.3582644132805946,-0.5682071891047109,-1.2792245148423718,-2.1408830608349243,-0.6812617702448212,0.056939501779359476,-0.0426179604261796,-0.015368852459016424,0.023419203747072626,-0.06397306397306413,0.035012285012284934,-0.02554680664916897,-0.02777777777777779,0.004366812227074135,0.054521038495971334
6,1995-07-29,0.0771373882356583,0.10420583989421717,0.12528525964449266,-0.005892943899859947,0.03882535692337141,0.11417869272130975,1.9215620827770359,1.9215620827770359,2.0,5.0,-0.42280518764883,0.42416408135125816,0.3226770139413502,-1.033717673589641,0.07206716940060631,0.04377104377104368,-0.02013778484366724,-0.015368852459016424,0.034324942791761785,0.021582733812949728,0.035012285012284934,-0.035553959418207826,-0.0023809523809524835,0.013043478260869712,0.11074794125137943
7,1995-10-28,0.1725997170784357,0.2278413148325149,0.33484743447804904,0.2728203123203239,0.03275155255498974,0.09973117121994136,0.15891694276248147,0.15891694276248147,0.16666666666666674,5.0,0.7429506631661495,0.6105530678930171,0.6963316804693787,-0.014023732470334394,0.06627991298042057,0.19354838709677424,-0.019469983775013636,-0.015368852459016424,0.030973451327433787,0.15140845070422548,0.15311572700296727,-0.11934462856078952,0.002386634844868896,-0.01716738197424894,-0.035311652080865064
8,1996-02-03,-0.1288218674473227,-0.19110823197192608,-0.3534017006565433,-0.10487229755978568,0.12137663429265565,0.5043156251922873,3.190950315457413,3.190950315457413,3.0476190476190474,5.0,-4.142001995344197,0.5864141869552149,-3.1611086454140587,-2.8654266958424506,-0.11595484221980412,-0.027027027027027084,0.01709873138444573,0.03850156087408951,0.11373390557939912,-0.05504587155963303,-0.058672156459083975,0.28731501057082465,0.014285714285714237,0.02183406113537112,-0.09634354078358363
9,1996-05-04,0.4960246321202222,0.6700559272238151,1.2349800799996804,-0.05176677196984225,0.02132897290304037,-0.3618499581667751,-0.9151788864582598,-0.9151788864582598,-0.9176470588235294,5.0,-1.3648391193903473,-0.4852690413035241,-3.1987692002634387,-142.36070381231673,2.0390030002307866,0.286111111111111,-0.04121475054229928,-0.11923847695390775,-0.07899807321772645,0.15533980582524265,0.2170585019136142,-0.31729348004598457,-0.023474178403755874,-0.09829059829059827,0.7612116961115252
10,1996-08-03,0.34375806406116305,0.17860038257128166,0.2513632966569284,0.7206971793507184,0.4736410864773433,0.6065163491429919,-3.378535773710482,-3.378535773710482,-3.2857142857142856,5.0,-0.2676325534565436,21.817981043526274,-0.8067513511076184,-1.957920504522446,-0.4142112191170514,0.2181425485961124,-0.3733031674208146,-0.4004550625711037,0.4728033472803346,0.3221288515406162,0.20889487870619927,0.0964637960067356,-0.3605769230769231,-0.061611374407582915,-0.3150466708151837
11,1996-11-02,0.24346747088555046,0.3500038214441463,0.4505004322076882,0.603994816265051,-0.0036686325943764424,0.11807697818111262,-0.6480121254517897,-0.6480121254517897,-0.6875,5.0,2.4597585981918164,-1.0362796062315751,1.5527407876535393,-1.0592693976905552,0.5913314031372887,0.09397163120567376,-0.3637184115523466,-0.4155597722960152,-0.007102272727272706,-0.2563559322033898,0.4775176514306949,-0.19855199648968835,-0.368421052631579,-0.07575757575757569,-0.15833272766916195
12,1997-02-01,-0.16810754741401135,-0.2286216198215,-0.3612891278351612,-0.11834508929776588,0.16761188076778888,0.8432323186447606,-31.442861874792982,-31.442861874792982,-27.8,5.0,-3.151651075236229,-3.2339928857269897,-2.9988574562405743,-1.4955422391113709,-0.18414120841819412,0.01944894651539708,1.116312056737589,1.1071428571428572,0.15879828326180245,0.02564102564102577,0.39260563380281704,0.4035039693402685,0.8869047619047619,0.1202185792349726,-0.12508095505375405
13,1997-05-03,0.11950893759728465,0.15036189259140142,0.24041127791023695,-0.10330294732606048,0.00457420995916924,-0.4765151935148054,-1.0795804454502922,-1.0795804454502922,-1.0746268656716418,5.0,-1.646038031144847,0.4612131163855302,-1.7484868973311252,-0.026249815661406828,-0.2197776594328319,0.1903815580286168,-0.2285522788203753,-0.21109399075500768,0.003703703703703765,0.0277777777777779,-0.4493407982662091,-0.10278915545153113,-0.20504731861198733,-0.009756097560975618,0.2828661666008685
14,1997-08-02,0.0986928587253526,0.12017195971969286,0.18007347958796727,0.07038866327638149,0.0031669354426777647,0.049509644059078095,-1.1066447908121408,-1.1066447908121408,-1.1,5.0,-0.4635331624619052,0.217905060273786,-0.3519960201783937,-1.3038013024382855,0.08557655390128405,0.17963272120200324,0.0842745438748913,0.0625,0.002460024600245969,0.17567567567567546,0.3512627090849461,-0.08695652173913049,0.09920634920634908,-0.03448275862068961,0.04650715494691493
15,1997-11-01,0.12897109343397006,0.16300001507646278,0.2172716535723429,0.1196548282572336,0.0070441898527005,0.07287859227390814,3.1,3.1,3.0,5.0,-0.21561915771790865,-0.12707954704319868,-0.19008848842377468,0.09571286141575276,0.08637560419695832,0.10302858760260404,0.033653846153846256,0.03308823529411775,0.006134969325153339,0.0988505747126438,-0.02475728155339818,-0.10785714285714287,0.057761732851985485,-0.020408163265306145,0.038706120198493066
16,1998-01-31,-0.05477227742064339,-0.20240802810470412,-0.3838812145132253,0.0689975883508187,0.4945342284283685,2.234087658585961,26.914634146341466,26.914634146341466,18.25,5.0,-7.373038261810728,0.7377001921844972,-5.11427074758662,1.0154686078252957,0.5089166214505336,0.13240954580446518,-0.14031007751937985,-0.08896797153024905,0.17439024390243918,0.12552301255230125,0.05400696864111509,0.5809981318388047,-0.2764505119453925,0.2552083333333335,-0.25387500884705216
17,1998-05-02,0.06661719292640034,0.09253670966541884,0.11968155720605367,-0.2200914580747352,0.030105109314073175,-0.6199459348670253,-0.9908480917655228,-0.9908480917655228,-0.987012987012987,5.0,-1.2433874383008243,-0.3819284437153232,-1.3202273191178049,-3.2103837471783296,-0.2347413338447524,-0.06231588488556539,-0.02524797114517585,0.03515625,0.012461059190031154,-0.2007434944237918,0.3204250295159385,-0.03426738690074271,0.03773584905660377,0.004149377593360981,0.4008726996774805
18,1998-08-01,0.11066880690602998,0.15081788098079607,0.2440865058284913,0.30631424519297656,0.010884997189606338,0.0006899047979964656,6.963280293757651,6.963280293757651,5.0,5.0,-0.25042868913913285,0.5807461751811756,0.01902784439451688,-1.7645016339869282,0.2345091159701773,-0.10802319961333996,-0.04532839962997226,0.0,0.009230769230769155,-0.11860465116279062,-0.2047567954220315,-0.08984443279147003,0.013636363636363669,-0.01652892561983477,-0.11904117009750816
19,1998-10-31,0.17101019157847408,0.24325302580579836,0.3617315027158732,0.2091036838544995,-0.004537323851489861,0.03952443953536355,-3.5717798954810944,-3.5717798954810944,-3.5,-3.5,0.5978985313487231,-0.2936759489849823,0.42168988090445736,3.109938551963665,0.7807298010556232,-0.26171769168247083,-0.2713178294573643,-0.2566037735849057,-0.005081300813008172,-0.2691292875989446,-0.3035754441196312,-0.14979834837718464,-0.23318385650224216,-0.02941176470588225,0.02824750192159886
20,1999-01-30,-0.15690921804197197,-0.22873701588651274,-0.3626263920436241,-0.2891691020899564,0.10211031528377036,0.973425825487808,-7.345804446569447,-7.345804446569447,-7.466666666666668,-7.2666666666666675,-3.809254358510328,0.09939099310860633,-2.770313126208856,-0.813728995352163,0.08166726042037764,-0.26128440366972483,0.1702127659574466,0.17005076142132006,0.0980592441266599,-0.2563176895306859,-0.058120762027768724,0.3069798960921617,0.3508771929824561,-0.1341991341991342,0.08499345916651091
21,1999-05-01,0.0490931807900421,0.06289512610706471,0.1051321021307845,0.1259248468825349,0.008287489148846472,-0.4534387467775709,-1.0350449245606437,-1.0350449245606437,-1.0309278350515465,-1.0319148936170213,-1.1420503181284691,-0.140528195534391,-1.2371809068225776,-1.5890769499214796,-0.04447606249835323,0.2980625931445604,-0.07272727272727264,-0.0780911062906724,0.00651162790697679,0.17961165048543706,0.04148097360301661,-0.038886968544763145,-0.06926406926406925,-0.010000000000000007,-0.055978504254366235
22,1999-07-31,0.0784632989203835,0.0942753801392522,0.1793363691132699,0.18634222828993985,-0.0020441437714452393,0.006554825076563242,0.18677774791722654,0.18677774791722654,0.3333333333333335,0.3333333333333335,0.4230446667080823,0.16873498233215556,0.4964777407741707,-4.338270142180095,0.1553839790431546,0.019135093761959432,-0.13970588235294126,-0.14117647058823546,-0.007393715341959317,0.012345679012345512,0.06912442396313367,-0.07462686567164199,-0.13953488372093026,-0.005050505050505083,-0.07761640636403455
23,1999-10-30,0.1578715745918633,0.2330866188177021,0.3208756958386973,0.3774541879490461,-0.008137826768051748,0.0751020109657754,2.3994565217391304,2.3994565217391304,2.5000000000000004,2.5000000000000004,0.24663036004671104,-0.10828657120743036,0.11396898246684373,-0.14924578527063004,0.11441527446300714,-0.27938415321066457,-0.002849002849002691,-0.008219178082191636,-0.009310986964618184,-0.27235772357723576,-0.17949507389162556,-0.14341235911387473,-0.0108108108108107,0.0050761421319796,-0.1047988289749574
24,2000-01-29,-0.18274291518780286,-0.2586082284721177,-0.4015047408719317,-0.16010398818316096,0.10213694161411267,0.8477159594730861,-8.944244604316546,-8.944244604316546,-8.642857142857142,-8.5,-5.571459838038958,-0.0969159410855236,-4.024222056260891,-0.6924280350438048,0.031577932925000995,-0.07295466388744143,0.1299999999999999,0.1408839779005524,0.09680451127819543,-0.06703910614525144,-0.08555347091932453,0.3486842105263157,0.11475409836065588,0.02020202020202011,-0.11728831536149895
25,2000-04-29,0.04873231591794891,0.06947031062900623,0.13056079646247246,-0.1262461977427043,-0.007079662354564586,-0.4562385356863645,-1.110490612867792,-1.110490612867792,-1.1121495327102804,-1.1142857142857143,-1.4381960070857471,0.11581666366312238,-1.4659437946050065,-14.410647677178705,-0.4105172467483936,-0.25688589094997183,-0.11630847029077117,-0.11380145278450372,-0.0068551842330762955,-0.32335329341317365,-0.3541239228559705,-0.053153910849453416,-0.11274509803921573,0.0,0.22399118854510847
26,2000-07-29,-0.045113916323282544,-0.3006848985758668,-0.04075244490729102,-0.4017834858485325,-0.04850107447914487,-0.29454859724776394,3.7566972755558927,3.7566972755558927,3.666666666666667,3.666666666666667,-0.21958350632607126,-0.5549125168236877,-0.12461520115539025,-1.0782846161626378,0.05451760023948293,-0.02344931921331317,-0.6752503576537912,-0.6666666666666666,-0.049180327868852514,-0.01769911504424759,0.0933926302414232,-0.0035530289571860108,-0.6574585635359116,-0.034653465346534684,0.16901178010471218
27,2000-10-28,-0.03379487900751088,0.3081017038225109,0.33763640787905635,0.5811833296995244,-0.32460085487482193,0.035252456536037265,5.38200992357887,5.38200992357887,5.410714285714286,5.3392857142857135,-0.08626820704369688,0.9721802237677653,-0.0747167031614212,-4.9996770025839785,-0.2067796610169491,0.05809450038729658,-14.515418502202644,-14.311475409836063,-0.3257713248638838,0.11711711711711704,2.450900639163277,-0.3009449099661258,0.0,0.0,-0.17270818754373696
28,2001-02-03,-0.2507158956481957,-0.2076140735876878,-0.4887874109282124,-0.44674997914634496,0.11844003862293095,0.1325612308195694,-1.2380442880070397,-1.2380442880070397,-1.2311977715877438,-1.2309859154929577,-2.6095142370346758,-8.621159153633856,-3.878981204298965,0.3600096907049988,-0.3545324407393373,-0.2035139092240117,0.16036505867014328,0.14532019704433494,0.10228802153432026,0.17741935483870974,0.0,0.4924764090793166,0.0,-0.1794871794871794,0.4322449670106583
29,2001-05-05,0.020767051260379032,0.0174646341385849,0.0305786028857149,-0.003067748943057391,0.013813143179868259,-0.06874331911287446,-0.9968704711096176,-0.9968704711096176,-1.0,-1.0,-1.0993915116252504,-1.1186837594456918,-1.1112380086555491,-1.1860934623834691,0.10221453964319503,0.171875,0.05084269662921348,0.05161290322580636,0.012210012210012168,0.06849315068493156,0.0,-0.00683526999316475,0.0,0.012499999999999956,0.020611859201511876
30,2001-08-04,0.05371434574126255,0.060949036781962285,0.13754183316314794,0.014101982425763103,-0.006680643144792664,-0.03262708742394527,-36.90268456375839,-36.90268456375839,-inf,-inf,0.1308711976093786,0.08719826417141308,0.1258428114145611,0.4476707083599234,0.13425062879124128,-0.010196078431372602,-0.0721732157177225,-0.08231083844580778,-0.009650180940892428,-0.02564102564102566,0.0,-0.057295251204404714,0.0,0.08641975308641969,0.046177883224350465
31,2001-11-03,0.038682959125569516,0.049726523899067177,0.1056669905292884,0.19411320708776936,-0.016583827797898798,0.0330393650284615,0.5294887372651649,0.5294887372651649,0.5555555555555558,0.5555555555555558,-0.2728843417575717,-0.42824622676811774,-0.7453079866309755,-6.059951509808244,-0.5988990921423354,-0.20760697305863707,-1.2120426390089312,-1.2284122562674096,-0.021924482338611658,-0.19736842105263164,0.0,-0.053111881730242734,2.532258064516129,0.0625,-0.1209137673543892
32,2002-02-02,-0.13437247171567926,-0.20290109572894244,-0.28941459145292725,-0.17961487976143442,0.009450954400559873,0.4722612423134731,-1.3991077976044977,-1.3991077976044977,-1.3571428571428572,-1.3571428571428572,-11.623677957415087,0.17474775020452693,-12.461908437741227,-1.585747266628915,0.8746016260162601,-0.04900000000000005,-1.2948369565217392,-1.297560975609756,-0.003735990037359804,-0.03278688524590168,-0.7285738339787843,0.16615265998457973,0.0,0.10695187165775376,-0.028377273013276194
33,2002-05-04,0.060014649013930825,0.09190060297321924,0.10080306962798602,0.19909343407668836,0.03337994443324388,-0.20564937700643293,0.8690858980248048,0.8690858980248048,1.1999999999999995,1.1999999999999995,-0.7610036137814891,-0.2820000928548215,-1.0675853494275502,2.872685357328772,1.8068142391228923,0.3974763406940063,-0.5898617511520737,-0.5901639344262295,0.03374999999999995,0.4067796610169492,0.0,-0.0251239669421488,0.0,0.03864734299516903,-0.08939904157492551
34,2002-08-03,0.002317219041805929,-0.0025289516597108985,-0.002887225713557262,-0.003111745608966765,0.005937439357992957,-0.027524467975680755,-0.7363807651347587,-0.7363807651347587,-0.7272727272727273,-0.7272727272727273,-1.3712450683548951,0.8426770126091174,-0.8240073585773418,-1.891619940087564,-0.5739573289821751,0.26561324303987965,-1.6629213483146068,-1.68,0.0036275695284160303,0.22289156626506013,0.0,0.0035605289928788424,-0.9315068493150684,0.046511627906976834,0.0006044874302171267
35,2002-11-02,0.061605043615982964,0.09465726411652507,0.15770188250690054,0.10464294254020734,-0.004653671235292034,-0.012615225389676521,-2.577377252952144,-2.577377252952144,-2.333333333333333,-2.333333333333333,3.0859571944046262,-0.2996104853142436,38.1572299651568,-0.7261156099241902,-0.36897232054778617,-0.0784780023781213,2.0,2.058823529411765,-0.0048192771084338846,-0.07881773399014769,18.23076923076923,-0.06251055921608384,2.0,0.03555555555555556,-0.009061833688699285
36,2003-02-01,-0.05035030624329229,-0.09787802414676727,-0.1995151017480764,-0.03320094678343033,0.06927491773453731,0.4018001227880017,-14.04334121355398,-14.04334121355398,-15.000000000000002,-15.000000000000002,-4.225348704982881,0.6132070745027305,-1.9917134753350758,-12.422426672957457,6.678881787668399,-0.0606451612903226,3.423728813559322,3.4423076923076925,0.06537530266343827,-0.058823529411764726,-0.6868709677419356,0.12614885564966682,3.4000000000000004,0.0042918454935620964,-0.06688183611260534
37,2003-05-03,0.012094228053713518,-0.0073543235060565815,0.006484442208118946,0.009654252665445062,0.015462184546390922,-0.2207156831891115,-0.8460457950700822,-0.8460457950700822,-0.8392857142857143,-0.8392857142857143,-0.8117974472745548,0.6288899931672776,-1.0121018393898609,-1.0081922634742082,-0.007125407166123755,-0.2101648351648352,-0.04597701149425282,-0.03030303030303028,0.01477272727272716,-0.2556818181818181,-0.8205418769959822,0.003200512081933171,-0.03535353535353547,0.0042735042735044795,-0.016871637202152127
38,2003-08-02,0.007374861097156459,-0.006898117787174972,0.030328100179814133,0.045609028283285946,-0.006283779633951657,0.0009416036997749178,-1.7818110467968211,-1.7818110467968211,-1.7777777777777781,-1.7777777777777781,-1.9647056478934992,-0.3234694072110893,0.16311399443929564,68.44033613445379,-0.4983415551990736,0.20695652173913048,-0.16465863453815266,-0.15625,-0.007838745800671898,0.1832061068702291,0.2451205510907002,-0.013558781304833456,-0.16753926701570676,0.008510638297872353,-0.05019350299050074
39,2003-11-01,0.07944261525533758,0.11820778893018202,0.2160525034786842,0.14117465352377612,-0.004844036697247756,-0.0012198783281978098,-0.19977412473334166,-0.19977412473334166,-0.2857142857142857,-0.2857142857142857,0.8923089635796475,0.04441688743588301,60.73944223107571,-0.3806907568313285,-0.6152144643200615,0.17146974063400575,-0.038461538461538436,-0.031746031746031744,-0.0056433408577877256,0.1870967741935483,0.38819732595666206,-0.07810478654592479,-0.03773584905660388,0.00843881856540074,-0.02012594147425617
40,2004-01-31,-0.012571034005031569,-0.00930957124384424,-0.13939183318853174,-0.06353262483410327,0.08304447230621738,0.40131334002027175,-14.380586482672102,-14.380586482672102,-15.6,-15.4,-3.999312234582592,0.05097414863187444,-1.98825548830066,-4.111224011255276,4.974381404648838,-0.1346863468634687,0.28166666666666673,0.2814207650273224,0.07945516458569801,-0.13043478260869568,-0.11823314513450678,0.09700052622346944,0.2679738562091505,0.008368200836819994,0.057879704301075474
41,2004-05-01,0.008223286086979975,0.012952209660842762,0.00048008758233275545,-0.002830111349350517,0.012862211709048001,-0.2328834141572126,-0.9213974310894429,-0.9213974310894429,-0.9178082191780822,-0.9166666666666666,-1.0961017689451846,-0.4053970780804683,-1.034385488357515,-1.2947368421052632,-0.2454033928085845,0.03198294243070365,-0.06241872561768525,-0.06183368869936035,0.03154574132492116,-0.04375000000000007,-0.2075329566854991,0.004477134633834368,-0.05670103092783507,-0.004149377593361092,0.01584213451917726
42,2004-07-31,-0.048773344359451465,-0.08964313706590643,-0.013422547907239513,0.3507335476362503,-0.06969298885807429,-0.02379125547734595,-2.0866259132249887,-2.0866259132249887,-2.0,-2.0,-0.7588910351096466,0.9004231798946369,-28.307633877706042,1.6056299011251278,-0.8473804573804574,-0.04132231404958675,0.004160887656033507,0.002272727272727426,-0.04587155963302758,-0.07189542483660137,0.0023764258555132307,-0.02196752626552056,0.0,0.008333333333333305,-0.3260113347664647
43,2004-10-30,0.130928141630974,0.20525587443113213,0.3851038683576527,-0.13973853676036066,-0.028584116321948794,-0.014998743655460056,3.3166849615806804,3.3166849615806804,3.666666666666667,3.666666666666667,19.612315425699027,-0.3127243808225403,-3.3352387310329483,-1.0526754827154738,0.2924669663533579,-0.12643678160919536,-0.3190607734806631,-0.3310657596371882,-0.033119658119658,-0.08450704225352101,-0.13940256045519206,-0.14095052083333315,-0.3278688524590164,-0.012396694214875992,0.4010090466249132
44,2005-01-29,-0.104414940331663,-0.20260245249476186,-0.28008471470594354,-0.23204103098733145,0.05277841133232775,0.4090397509456372,-2.7738080101716465,-2.7738080101716465,-2.75,-2.75,-2.792802816686735,0.003107746222765995,-2.2722892570843207,-2.353516534699581,-0.9114319842608208,-0.01809210526315796,-0.5496957403651115,-0.5525423728813559,0.04640883977900545,0.015384615384615332,0.4953168044077136,0.17544524441076148,-0.5609756097560976,0.02092050209205021,0.03832940105136795
45,2005-04-30,0.002657500299956705,0.010318115313177056,-0.01430494731755649,0.09443823588589928,0.013036848320300498,-0.2619304698322902,-0.8861909540534729,-0.8861909540534729,-0.8979591836734694,-0.8979591836734694,-0.6806604094402503,-0.4965887742658449,-0.7592697483908719,-1.966276668960771,3.341531138437128,-0.018425460636515845,-0.004504504504504458,0.0,0.011615628299894263,-0.06060606060606066,1.0563743551952838,0.010315925209542387,0.0,0.008196721311475308,-0.07685868048634648
46,2005-07-30,0.016004570268745022,0.03583497774661648,0.06028396127520508,-0.06699891465656638,-0.010358775634206507,0.031254967140830425,-3.1653282947567316,-3.1653282947567316,-3.4,-3.4,-1.5538709333901282,0.8380254026450176,-2.3400031112666744,-1.0916429249762585,-0.07053449063499317,0.04180887372013653,-0.28054298642533937,-0.28787878787878785,-0.01148225469728592,0.024193548387096756,0.0938899838738576,-0.026005105296745382,-0.2962962962962963,0.004065040650406582,0.11020425789178212
47,2005-10-29,0.10507584894762778,0.1813212943117839,0.29702450620470056,0.28624573265404,-0.017365577685548028,-0.009520928059764788,0.3662012798138452,0.3662012798138452,0.4166666666666667,0.4166666666666667,0.446321709245596,-0.5064472465626558,0.14575321791876486,-7.371761658031088,0.4835348471444018,-0.03439803439803457,0.7295597484276728,0.7553191489361701,-0.017951425554382228,-0.02362204724409456,0.3793611793611793,-0.11072891072891068,0.736842105263158,0.012145748987854256,-0.08156676650200312
48,2006-01-28,-0.16708453428640968,-0.22319273341254453,-0.3870766326560353,-0.1943022729999354,0.018143446773528197,0.2666183818966694,-1.8569831807536723,-1.8569831807536723,-1.8823529411764703,-1.8823529411764703,-4.981887670322366,-0.3145207852193995,-4.0842125261224735,-3.720471640577353,-0.8866949377153459,0.061916878710771776,-1.3418181818181818,-1.3454545454545457,0.026881720430107503,0.08870967741935497,-0.40529628310176935,0.22232455332473733,0.0,0.0,-0.035871590716584856
49,2006-04-29,0.006850212581136717,0.02635058575864857,0.031524965570721264,0.051376445227399266,-0.005656683266526019,-0.17214062101852867,-0.1483137693310974,-0.1483137693310974,-0.2,-0.2,-0.541234403038017,-0.3771320277953253,-0.8719293346583771,-6.442460020923629,42.59122807017544,0.09265175718849837,-0.7340425531914894,-0.7192982456140351,-0.01465968586387445,0.05925925925925912,0.0,-0.012356841470765543,0.0,0.03200000000000003,-0.023808477926641647
50,2006-07-29,-0.0348398418214968,-0.04389964115536205,0.06644740341483303,0.017692559102298718,-0.08809906938324963,-0.032142078485043364,-0.6865018595493327,-0.6865018595493327,-0.6666666666666666,-0.6666666666666666,-0.9714283115323741,0.4562204192021637,1.1903357168050792,-2.013085087394104,-0.989844515099073,0.11257309941520477,-6.84,-6.624999999999999,-0.04569606801275239,0.13286713286713292,0.0,-0.055233445224290516,-0.4848484848484849,0.027131782945736482,-0.06052288169914055
51,2006-10-28,0.11175655793954477,0.186729425276748,0.22219100329682928,0.25085961419059233,0.04384613418530359,-0.006623538264231677,-0.5966503838101884,-0.5966503838101884,-0.5,-0.5,-13.833492518306274,0.252930934416715,-1.8472112428634169,-1.091740756803643,8.941875825627475,0.21156373193166897,1.363013698630137,1.4111111111111114,0.03786191536748329,0.26543209876543195,1.6299920127795533,-0.06104651162790686,1.323529411764706,0.03396226415094361,-0.05125011974327054
52,2007-02-03,-0.020281935877695667,-0.00709436192652102,-0.19630352100031007,-0.18829109319987192,0.10645418467167866,0.4724149791765322,59.14936562860439,59.14936562860439,45.99999999999999,45.5,-8.658447035475067,-0.5278858625162127,-1.509477649335614,39.49800561382774,36.424528301886795,0.2581344902386116,2.423188405797101,2.4147465437788016,0.07618025751072954,0.2146341463414636,-0.4662516133930605,0.12934296525627784,2.316455696202532,0.032846715328467065,0.2232431340872376
53,2007-05-05,-0.015486543068805703,-0.020021809377684274,0.01919187303134784,-0.03749641525666758,-0.033622996486687214,-0.26981196541374985,-0.7242159560494348,-0.7242159560494348,-0.7234042553191489,-0.7204301075268817,-1.0021800253958382,0.5486656200941915,1.1356622011192132,-1.2609518806701905,-0.25397913064472033,0.2495689655172413,0.11600338696020328,0.1120107962213226,0.017946161515453696,0.1606425702811245,-0.6284495021337126,-0.018428266829119692,0.11068702290076328,0.0,0.018159306644655482
54,2007-08-04,-0.10974442714688926,-0.16310329730444986,-0.0020409790056495907,0.0030649578267061273,-0.16915066972361936,-0.03855728337228237,-0.1870393547489918,-0.1870393547489918,-0.15384615384615385,-0.15384615384615385,-147.1411589895988,0.4595793208312216,1.9905828172145463,0.41864821416090026,-0.4829717973367853,0.04967230079337703,0.1570561456752655,0.14927184466019414,-0.1273261508325172,0.031141868512110763,-0.06814701378254218,-0.06671838634600458,0.13058419243986252,0.0176678445229681,-0.16566680178354276
55,2007-11-03,0.1452645148797702,0.23359260595513495,0.5838238206255939,0.4630784385244917,-0.14528572720036514,-0.05000778880090262,-0.38855627779678414,-0.38855627779678414,-0.3636363636363635,-0.3636363636363635,-1.535214990900125,0.6240125010851636,-1.0238109145748924,-0.3411408807386459,-0.615460377948987,-0.106802497535327,0.14754098360655732,0.08447729672650461,-0.03703703703703709,0.02348993288590595,-0.21898110106820048,-0.2536990856192851,0.08510638297872353,0.0,-0.15687703444590195
56,2008-02-02,-0.16399640078654631,-0.2334623354749581,-0.15386353034130018,-0.25307186927593306,-0.1764361411220836,0.3703880508966291,5.435515456707232,5.435515456707232,6.5,6.5,-5.9941489361702125,0.1036510397177528,-56.060437109723466,-0.9305295903564004,-0.11118824205285327,-0.3495217071376012,0.061142857142857165,-0.03115871470301845,-0.08508158508158514,-0.3245901639344262,-0.39978958442924784,-0.0149253731343284,-0.04761904761904767,0.013888888888888841,0.026276362798202117
57,2008-05-03,-0.014506013582072487,-0.019344413147647344,-0.02821455579024224,-0.04811089970100568,0.0027847125857105577,-0.18464301948350792,-0.6249633211976309,-0.6249633211976309,-0.5904761904761905,-0.6000000000000001,-0.7769540343563136,-0.12351060738157515,-0.8603189261657979,-2.3035522066738428,0.1630712881419838,0.2341628959276019,0.19439956919763055,0.08140703517587933,-0.001273885350318471,0.349514563106796,0.14548641542506568,0.01763907734056991,0.032352941176470466,0.0513698630136985,0.030207748455923774
58,2008-08-02,0.0053673172058466,-0.010256650859622464,-0.04290531518373841,-0.02812468505391874,0.06437188409780957,-0.04029215284272425,-0.245848908980266,-0.245848908980266,-0.2558139534883721,-0.23809523809523805,-0.28437675870184353,0.9024093722369584,-0.7911906280809604,-0.94467382328654,0.007757143518732913,0.3959670027497708,0.10009017132551844,0.029739776951672736,0.05994897959183688,0.3992805755395685,0.2731446059678653,0.05866666666666665,0.01139601139601143,0.016286644951140072,0.018421626335295427
59,2008-11-01,0.17652120785063774,0.2987678472532949,0.3105180173264319,0.8367125607882873,0.029242280393086295,-0.07565131393815905,-0.5293756003842459,-0.5293756003842459,-0.53125,-0.53125,-3.5289547686001623,-0.34412943705338983,-18.277322594084154,-13.791044776119405,-0.09845821557409062,-0.10833880499015104,0.01516393442622954,-0.005415162454873501,0.02767749699157629,-0.15938303341902316,-0.15444711538461542,-0.12510495382031905,-0.011267605633802802,0.006410256410256388,-0.29289307502943385
60,2009-01-31,-0.14887794165617466,-0.22473195432095686,-0.3300710257371517,-0.3941284822365356,0.10470097960242764,0.33804988351377285,5.430845852384063,5.430845852384063,5.533333333333332,5.466666666666668,-3.040934790802865,-0.42021347269586784,-2.6714839166010256,0.041540256709451606,-0.11374757875420527,-0.3037555228276878,-0.12515139281388776,-0.07803992740471878,0.09836065573770504,-0.3241590214067278,-0.3070362473347548,0.29774472168905963,-0.07122507122507127,-0.009554140127388644,0.27957314765761
61,2009-05-02,0.002402164670796569,-0.0003640033943029808,-0.054880301940502974,-0.07149166658577544,0.05101794552458872,-0.1647998244234321,-0.5400114263949725,-0.5400114263949725,-0.5408163265306123,-0.5463917525773196,-0.5481060466147084,-0.01779848751050339,-0.6697089768989595,-4.658749719919337,0.4695884738158918,0.08355367530407176,-0.04799261652053522,0.008858267716535417,0.05223880597014907,-0.013574660633484116,0.1302564102564101,0.04862266592715847,0.015337423312883347,-0.003215434083601254,0.07659549299106883
62,2009-08-01,0.018862050882408887,0.03184868486044512,-0.009481547746422849,-0.022029397620590863,0.040493580360914334,-0.048253589522588285,-0.21495404487869507,-0.21495404487869507,-0.22222222222222232,-0.2272727272727272,-0.2507943968203693,1.0064551252138747,-0.9948315522813964,1.8889093024680017,0.9231145552033188,0.17081503172279167,-0.03780901599612218,0.009756097560975618,0.03951367781155013,0.1146788990825689,0.1578947368421053,0.021156558533145242,0.01812688821752273,-0.00967741935483879,0.05510383474343472
63,2009-10-31,0.13090992855009256,0.2151979338290957,0.2532495167551938,0.3589411930712756,0.04202616855076924,-0.047211078562113484,0.06630805470590295,0.06630805470590295,0.05714285714285716,0.08823529411764698,-1.4263368199980908,-0.1285321136478158,-4.878873239436619,-2.1101265554448516,-0.532872042737217,0.05543976656940397,0.054911838790931984,0.12173913043478254,0.040935672514619936,0.016460905349794164,0.04467084639498431,-0.07855662983425428,0.11275964391691384,0.006514657980456029,-0.10575370997136167
64,2010-01-30,0.009060732474182487,0.028745277522288726,-0.13409190474092006,-0.14647519048240865,0.1341481645910818,0.4134297462785035,2.4741006957037817,2.4741006957037817,2.5135135135135136,2.4864864864864864,-9.063719531699828,-0.2529021927678691,0.8409586056644879,-5.541437519095631,5.1806042651447495,0.07464454976303325,0.0792741165234001,0.10938845822566744,0.1657303370786516,0.0323886639676112,-0.037509377344336126,0.12385235150833808,0.1306666666666667,-0.016181229773462702,0.2052521253056947
65,2010-05-01,-0.0067206032010915795,0.000608210756158245,0.06476460189707534,0.08671938361719378,-0.054411171425946536,-0.15589497567109512,-0.4694873108972534,-0.4694873108972534,-0.4692307692307693,-0.4728682170542635,-0.5725262606708769,-0.3196999464190033,-47.9897435897436,-1.0958053366747118,-0.08030437065833017,0.2851892686512312,0.05884955752212395,0.06055900621118005,-0.06265060240963849,0.10196078431372556,0.11691348402182378,-0.04801600533511163,0.07547169811320753,-0.016447368421052544,-0.07923088071887541
66,2010-07-31,-0.04119164938463082,-0.08390965506132253,-0.04646804873557142,-0.05979303454908436,-0.037227908469951165,-0.07517475440468535,-0.30450105549393536,-0.30450105549393536,-0.2898550724637681,-0.2941176470588236,-0.7224320487003647,2.402117791196289,-0.3177242925142085,2.96036866359447,-0.34580452810521634,0.003431512725193153,0.02925198495612192,0.02708638360175697,0.03427592116538136,0.07117437722419928,-0.0865317515701326,0.004203152364273155,0.03728070175438592,-0.006688963210702337,-0.02565716984101996
67,2010-10-30,0.12026860951743612,0.16561585600428996,0.4024611746528792,0.2484507906154443,-0.08968576417834484,-0.07570543521936712,-0.544872289528513,-0.544872289528513,-0.5306122448979591,-0.5208333333333333,-4.391929390525225,0.04977363926329858,-1.274830199822817,0.3290667907842681,-0.7025382078483521,-0.07010544314619549,-0.04141291108404377,-0.0727013542409124,-0.08864954432477222,-0.10299003322259126,-0.1161191749427043,-0.18747820020927808,-0.059196617336152335,-0.01683501683501687,-0.06634356488960691
68,2011-01-29,-0.09072029975482664,-0.12345281841040867,-0.2927368464207737,-0.2169023243044066,0.14084091248668518,0.438624589185759,5.219905052560191,5.219905052560191,5.391304347826088,5.260869565217392,-3.7503646901119696,-0.42569405307392616,-6.768445558739255,-2.056932736323386,2.496238676644348,-0.07140668096843407,0.03684879288437104,0.029208301306687057,0.14454545454545453,0.018518518518518382,-0.02247191011235949,0.2547757029405453,0.008988764044943975,0.02054794520547953,0.11933325643096104
69,2011-04-30,0.08534396477152684,0.12492215125903396,0.11622964123387725,0.1271803975044794,0.06339611720830217,-0.19202103041391286,-0.5232292944436873,-0.5232292944436873,-0.5170068027210885,-0.5138888888888888,-0.5500840378295663,-0.18512671729669766,-0.9993014808605756,-0.16095898516081694,0.5990571085789602,0.2541254125412542,-0.031045751633986932,-0.02987303958177745,0.06354249404289125,0.09818181818181816,0.1874447391688769,-0.02018474170372908,-0.013363028953229494,-0.016778523489932806,-0.002009584170660106
70,2011-07-30,-0.08954490272621463,-0.16827881281580115,0.04376130150757773,-0.06557213343941437,-0.18898090614372445,-0.049002097331158345,-0.3199481618417793,-0.3199481618417793,-0.2816901408450704,-0.2857142857142857,-1.1188418495360228,-0.015864704958374776,2136.222222222222,-3.1255594418744588,-0.7963014494795608,-0.04921052631578937,0.011382799325463822,-0.016166281755196188,-0.06945481702763256,-0.10596026490066224,-0.055845122859270346,-0.10928770949720668,-0.02031602708803604,0.003412969283276279,-0.10992358529533253
71,2011-10-29,0.22650520051636505,0.3331903810018384,0.5470861914779346,0.3467139921408411,-0.08124700721452649,-0.024717791857839955,-0.8825771375725135,-0.8825771375725135,-0.8823529411764706,-0.88,5.10328418230563,1.874015748031496,-1.7674031713023135,-1.0111869984871675,0.03662522263916035,-0.06172156102961535,-0.041267194664443514,-0.08763693270735529,-0.0818619582664527,0.007407407407407306,-0.06861198738170338,-0.2508820070560565,-0.07603686635944706,-0.010204081632652963,-0.010035384883113951
72,2012-01-28,-0.16384306856974884,-0.2326580144129695,-0.3254174926363633,-0.23921202336923364,0.09734405929046064,0.4667438587490314,26.37947494033413,26.37947494033413,28.833333333333336,28.16666666666667,-4.282491955941621,-0.4669196593854128,-2.7710520967414127,2.4005535784895216,0.14346005638313852,0.14247787610619467,0.059999999999999824,0.020583190394511064,0.09440559440559436,0.2463235294117647,0.2142252328535139,0.3124018838304554,-0.007481296758104604,0.027491408934708028,0.008613617719442246
73,2012-04-28,0.021626018241526657,0.0379603360035603,0.060264498329619436,0.1902089531821758,-0.01677046474084498,-0.2246638962992955,-0.6448221757322176,-0.6448221757322176,-0.6424581005586592,-0.64,-0.5798626328590498,-0.3753168732854116,-0.6417787128239456,0.6306976744186046,0.2045895516944578,0.05447973147430951,0.0016406890894176132,-0.04621848739495793,0.01517571884984026,-0.0383480825958703,-0.05369595536959548,-0.03767942583732065,-0.06783919597989951,0.023411371237458182,-0.12792656712949513
74,2012-07-28,0.0291268215445446,0.030536842417566268,0.1939857824385678,-0.10548402575647432,-0.1475352317132984,-0.05905378294467045,-0.4582290286163059,-0.4582290286163059,-0.421875,-0.4285714285714286,-1.2932984026373209,1.3505475568402914,-1.6241777720826929,-2.4897318881916712,-0.2530186142834652,-0.08276199804113615,-0.03112203112203116,-0.08634361233480181,-0.08890637293469716,-0.0950920245398772,-0.06116433308769342,-0.17153511497824747,-0.07816711590296499,-0.006535947712418277,0.15208846845646518
75,2012-10-27,0.19659721437491484,0.3052956232308297,0.3828310498755838,0.2711556529909176,-0.08292222698867258,-0.06882549544882466,-1.2712117780294452,-1.2712117780294452,-1.2702702702702702,-1.2777777777777777,2.38430212038118,-0.06960079462680924,1.8897233674918312,-1.2191269385410684,0.07422299323919003,-0.05605979711692477,-0.018596787827557137,-0.06943105110896819,-0.05613126079447328,0.033898305084745665,-0.008634222919937207,-0.2335583895973993,-0.05555555555555547,-0.016447368421052544,0.026830114490574708
76,2013-02-02,-0.15074613710481174,-0.22403310966616408,-0.30488349017638994,-0.2044711964885415,0.1980922611099083,0.5459251193567299,-21.091364623350593,-21.091364623350593,-21.9,-21.7,-3.5433439761259167,-0.21855062148903184,-2.728653212008549,-2.2398427260812586,-0.08566642015183301,-0.16091628959276014,0.05555555555555558,0.01658031088082912,0.1967063129002744,-0.11147540983606552,-0.11005542359461606,0.41044045676998375,0.015479876160990669,0.0,-0.02455231444982553
77,2013-05-04,-0.009616075491581387,-0.014568643811375124,-0.05488184641842564,-0.03519663804686535,0.0498204821788002,-0.2521153236348207,-0.7312012104383683,-0.7312012104383683,-0.7320574162679425,-0.7294685990338163,-0.8101710205085826,-0.4853137299547865,-0.8864215457957753,-2.953488372093023,0.1830276819464849,0.17762049207954145,-0.04283965728274175,-0.05504587155963303,0.04357798165137616,-0.014760147601476037,0.04982206405693956,0.06014341892204489,-0.05182926829268309,-0.00334448160535128,0.02136012007851296
78,2013-08-03,0.03716569272836878,0.05268339069599093,0.0455343572301643,0.05926683161226909,0.02727308135436912,-0.06540342764413143,-0.4393962824359015,-0.4393962824359015,-0.4285714285714286,-0.4464285714285715,-0.6371899041257498,1.1663401377741265,-1.144795561452177,-1.7087842712842711,-0.1096568948917942,0.007441327990841629,-0.06479113384484225,-0.033441208198489836,0.02783882783882774,-0.0337078651685393,0.0322033898305083,-0.00960069823259868,-0.022508038585209,-0.010067114093959663,-0.0062174994347729
79,2013-11-02,0.18510684717963755,0.2957072979293984,0.3433598558897053,0.2403632769520541,-0.005289743401580171,-0.059668465010623624,-1.525046893964471,-1.525046893964471,-1.53125,-1.5483870967741935,-8.01241126631555,-0.2267051753311161,37.222823823406905,-1.4982822242015523,0.0613696912709607,-0.012215909090909085,-0.07702825888787601,-0.03125,-0.0071275837491090455,-0.03875968992248069,0.004926108374384342,-0.16060806345009915,-0.02631578947368418,-0.006779661016949157,0.044647935388465454
80,2014-02-01,-0.18510258363290052,-0.23524777033304825,-0.3657184413194284,-0.2765127596022773,0.10836412371894566,0.39925063603958205,-9.863402332667857,-9.863402332667857,-9.647058823529411,-9.470588235294116,-2.7596593432430314,-0.21201946655600407,-2.342333801880727,-0.7694075587334015,0.013333136461624706,-0.057808455565142476,-0.25629629629629624,-0.2211981566820277,0.11270638908829865,-0.05241935483870963,-0.03349673202614378,0.3601049868766404,-0.20270270270270274,-0.023890784982935287,0.057004410083301586
81,2014-05-03,-0.04629630161893628,-0.0641963282997089,-0.01867397145216021,0.02217692705997254,-0.0719803156550669,-0.20544191278701296,-0.96030965110903,-0.96030965110903,-0.9591836734693876,-0.9583333333333334,-0.620809703375991,-0.2586776463829176,-0.6208783180452959,-2.625692137320044,-0.021390374331550777,0.0033577533577533463,-0.2403718459495352,-0.22337278106508876,-0.02709677419354839,-0.09787234042553196,0.2983939137785292,-0.027016595908915475,-0.22457627118644066,0.006993006993007089,-0.08447512104666732
82,2014-08-02,-0.010047846313157692,-0.011739664643649284,-0.0033421679715994745,0.0007420546782481717,-0.016641125012252792,-0.0670490473912232,4.9551971326164885,4.9551971326164885,5.0,5.0,-0.4616310710020946,0.4288297597520021,-0.5943816375471052,2.4931880108991824,-0.07635383630380732,0.26498326741709777,0.016608391608391667,0.04190476190476189,-0.026525198938992082,0.3018867924528301,0.6503906250000002,-0.006545021816739327,0.021857923497267784,0.013888888888888841,-0.01249015415775856
83,2014-11-01,0.17749660251632982,0.2661565601860381,0.4886193827300551,0.2804054911959044,-0.13254828165096688,-0.07384200447897415,-1.1725850135419802,-1.1725850135419802,-1.1666666666666667,-1.1666666666666667,-2.723378724796829,0.5503525583077202,-4.419182854729731,-1.0887285491419656,0.007334805667950972,0.07936507936507953,0.09458297506448844,0.09323583180987204,-0.09059945504087197,0.10869565217391307,0.04773175542406305,-0.2633260131762827,0.07486631016042766,0.02054794520547953,-0.011109845031905263
84,2015-01-31,-0.1541022311781669,-0.2089498004908884,-0.3064637593038587,-0.2227815063385533,0.10645698334043363,0.4392161467624729,-28.442894507410635,-28.442894507410635,-30.66666666666667,-30.0,-3.702619446993913,-0.4506997084548104,-2.911058620104056,-23.476923076923075,-0.16366342337728845,0.0015597147950088266,0.13511390416339353,0.11204013377926424,0.09662921348314613,0.10130718954248374,-0.059864457831325324,0.30785907859078576,0.09950248756218903,0.010067114093959663,0.01774500201647755
85,2015-05-02,0.00789844800173123,-0.0162842139424072,0.009907354127945966,0.04165156873852771,0.00574504464568415,-0.19637505656325135,-0.6588726159841578,-0.6588726159841578,-0.6573033707865168,-0.6551724137931034,-0.6583510289479437,0.5260336500185765,-0.8229066526638931,-2.4598611518529383,0.28568148332408483,0.06295884315906553,0.26989619377162644,0.255639097744361,0.0457650273224044,-0.03264094955489627,-0.08890668802563073,-0.0020721094073766766,0.2533936651583708,0.003322259136212757,-0.05559015001415235
86,2015-08-01,0.009431639265119474,0.0070630110648945985,0.19784702934039688,-0.028513195048937345,-0.19337200252869333,-0.05526863497741042,-0.4525191692794834,-0.4525191692794834,-0.4262295081967213,-0.4333333333333333,-0.6670894030277064,0.2364357262103507,-0.9220856237027576,-1.6582719356999331,-0.14626958967718895,-0.05922980326496441,0.04523160762942791,-0.02035928143712584,-0.15610711952971912,-0.09815950920245398,-0.2514285714285713,-0.2007890365448504,-0.02166064981949456,0.0,0.036624108373793714
87,2015-10-31,0.13514720046047654,0.23188112767731986,0.22288248744177494,0.22517289956863373,-0.0050895193370510405,-0.07705470675861338,-1.0855069176684056,-1.0855069176684056,-1.0857142857142856,-1.088235294117647,-3.2082847141190203,-0.0437130801687764,-31.0114168618267,-1.425111925111925,0.07283440545299236,0.0002224694104560054,0.040667361835245115,0.02078239608801957,-0.004643962848297267,0.18367346938775508,0.007633587786259444,-0.1236684853208626,0.014760147601476037,0.006622516556291425,0.005493234647854672
88,2016-01-30,-0.13175641521687698,-0.2153008258645696,-0.26527026217527605,-0.06908763595998346,0.13055335869142226,0.4187226930497261,-63.687002652519894,-63.687002652519894,-65.0,-64.33333333333334,-5.507483098919885,-0.5618602188492764,-3.7559379237019486,-2.770464337003351,-0.120196291902959,-0.08896797153024916,0.025551102204408812,0.0,0.1275272161741836,-0.08333333333333337,-0.099067599067599,0.3021049510821228,0.0,-0.00328947368421062,-0.15711081718327669
89,2016-04-30,-0.020574016837664688,-0.038481263676148784,0.0724502663332971,-0.034854550385585936,-0.13934792565963885,-0.17133690285214276,-0.5910485338298143,-0.5910485338298143,-0.5833333333333333,-0.5842105263157895,-0.7289593633849825,0.2589459550184625,-0.8244011382620268,-2.385156144382858,0.1892361111111112,0.023193359375,0.11431362970200287,0.05149700598802398,-0.03655172413793095,-0.09404388714733536,-0.03557567917205695,-0.1213570127504553,0.040000000000000036,0.01320132013201314,-0.0037524732209865963
90,2016-07-30,0.011227912494608194,0.02183514351602489,0.09590521282817743,-0.013814884216731492,-0.12349493770098408,-0.08336285545587874,-0.41242660182622415,-0.41242660182622415,-0.3625,-0.3670886075949368,-0.5816234369235858,0.4013438566552901,-0.7453893132848246,-1.5876439586179971,-0.09350830874359373,0.14006203769983314,0.07365190705830771,0.039863325740318915,-0.12598425196850396,0.18339100346020756,0.06841046277665996,-0.13319512827157298,0.034965034965035,0.006514657980456029,0.0361594302150392
91,2016-10-29,0.1370028190513708,0.2367224369858849,0.2044152495185736,0.1871127594830857,0.0029015746148099986,-0.08116743063030117,-0.9394232885758308,-0.9394232885758308,-0.9411764705882352,-0.94,-3.066465991668947,0.020321181216226503,-8.611621279290691,-1.2282012954658694,0.023539892751289315,0.032858936793637605,0.05757452021233168,0.02519167579408532,0.0016380016380015405,0.1812865497076024,-0.019460138104205882,-0.1177877428998506,0.02027027027027017,0.0032362459546926288,0.041837409120951685
92,2017-01-28,-0.1296721654920333,-0.17706406605474825,-0.2650126558170681,-0.11478063721653466,0.1936522496904096,0.4285064287768952,64.46366279069767,64.46366279069767,66.66666666666666,65.66666666666667,-4.948987699370255,-0.5204013128449948,-3.7468434737389495,-7.243813682678311,-0.14359841320322042,0.0042553191489362865,0.0003861003861003187,-0.02350427350427353,0.1880621422730988,0.002475247524752477,-0.014724711907810441,0.3713995255845477,-0.026490066225165587,0.003225806451612856,-0.07041806762672076
93,2017-04-29,-0.004971055049209805,-0.0042679903738916955,-0.011772302542010782,-0.03873297032839906,0.005033582835098249,-0.17883867323619196,-0.4281400563955683,-0.4281400563955683,-0.4285714285714286,-0.425,-0.6816039405489793,0.7116416517614121,-0.8149362573785823,-2.6979834479543072,0.28471190680947545,0.028450363196125924,0.06869934388267063,0.08533916849015323,0.01789401238816235,-0.1333333333333333,-0.002599090318388675,0.010130961205831568,0.08843537414965996,-0.003215434083601254,0.03589708592097174
94,2017-07-29,-0.005157793732008531,-0.01589884207709047,0.06419471141138278,-0.07989593920691207,-0.10546944892606724,-0.05821002215475635,-0.4346948283895015,-0.4346948283895015,-0.4137931034482758,-0.417391304347826,-0.8302244482411589,0.3485233984552476,-1.1115248480880575,-1.6673989153566282,-0.14790585872723672,-0.049637041396900165,0.02094618996027453,0.044354838709677484,-0.06828938471940504,-0.06552706552706555,-0.142671009771987,-0.101027397260274,0.034374999999999815,0.00967741935483857,0.0695698003821068
95,2017-10-28,0.1600067610703102,0.24691987729796905,0.2721429948158318,0.21923244817509,-0.032950500736830264,-0.09045845373089843,-0.8498626373626373,-0.8498626373626373,-0.8529411764705882,-0.8507462686567164,-5.8862696443341616,0.40163741113843865,20.00440286186021,-1.2060275663443736,0.03576210966094728,0.04376548307184147,0.009197028652281558,0.017374517374517232,-0.02322206095790991,0.11890243902439025,-0.0022796352583586144,-0.1662585034013605,0.01510574018126887,0.0031948881789138905,0.022667077302125138
96,2018-02-03,-0.10529334941761292,-0.1588630359097606,-0.2329705688256817,-0.19427803043554315,0.1837186032697855,0.4782431780372047,22.97712717291857,22.97712717291857,24.0,23.7,-4.121681478346734,0.519518292389789,-2.440386043058649,-4.412880678981528,-0.11783768875405087,0.1382515822784809,0.0757097791798107,0.07685009487666039,0.17904903417533413,0.16621253405994565,0.11805026656511795,0.32310704960835496,0.0714285714285714,0.0031847133757960666,0.04396795759802452
97,2018-05-05,0.04556445802754205,0.029548725846964663,0.05674858650353976,0.07921195099116707,0.029159765646585182,-0.2278133426873917,-0.7019975579043767,-0.7019975579043767,-0.7040000000000001,-0.7004048582995952,-0.5621927192538501,0.03514988531203045,-0.8921033004481042,-2.9973668812170864,0.2668047522276067,-0.12980017376194608,-0.1192570869990226,-0.12334801762114532,0.07624448645242587,-0.26168224299065423,-0.22275204359673015,-0.015786877158362134,-0.10277777777777763,-0.022222222222222143,-0.04603934691051759
98,2018-08-04,0.05891420080996612,0.000827812209232226,0.1783752170301982,-0.02172990608380798,-0.12100645468370885,-0.03613139923800235,-0.2264797208617433,-0.2264797208617433,-0.20270270270270274,-0.20270270270270274,-0.8588532796614543,0.6197105613032383,-5.8297740811509495,-1.4667496704262488,-0.09830325466604972,-0.17791533546325874,-0.03736588975212729,-0.062311557788944816,-0.11416861826697874,-0.2373417721518988,-0.09377738825591586,-0.16992481203007515,-0.02786377708978338,-0.0357142857142857,0.023102509827638285
99,2018-11-03,0.16639197694574914,0.21291173571424493,0.25942575868455164,0.19773809810678175,-0.021450328119196,-0.05953922902642761,-1.2713126965734152,-1.2713126965734152,-1.2711864406779658,-1.2711864406779658,-6.129067641681901,0.034135617847135036,1.132020804970852,-1.5462105758669389,0.05954804386129986,0.0891425795482148,-0.07609531129900071,-0.10289389067524113,-0.021810971579643068,0.22821576763485465,0.11218568665377182,-0.16092995169082125,-0.07324840764331197,-0.030303030303030387,0.01264999704439318
100,2019-02-02,-0.051414991730019836,-0.1168481898959246,-0.13632421034043074,-0.1435323656672577,0.16923162576003992,0.3907675469505012,-17.480628431970715,-17.480628431970715,-17.8125,-17.6875,-3.7607641859138874,-0.1292526937148175,-1.6227432488484292,-5.568802068371157,-0.2567729019341922,-0.20450490633363072,0.011647254575707144,-0.027479091995221028,0.16621621621621618,-0.18581081081081074,-0.14782608695652166,0.2324577186038146,0.030927835051546282,-0.05555555555555547,0.031171560329227743
101,2019-05-04,0.5052509530001528,-0.052225924931050716,0.802077116092087,0.3396846028564269,-0.0645127777433081,-0.189393394392797,-0.8561737021851602,-0.8561737021851602,-0.8550185873605948,-0.8539325842696629,-0.7033928940301589,-0.19566219614417435,-1.3231175068358692,-2.1027414486921527,0.38097927618716604,-0.0246705915335016,-0.08552631578947377,-0.2321867321867321,-0.037079953650058006,-0.16182572614107893,-0.07551020408163267,-0.3783941605839416,-0.10666666666666658,-0.14338235294117652,-0.29255590150014144
