,Quarter end,Assets,Current Assets,Liabilities,Current Liabilities,Shareholders equity,Revenue,Earnings,Earnings available for common stockholders,EPS basic,EPS diluted,Cash from operating activities,Cash from investing activities,Cash from financing activities,Cash change during period,Cash at end of period,Price,ROE,ROA,Book value of equity per share,P/B ratio,P/E ratio,Equity to assets ratio,Net margin,Asset turnover,Current ratio
0,1996-06-30,-0.0428828227794148,-0.05657634283541524,-0.019790454016297976,-0.10473741469686483,-0.04725485442242838,-0.5894751732918375,0.2905444126074499,0.2905444126074499,0.18181818181818188,1.75,-1.3822689975026756,2.7248473159755706,120.325,0.8637492449157662,-0.2190900535262632,-0.232662192393736,-0.38245978204462905,-0.3852785145888593,-0.08045977011494243,0.17766497461928932,-0.3464532871972319,-0.004519505233111175,0.8973577235772359,-0.06976744186046502,0.05380101088910738
1,1996-09-30,-0.0428828227794148,-0.05657634283541524,-0.019790454016297976,-0.10473741469686483,-0.04725485442242838,-0.5894751732918375,0.2905444126074499,0.2905444126074499,0.18181818181818188,1.75,-1.3822689975026756,2.7248473159755706,120.325,0.8637492449157662,-0.2190900535262632,-0.232662192393736,-0.38245978204462905,-0.3852785145888593,-0.08045977011494243,0.17766497461928932,-0.3464532871972319,-0.004519505233111175,0.8973577235772359,-0.06976744186046502,0.05380101088910738
2,1996-12-31,0.10199043506883276,0.08600047415836888,0.25979809976247026,0.5120415377817058,0.07125176394383148,0.0,0.0,0.0,0.0,1.75,-1.3822689975026756,2.7248473159755706,120.325,0.8637492449157662,-0.5228886168910649,0.08163265306122436,-0.38245978204462905,-0.3852785145888593,0.0625,0.17766497461928932,-0.3464532871972319,-0.027956989247311936,0.8973577235772359,-0.06976744186046502,-0.2817640431353613
3,1997-03-31,-0.037521194071809434,-0.06562244173988974,-0.1276455338204101,-0.15109227734346464,-0.01687649815362691,1.2963473466574778,-0.5044404973357016,-0.5044404973357016,-0.5384615384615385,1.75,-3.6336910872608494,-0.9525083419629502,-1.0385328662682876,-0.7305531547104581,-0.29529936456565503,0.13746630727762787,-0.38245978204462905,-0.3852785145888593,-0.047058823529411715,0.06896551724137945,-0.3464532871972319,0.02150934119960657,0.8973577235772359,-0.06976744186046502,0.10067825983028557
4,1997-06-30,-0.06748023877763376,-0.08492693013095333,0.21926838493542974,0.3984852396936054,-0.12576468133244,-0.6212484993997599,4.318548387096774,4.318548387096774,4.25,1.75,0.04163713678242376,-1.0224106602059355,1.0802139037433154,-0.16720128307939053,-0.3489778773452814,-0.15402843601895733,-0.38245978204462905,-0.3852785145888593,-0.13580246913580266,-0.1108870967741935,-0.3464532871972319,-0.06256768138611468,0.8973577235772359,-0.06976744186046502,-0.34566677977604343
5,1997-09-30,-0.07504526990652371,-0.13417078370546254,0.03341458010192766,-0.011877654009477491,-0.10579145728643212,0.028129952456418472,-0.19332827899924188,-0.19332827899924188,-0.19047619047619047,1.75,1.3172308215682935,165.97297297297297,-9.251928020565552,-0.3203338147969829,-0.3643324156916724,0.5378151260504203,-0.38245978204462905,-0.3852785145888593,-0.1142857142857142,0.7777777777777777,-0.3464532871972319,-0.033243486073674784,0.8973577235772359,-0.06976744186046502,-0.1237553932957186
6,1997-12-31,0.12185443078160385,0.167642245256034,0.08641022342295979,0.21026407573492767,0.1334663313617781,11.648554913294795,-1.850146198830409,-1.850146198830409,-1.8235294117647056,1.75,-2.643323790648169,-0.15069601812884426,-1.054828660436137,-7.483589138134593,3.716064420083909,0.1693989071038251,-0.38245978204462905,-0.3852785145888593,0.09677419354838723,0.32015306122448983,-0.3464532871972319,0.010355815188528794,0.8973577235772359,-0.06976744186046502,-0.03522560484825521
7,1998-03-31,-0.01181930517955343,-0.007538545073428214,-0.2557827425594064,-0.3038287361053932,0.06478761511669706,-0.9194162629863204,-0.524874094091635,-0.524874094091635,-0.5238095238095237,1.75,-1.275740385044892,-2.4168096054888513,-3.2443181818181817,-1.4811712433534854,-0.37914311131517775,0.04049844236760114,-0.38245978204462905,-0.3852785145888593,0.0588235294117645,-0.051207729468598966,-0.3464532871972319,0.07752956636005259,0.8973577235772359,-0.06976744186046502,0.4256023948569465
8,1998-06-30,0.09629629629629632,0.13980355234363073,-0.03479367773416786,-0.028015966883500942,0.1250669336251251,0.6998109640831758,1.6194415718717683,1.6194415718717683,1.5499999999999998,1.75,-2.2104325287542523,-1.385256927629809,-1.389873417721519,-1.7706630336058131,0.4706262999768893,-0.1511976047904191,-2.2630252100840336,-2.290183387270765,0.12500000000000022,-0.19755600814663954,-0.3464532871972319,0.02621951219512209,0.8973577235772359,0.024999999999999908,0.1726535740718429
9,1998-09-30,0.009960991919754749,0.017324522236113582,-0.06286405099461477,-0.06548026465890944,0.023673047077082288,-0.3952402135231317,-0.8257994472956968,-0.8257994472956968,-0.8235294117647058,-0.8181818181818181,-1.4730995717344753,-3.8240223463687153,6.4480519480519485,-2.2541740326065614,-0.4013577647169752,-0.3068783068783069,0.756487025948104,0.8102006688963209,0.012345679012345512,-0.3845177664974619,-0.3464532871972319,0.013666072489601831,0.8973577235772359,-0.04878048780487798,0.08861001027447535
10,1998-12-31,0.08001413890613153,0.1085301088483146,0.10501935029905017,0.17862955729166674,0.07570397622753644,27.355645457888926,2.236827195467422,2.236827195467422,2.111111111111112,2.0,-3.0715700141442714,-0.8905786350148368,-2.2589363557105493,-1.6172278778386844,0.41381844909959575,0.4096692111959288,-0.1609848484848485,-0.13903002309468815,0.07317073170731714,0.3938144329896909,-0.3464532871972319,-0.00398593200468933,-0.559007320121407,0.9230769230769228,-0.05947389000498871
11,1999-03-31,0.9904688161056252,1.1941758143862529,6.138922791191297,-0.1254574328523096,0.0788420340511895,-0.9840205450135541,-0.1582356030106774,-0.1582356030106774,-0.14285714285714302,-0.16666666666666666,0.05530520278574347,54.88022598870057,79.08587257617728,8.37807663029688,2.744921831482788,0.424187725631769,-0.028893905191873518,-0.20547210300429186,0.05681818181818187,0.3269230769230771,0.7028457974851092,-0.4579802259887006,0.0611336032388663,-0.2400000000000001,1.5089311313722118
12,1999-06-30,0.1052848984568,0.118666853129187,0.03286182572305685,0.2441970630033159,0.1901427464095664,0.01379870129870131,3.1397379912663763,3.1397379912663763,3.041666666666667,3.0,1.1401397515527951,0.027742953047276364,-0.9831811421258344,-1.4375388944506071,-0.3207036401677789,0.28517110266159706,0.3105532310553229,0.13504388926401067,0.18279569892473124,0.21516164994425854,0.2316362223085893,0.07665580890336599,0.4925600915681037,-0.2456140350877193,-0.10089536205881856
13,1999-09-30,0.06879047912773717,0.07520082588637611,0.02746232566172968,0.1533092201281807,0.11081514222362077,2.4355484387510007,-0.4610709262607997,-0.4610709262607997,-0.4639175257731959,-0.4750000000000001,-0.16252494104843096,-0.8391767992759611,1.1347043701799486,-1.3039082307835013,0.14347857820597046,0.8037475345167651,0.1457963816956369,0.03688280785246878,0.09090909090909084,0.5256880733944953,0.3117702745345534,0.03933037515127058,0.2543456032719837,-0.16279069767441867,-0.0677258428394395
14,1999-12-31,0.04246954821363103,0.044613388142102695,0.030300483294809943,-0.14079779917469049,0.05391517451282657,24.921929620135174,-0.2812936899990679,-0.2812936899990679,-0.6538461538461539,-0.6904761904761905,0.038625370009385714,3.2439442133594323,-0.1873795761078998,-2.722453962763252,-0.21612582020578552,0.3466375068343357,-0.051083591331269385,-0.12105565117613315,0.03333333333333344,0.2339146121467228,0.0707240798652875,0.011061517562584998,-0.25473812920317906,0.16666666666666674,0.21579707971478806
15,2000-03-31,0.06575939350124083,0.05767290561864712,0.03371947571653888,0.21548411885245897,0.09521934265961574,-0.7716733644397695,-0.5332641680715859,-0.5332641680715859,-0.5555555555555556,-0.4615384615384615,-0.06263033504796334,-1.1369270683194004,1.7874925903971546,-2.6326048434731253,0.4501335417888086,0.6784409257003656,-0.12234910277324627,-0.09073107049608352,0.06451612903225823,0.6247563352826513,0.6585037070321276,0.02763915547024953,-0.1930544161881325,0.11904761904761907,-0.1298365619130386
16,2000-06-30,0.07598077410799142,0.0644879863671235,0.015224654074814438,0.01759654391233334,0.1287076724634868,0.4722211284797418,2.7024173381494854,2.7024173381494854,2.75,2.714285714285714,-0.4154987022617723,1.7189473684210528,-0.7722488038277512,-0.17007959479015922,0.2576142131979695,-0.2571359458151912,-0.23197026022304834,-0.2074659009332377,0.11363636363636355,-0.3020395920815838,-0.229612571118938,0.04893537542024662,-0.3280243985089799,0.19148936170212785,0.04608306808077423
17,2000-09-30,0.08660932090999718,0.017054713485278098,0.01796321848015503,0.05487962723272077,0.14019376826690674,0.10131051083177313,0.2045028142589118,0.2045028142589118,0.2,0.15384615384615374,1.6390510022836842,-4.016879597367402,0.4173669467787116,-1.6594010200967784,-0.13507407374333602,0.5757082383588408,0.038722168441432725,0.07699275362318847,0.12244897959183665,0.4146970348087669,0.9049586776859504,0.04932336182336194,-0.04639435199193154,0.125,-0.03585463504773634
18,2000-12-31,1.2382033865525792,0.9793181511756608,0.02954614875528172,0.13104294478527612,2.080527924004488,0.231652824323668,-0.054766355140186906,-0.054766355140186906,-0.6944444444444444,-0.7,-0.04744964184414213,3.457177322074789,149.87154150197628,-21.110736480232717,3.140660974426216,0.32300061996280216,-0.3061509785647717,-0.1555929352396972,1.8545454545454545,0.1786148238153098,0.16633590252457675,0.3763787544544375,0.6462189317821261,-0.4920634920634921,0.7499888199630738
19,2001-03-31,0.04848284575306572,0.09724233197836707,0.01409878420392241,0.01557821653287039,0.05649140032161526,0.11477413884890675,0.3714982532463251,0.3714982532463251,0.2727272727272729,0.3333333333333333,0.6529726456041183,-0.8634555034117409,-0.9883701636953494,-0.9527737142293594,0.03582079131883153,-0.21758825367072776,-0.05171255876427139,0.045816733067729036,0.04458598726114649,-0.7260309278350515,-0.3392821811562661,0.007643940327949572,0.12977834885962092,-0.0625,0.08041281523342247
20,2001-06-30,0.06126667312598899,-0.02273321176998833,0.0012616719896627606,-0.07947359425739188,0.07468192118649486,0.1469984788991474,0.20887201422598167,0.20887201422598167,0.2142857142857142,0.25,0.03413531998045927,-0.5700248808670351,1.7809273512295851,1.6791034386746486,0.09264885007390156,0.0830505090836493,-0.10481586402266274,-0.04857142857142849,0.054878048780487854,0.0376293508936969,-0.18093070611487092,0.012602471552673356,0.029001990332669925,-0.06666666666666654,0.06163858206257111
21,2001-09-30,0.052587780972569,-0.04569380570456072,0.017275909298432483,0.04182138878574082,0.05994306834967955,0.0734938086940431,0.07172106706953453,0.07172106706953453,0.0588235294117645,0.06666666666666665,0.08169471508709769,4.18262063554335,-0.7822330228162548,-1.3372219912700063,-0.02859402607588357,0.05419354838709678,-0.08702531645569622,-0.049049049049049054,0.05587668593448947,-0.0009066183136898776,-0.09088914887393973,0.007008216529724498,0.0069079856313898355,-0.07142857142857151,-0.0840025080125909
22,2001-12-31,0.13774247223227487,0.08371325470186552,0.10546157390508216,0.5722432613054131,0.14419575567624476,0.1732385261797027,0.06621656712542201,0.06621656712542201,0.0,0.0,0.3798891830662992,0.3146550092729268,0.23558586484810906,0.15016565220741196,-0.0338559444080313,0.052456723203357265,0.06325823223570183,0.07157894736842096,0.1405109489051093,-0.003629764065335661,-0.06900989302662264,0.005639548836092967,0.023051591657519355,0.03846153846153855,-0.3107227241139681
23,2002-03-31,0.0356689706418416,-0.19692076058184996,-0.06783697905671304,-0.1864887075292584,0.05566039609860751,-0.023679216406489182,0.032391622016561206,0.032391622016561206,0.05555555555555558,0.0625,-0.5916922163979824,0.06755531244152069,1.294781736076267,1.9724678456591642,-0.10416221634323086,0.00930387107492936,0.0032599837000815146,0.014734774066797575,0.060799999999999965,-0.11475409836065575,-0.11041036717062636,0.019329435628206548,0.001877682403433445,0.03703703703703698,-0.012824261243913004
24,2002-06-30,0.5500456036861994,1.0652092708870669,4.226735576783485,0.291103525149784,-0.07700573527037767,0.21808103735844808,0.19243082937350464,0.19243082937350464,0.21052631578947367,0.17647058823529416,0.7938668733649841,4.4865160055014695,60.750519295944024,-5.393888175241702,0.5108928636937735,-0.1967078189300412,0.05117790414297319,-0.09390125847047437,-0.07993966817496234,-0.24279835390946505,-0.2594930562299699,-0.40454173007140337,-0.014725568942436372,-0.1071428571428572,0.5995710565286219
25,2002-09-30,0.042247601435126965,-0.072400606352925,0.018249691690646275,0.2788884392283826,0.06542427113522753,0.06760972295147782,0.08639742249102668,0.08639742249102668,0.08695652173913038,0.09999999999999988,0.5001485322314942,-0.42783693913111853,-0.9939309387570108,-1.891578191516644,-0.3014779845853943,-0.29877049180327864,0.05023183925811448,-0.06837606837606837,0.06393442622950829,-0.2377717391304348,-0.34963934426229504,0.022213485354825924,-0.007880434782608692,-0.040000000000000036,-0.27468363320606304
26,2002-12-31,0.07869198798386122,-0.09226726587308952,0.03655553324837202,0.18613138686131392,0.11758461773971328,0.19242415475708308,0.16009365244536933,0.16009365244536933,0.2,0.18181818181818188,0.18815820266791472,-0.4618183223944194,0.941656942823804,-0.6972001541727311,-0.13068662867925462,0.1481589713617768,0.07799852832965426,-0.02752293577981646,0.10477657935285056,0.07843137254901955,0.056462996571889475,0.03615384615384598,0.003560668310052195,-0.04166666666666663,-0.23470847399439265
27,2003-03-31,0.028508187401107717,0.0664978877057314,0.008463166803333477,0.0256113828368163,0.04566861015238488,-0.05180668327240967,-0.07610889357312645,-0.07610889357312645,-0.09999999999999988,-0.07692307692307697,0.15220981500280306,-0.2470209828162786,-0.3572716346153846,-0.7336803708488486,-0.04003667219796137,-0.1735810638839399,0.03890784982935158,-0.049528301886792366,0.04323570432357049,-0.2512396694214876,-0.2708532162626455,0.016703786191536674,-0.013919213973799138,-0.0434782608695653,0.03986196980589507
28,2003-06-30,0.018962361812437267,-0.10989441013447863,0.00042482612920768936,-0.09397381427208884,0.034267577182411024,0.05386964160824248,-0.3017961165048544,-0.3017961165048544,-0.2962962962962963,-0.29166666666666663,-0.5430457480242481,-0.1178041826102626,0.14679756895745674,2.108360679126837,-0.12963872054172576,0.11117955035417304,-0.09921156373193164,-0.07940446650124078,0.03208556149732611,0.06401766004415023,0.026701570680628173,0.01496896677619586,-0.09548851370052593,0.04545454545454541,-0.017571319535856222
29,2003-09-30,0.03767204042292671,0.12808701339703732,0.020350650949557902,0.2718102821268613,0.05150521068116731,0.12113756656577256,0.5817284293958145,0.5817284293958145,0.5263157894736841,0.5294117647058822,1.3586187050359713,-0.837088034218842,-0.4421116999592336,-2.6326624285681497,0.24318208232776595,-0.020509977827050885,-0.013129102844638972,0.005390835579514697,0.05051813471502586,-0.049792531120332,0.01249362570117296,0.013309352517985484,-0.02631578947368418,0.0,-0.11300519622358962
30,2003-12-31,3.243031481386404,0.7562753662918815,1.505868903452218,5.092449621502852,4.58925594162657,1.1644770085901972,-22.77061538461539,-22.77061538461539,-14.86206896551724,-16.46153846153846,-0.6772406725067714,5.4754037908400335,3.573620752648885,-1.6863649142535846,-0.13426162704370348,0.005093378607809784,-3.42350332594235,-3.928954423592493,1.620221948212084,-0.04366812227074235,-0.038277511961722584,0.3171813986510472,0.0,-0.26086956521739124,-0.7117278935743482
31,2004-03-31,0.0008057706562907273,-0.14711768980085538,-0.0556982180405996,-0.10372630148829742,0.020437586342220367,0.8067401490770232,-0.9584095105510704,-0.9584095105510704,-0.9701492537313432,-0.9701492537313432,6.483216148786572,2.5980637813211844,7.458539702827928,-0.7529081674449086,-0.0383198348419882,0.3547297297297296,-0.3010064043915829,-0.251258581235698,-0.003294117647058892,-0.4840182648401827,0.0,0.019673898396442624,0.0,0.11764705882352945,-0.048415861203461086
32,2004-06-30,-0.02988570906502297,-0.03862096056279829,-0.009051813171474963,0.09316105987862212,-0.0365841882736474,-0.005498927533770681,-1.0200737899898054,-1.0200737899898054,-1.0,-1.0,-0.1940079106490672,-1.9471146845620588,-3.627705791243248,-15.962784915043516,0.5962184388262299,0.23192019950124695,-0.2338568935427573,-0.20965770171149145,-0.032577903682719615,0.23893805309734506,0.0,-0.006871943967226235,0.0,0.05263157894736836,-0.12054604349838037
33,2004-09-30,-0.022405585487131563,-0.1614254444149642,0.007483510852856813,0.08059026412125969,-0.03229010780963304,0.008376596017172666,43.45949214026603,43.45949214026603,inf,inf,0.12129986525022728,-1.5545666320190639,0.14032174588113522,-2.6855909952029067,-0.6296008160377066,-0.01686909581646423,-0.1879271070615034,-0.17478731631863875,-0.01805758906783783,0.014285714285714237,0.0,-0.010113107119095077,0.0,0.049999999999999815,-0.22396737700605107
34,2004-12-31,0.016092059528647562,0.5274407052486285,0.012561376353915632,1.9415423669100167,0.017307669953870564,0.0819196872307999,-0.2197291122715405,-0.2197291122715405,-0.2727272727272727,-0.10000000000000007,0.0707175156084936,0.20409454703244775,-1.1218536659165264,-1.0999990141081128,0.16997732071635266,0.05027453671928628,-1.0252454417952317,-1.0253045923149016,-0.013916500994035852,0.07042253521126772,0.0,0.0012098400322624325,-0.964487743557511,0.1428571428571428,-0.48072685357833
35,2005-03-31,-0.011244460087207142,0.027282133395199804,-0.024631554739186882,-0.02555546389920904,-0.006656802024961661,3.572759241965429e-05,0.5147966119418592,0.5147966119418592,0.625,0.3333333333333333,0.11132224200124252,-0.9764055797750671,-4.651638602208943,1.2017154687962142,0.31987089812697245,-0.1517725861787289,3.4722222222222223,3.4444444444444446,-0.008064516129032251,-0.13815789473684206,18.42157632888191,0.004564983888292185,3.3008849557522124,0.04166666666666674,0.0541881569497944
36,2005-06-30,-0.08767172322049055,-0.09448124666347736,-0.3328155986562856,-0.5599184064845031,-0.005182895221752526,0.03033674604713843,-0.2060380137143909,-0.2060380137143909,-0.23076923076923075,-0.16666666666666666,0.07466907170974135,-219.008697496818,5.3361902873009575,4.402665830795868,1.3093368253129942,-0.29506933744221875,0.31677018633540377,0.3499999999999999,0.013211382113821113,-0.29007633587786263,-0.8408272775073816,0.09048382785351516,0.2695473251028806,0.040000000000000036,1.0576577692450608
37,2005-09-30,0.0056187888176222325,-0.14534861064564866,-0.003649649420825019,0.033833161010851764,0.007710411226873327,-0.015558901911055243,-0.21212033387433335,-0.21212033387433335,-0.20000000000000007,-0.20000000000000007,-0.2434063868660996,-1.5198965060577432,-1.0215658041537454,-1.944609442558094,-0.5355701754385964,0.05573770491803276,-0.07075471698113213,-0.0493827160493826,0.004513540621865486,0.043010752688172005,-0.20176181602574966,0.002083588675082737,-0.08752025931928675,0.03846153846153855,-0.17333333333333334
38,2005-12-31,0.00629470369562779,0.053978864156872135,-0.03672973439821936,0.04310084176439544,0.0158946380953795,0.061458107951715135,1.0439212801177118,1.0439212801177118,1.125,1.125,0.5872208902625726,-0.8672191714673944,2.5187393084858223,-1.7945880178293576,0.9163012830025768,0.06599378881987561,0.19796954314720816,0.2272727272727273,0.001997004493260013,0.061855670103092786,0.12075551782682516,0.009540117416829695,0.17761989342806395,0.03703703703703698,0.010449282749581457
39,2006-03-31,0.01879765701874292,-0.013843559129610994,-0.05454012844002787,-0.10674984049012416,0.0343136772221222,-0.03425440031097271,1.213105607947592,1.213105607947592,1.117647058823529,1.117647058823529,-0.43126956395137217,2.836998195760036,0.2324101355332941,-1.1189026634667767,-0.05685466270539696,0.1381403253216802,0.4745762711864405,0.5185185185185186,0.03487792725460892,0.13592233009708732,-0.05567127437985242,0.01514417252241329,0.4811463046757165,0.03571428571428559,0.10398875797211103
40,2006-06-30,-0.021593045515217457,-0.09146000986412696,-0.036060212077163145,-0.03996758813894852,-0.018795179845781274,0.07995418660776378,-2.3874472428010307,-2.3874472428010307,-2.3888888888888893,-2.3888888888888893,0.1735582676812606,0.4157127532952257,-0.8728841924070001,4.92415565117791,-0.3559870489768878,-0.024104095563139968,-0.8563218390804598,-0.8536585365853658,-0.01781415503129513,-0.05982905982905973,-0.3539201925005013,0.0028643036161835056,-0.8574338085539714,0.034482758620689724,-0.0536244655504422
41,2006-09-30,-0.018417388055531725,-0.044547987915074416,-0.029954842813488706,-0.009944357996887865,-0.01622537254635059,0.0658307589983047,-1.9178608898501288,-1.9178608898501288,-1.92,-1.9,0.4169993237789849,-1.315254791449345,-30.271017491066388,-1.363122361105305,0.2013595901525338,-0.041530054644808745,3.7,3.690476190476191,0.002450980392156854,-0.022727272727272815,5.1862197392923655,0.002261097227180597,3.5071428571428567,0.03333333333333344,-0.03497034073665328
42,2006-12-31,0.04473797168480331,0.23637031758854765,0.08620219806082607,0.17746106139269924,0.0369700737098313,0.006892757842306585,-0.3067899539588376,-0.3067899539588376,-0.28260869565217395,-0.3111111111111111,-0.06940093442837457,-1.5241375904387982,-1.2202860557461737,2.5513455173406245,0.5952401626651616,0.09714937286202964,0.3148936170212766,0.3147208121827412,0.02102689486552567,0.09302325581395364,-0.7485701384708008,-0.007361671811921155,0.2852614896988908,0.032258064516129004,0.05003216353370021
43,2007-03-31,0.01832988651212553,0.13358543052622185,-0.02894877515092331,-0.14138507862161254,0.027607570472817592,0.01068553140366002,0.21136556247466756,0.21136556247466756,0.18181818181818188,0.22580645161290325,0.08487831103575205,1.6285687364552903,-0.6441342900478357,-0.5155136293828991,0.18077889010352632,-0.009353564747453856,0.029126213592233,0.0347490347490349,0.028256704980842876,-0.029787234042553342,-0.23306395290831086,0.009090909090909259,0.0,0.03125,0.3202641072765637
44,2007-06-30,0.0259639385596091,0.3877036543296619,2.1554402699913537,5.923654405652536,-0.36891326533251056,0.07999050159936294,0.41550254370689205,0.41550254370689205,0.4102564102564104,0.42105263157894735,-0.22990595778583375,-4.3700995328052015,1.6397278800049182,5.947308113714109,1.0636425333572364,0.021821233738984702,1.8176100628930816,1.5298507462686568,-0.2501164415463436,-0.0043859649122806035,-0.010147001430987346,-0.3848980559506875,1.4771886559802712,0.03030303030303028,-0.7995720767168488
45,2007-09-30,-0.12526585729289708,-0.39849057500243135,-0.3431808581312561,-0.4260361467724159,0.0767787600618457,0.02076500046561192,-0.3586494036746535,-0.3586494036746535,-0.25454545454545463,-0.2407407407407408,0.0416200536585849,-1.1181522937666415,-21.457119791343228,-2.4136732956836946,-0.7286354207452186,0.2550308008213551,0.010044642857142794,-0.05309734513274345,0.05714285714285694,0.6740088105726871,-0.5218819818635826,0.2308730005781461,-0.09059233449477344,0.02941176470588225,0.04797427652733122
46,2007-12-31,0.10394076538037124,0.4615555980672274,0.09591893687519383,0.1007827050641008,0.10847759899004528,0.1318612674869588,0.6849414898518189,0.6849414898518189,0.6585365853658538,0.6341463414634148,0.643627688593615,8.251976773845069,-1.3746353450447908,-1.1893421786579577,0.5083987688817952,0.13219895287958128,0.2530386740331492,0.16666666666666674,0.09224441833137488,0.07105263157894748,0.159978009895547,0.0042273367778298265,0.10125889436234248,0.05714285714285716,0.32781050564555736
47,2008-03-31,-0.053096746192843436,-0.09623852657081322,-0.1475430761475124,-0.6769687210935627,-0.00028675739186290183,0.05472517631254892,-0.1891772309221974,-0.1891772309221974,-0.19117647058823528,-0.19402985074626866,0.061073491739479964,-1.7290812230898345,-2.5953213910232127,-0.8702999064478987,0.043714811524689916,-0.14031791907514454,0.14109347442680753,0.06542056074766367,0.015599784830554018,-0.2137592137592138,-0.2950236966824645,0.05565949485500488,-0.020377733598409557,0.10810810810810813,1.7976707643959702
48,2008-06-30,0.00026595181560162834,0.00960207430593685,0.0045300413769051575,0.25208718670988106,-0.001767127417532266,0.054403270691774315,0.26690251813338084,0.26690251813338084,0.2909090909090908,0.2962962962962961,-0.2478657165824216,-1.5565742909445992,-0.6823887791226262,-8.698651038596248,-0.3224492700788236,0.034795763993948466,-0.011591962905718513,0.05513784461152893,0.007944915254237461,0.018749999999999826,-0.04201680672268904,-0.001919952739624975,-0.031963470319634764,0.07317073170731714,-0.19366988238403604
49,2008-09-30,0.04433986481542607,0.2212150883746069,0.044090426224435264,0.11342483575980775,0.04445954512196515,0.10017675883089527,0.0007743384246083894,0.0007743384246083894,0.0,0.0,0.8556238270862468,-0.6024745926633444,-1.5390338585289989,-3.4513211354648075,1.1665941396762651,-0.033788174139051434,0.0875684128225176,0.10213776722090252,0.03888596952180756,-0.039877300613496924,-0.1003508771929824,0.0,0.03930817610062887,0.06818181818181812,0.09682045398672456
50,2008-12-31,-0.006586482719577513,-0.06861482031617082,-0.03391078999396402,-0.06354780336595423,0.006519050605723109,-0.02200529935112228,-0.0006480066541578733,-0.0006480066541578733,-0.014084507042253502,0.014285714285714237,-0.20090278469248898,3.6823866492409776,-3.476036134927463,-1.7135433510716491,-0.3842046262940276,-0.24714189643577664,-0.005032350826743359,0.0118534482758621,-0.012139605462822334,-0.2747603833865815,-0.33073322932917315,0.01331754957087905,-0.036308623298033305,0.042553191489361764,-0.005416713362471515
51,2009-03-31,0.011347458677571476,0.009216029292107296,-0.04413021323592137,-0.12505659527177648,0.03127943572284453,-0.030338296942782006,0.1806546207670792,0.1806546207670792,0.2142857142857144,0.18309859154929573,-0.2651945310438514,-0.8031033350008696,-0.7995201279658758,-1.3649579208685712,0.22770310981145106,0.07838320678874489,0.08164739884393057,0.09052183173588936,0.06246799795186875,0.08810572687224671,0.06177156177156173,0.01971378504672905,0.07849293563579285,0.020408163265306145,0.15347055288461542
52,2009-06-30,0.02355511925894249,0.10627242101172564,-0.00918255998547135,-0.004755084077462946,0.03755101713614617,0.05480547697793692,-0.4145384795091541,-0.4145384795091541,-0.4235294117647059,-0.4166666666666666,-0.24006317539484626,1.3064357839181735,-1.0470804446569448,-0.8398238768266781,0.029707997864165007,0.034375647131911435,-0.10086840347361392,-0.0908203125,0.03662650602409645,-0.02429149797570851,-0.070801317233809,0.013604467993698854,-0.09509946627850564,0.0,0.11155975252360784
53,2009-09-30,0.028396426375803863,-0.06268278942585259,-0.0406337608942714,-0.10269353149419223,0.05660343646992572,0.024905583061752168,0.943806223529,0.943806223529,0.9591836734693876,0.9387755102040816,0.1525873874977577,1.2430335580623506,1.9244684227229447,-9.855330396475773,-0.2554842120782305,-0.03363363363363358,0.05349182763744431,0.07411385606874332,0.055323105532310464,-0.0705394190871369,0.040756054341405834,0.027408872562870727,0.08150134048257374,0.0,0.0445863604405905
54,2009-12-31,-0.052577002420778014,-0.03563560279116529,-0.05709192889645054,-0.008908074658149467,-0.052201269646562576,0.005835693848737833,0.1007480290856182,0.1007480290856182,0.11458333333333348,0.12631578947368438,0.07116636613836946,-1.8064826856479208,-73.66294085729788,-0.9806035340470409,-0.006655991587400267,-0.00807955251709136,0.0952045133991537,0.111,0.016740088105726914,-0.05803571428571441,-0.0913734392735528,0.0004125412541255979,0.0986613782845811,0.0,-0.026978518144595957
55,2010-03-31,-0.039117950329834894,-0.02885718950493732,-0.010149905763039868,-0.04561488903995015,-0.050173831838792086,-0.0161455897971442,-0.28856126712407204,-0.28856126712407204,-0.2523364485981309,-0.2523364485981309,0.1939349049515897,-0.3473009915791565,-0.21823685872975807,-15.790972044113875,0.0991082491677966,0.17418546365914778,-0.02446877012234383,-0.017101710171017137,-0.04116117850953205,0.1563981042654028,0.04809494066208608,-0.011546391752577434,-0.042870036101082976,0.020000000000000014,0.01758127738067805
56,2010-06-30,-0.08703235834833313,-0.06383571356224049,0.0106457366540067,0.10746706139258122,-0.12498214700309952,0.09364752989556836,0.34950009657747816,0.3465659808132744,0.4124999999999999,0.4000000000000001,0.2718532480446429,1.7387371514833605,0.9602758567989912,0.4115311253684759,0.12727989130009898,-0.07541800071149063,0.20990099009900987,0.20329670329670324,-0.034342521464075786,-0.03688524590163933,-0.06436233611442199,-0.041579752468363096,0.1282413955681283,0.07843137254901977,-0.1546762589928058
57,2010-09-30,-0.014396273068387087,-0.05502762244754533,0.01444261107182454,0.09107559239761898,-0.027096549358069155,-0.03043864032548804,-0.1340078653753093,-0.13387978142076504,-0.061946902654867124,-0.0625,-0.000560118184937064,-1.1019848997900474,-0.5504850281544371,-2.1572669311941817,-0.13066569389232718,0.007887649095806193,0.04528096017457717,0.02891933028919325,-0.012166588675713741,0.042553191489361764,-0.15286624203821653,-0.012768427161926943,-0.033430839949853734,0.05454545454545445,-0.13392528061651876
58,2010-12-31,0.0944457825899323,0.19205248293042526,0.13731128003834847,0.2736779545895596,0.07271579771781034,0.03681187696091737,-0.054451724612872184,-0.0525315457413249,-0.056603773584905766,-0.06666666666666676,0.006573401425832737,6.435014479456375,-1.4898029089947298,-2.4101268510164005,0.21194976681552813,0.1855315899980912,-0.02557411273486421,-0.04659763313609466,0.06110847939365228,0.2,0.1556390977443607,-0.019841269841269767,-0.07955036748811073,0.034482758620689724,-0.06406685236768805
59,2011-03-31,0.024841664985067125,0.03459860967871453,-0.009014585422144837,-0.06787401844738039,0.038479156698797416,-0.01290325755984878,0.22496025437201905,0.22275031421936253,0.22,0.22448979591836735,-0.4117284065179466,-0.7555155778196837,-1.441879199383869,-0.7660586716450494,0.04091242999586631,0.10948317501207527,0.09159078735940017,0.0737005430566331,0.035267857142857295,0.04761904761904767,0.13532856213402744,0.013195381616434076,0.05495537811178952,0.03333333333333344,0.10991236772486768
60,2011-06-30,0.039603792067159915,0.022945499302785333,-0.02040260779528591,-0.02504581926063953,0.06653826203003876,0.004408555506248525,-0.02139428058886084,-0.019741320626276426,-0.024590163934426257,-0.01666666666666672,0.6944135532262263,3.312394021846288,-1.2194386569436653,-3.9973613926698195,-0.11780946659499793,0.3228849223625019,-0.040726202158979374,-0.03973988439306364,0.06252695127210006,0.275974025974026,0.20114613180515767,0.02589906763356531,-0.003561887800534236,-0.048387096774193616,0.049234665375591284
61,2011-09-30,0.020902973667646263,0.055294104082275634,0.0011010275607659104,-0.07228526819863146,0.04217766289390257,0.08380197030232983,0.22147385378115086,0.22152777777777774,0.2184873949579833,0.21186440677966112,0.3278290579194072,0.07386199455001008,-5.524946364175833,0.3138734715348528,-0.17545725894088535,0.05835892935498044,0.034782608695652195,0.045146726862302484,0.0405844155844155,-0.0025445292620865922,0.04389312977099236,0.0209174841315638,0.06166219839142095,-0.016949152542372947,0.13750754268271034
62,2011-12-31,0.028106596938675787,0.0486869856003338,0.02102576880102469,0.031109871169011868,0.03152132522778395,0.01280751549314707,-0.14663214202475086,-0.1463899943149517,-0.15172413793103445,-0.1398601398601398,-0.1692289355556218,-0.3366020808035737,0.4406524897102735,-0.504861667184155,-0.10536217268838888,0.07991293532338295,0.0064260998517053905,0.022318214542836445,0.0499219968798752,0.03571428571428559,-0.005941499085923119,0.0032499646742969453,0.028619528619528545,0.0,0.017068680375698086
63,2012-03-31,0.007066055045060526,-0.09997791913564004,0.06954275061894277,0.464930566585861,-0.01861302912038432,-0.02615264364281289,0.00807362183874738,0.007992007992007943,0.024390243902439046,0.016260162601626105,-0.5893762105094372,-1.0015865192076645,1.9148302978103617,2.5711244595531206,-0.42057402505529184,0.1482867837604378,-0.02111984282907664,-0.016197183098591528,-0.02228826151560181,0.09359605911330073,0.09149425287356316,-0.025492957746478858,-0.01022913256955815,0.0,-0.3856231208197828
64,2012-06-30,0.0053580663252044145,0.07131163763326431,0.030906940853140608,0.07144593025299129,-0.00596330326150063,0.09979535825463183,0.27814948077221713,0.2778328377931947,0.2857142857142858,0.28800000000000003,2.2656698779704563,-86.94822006472492,0.002825130205830861,-1.7332245856111053,0.5322081311066316,0.12261785356068212,0.06723532363271456,0.06299212598425208,0.0075987841945288626,0.14864864864864846,0.11162594776748123,-0.011273305390952282,0.036792062835882655,0.01724137931034475,-0.00014981273408232187
65,2012-09-30,0.05110473479598099,0.06499625817250321,0.02662313971563401,0.06157453772686194,0.06241806985214636,-0.02491078158219384,0.029867182289593286,0.029989658738366117,0.03703703703703698,0.03726708074534146,-0.1475767840763018,8.834889675427368,-0.9323256036795708,-1.032066149037007,-0.01113808555398188,0.09842900751991657,0.0173953925716972,0.011447811447811596,0.061463046757164415,0.09019607843137244,0.012883668056081763,0.010817131998245744,0.020334928229664984,0.0,0.003246428928179057
66,2012-12-31,0.05186550275418367,0.061841245694491224,0.06657569472772584,0.08960398871074937,0.045344041160726656,0.023375487350186352,-0.2667520080321285,-0.2668172690763052,-0.26190476190476186,-0.26347305389221554,-0.0625286091874252,-0.28127644097321924,-0.4504778761061947,-24.387971698113212,0.26343135062859324,-0.019521453263742883,-0.026340110905730185,-0.033954727030625735,0.04653641207815285,-0.07553956834532373,-0.06060606060606066,-0.006218365871294207,-0.02227432590855816,-0.016949152542372947,-0.025489122317917112
67,2013-03-31,0.003415458734044252,0.6425044623909293,-0.10776285300015187,-0.22669813785417905,0.0542247723666216,-0.0020071342833486443,0.4608388161272876,0.4609688462855186,0.4516129032258065,0.4552845528455285,-0.6476933769371165,-1.4153398285808647,14.358412780211284,-0.2219953276525656,0.16221761596296624,0.14980988593155886,0.048884670147128606,0.060647829083390725,0.04955872369314318,0.09922178988326856,0.15013938669852656,0.05064027939464477,0.06594724220623505,0.0,1.1240357598978288
68,2013-06-30,0.06659044221300013,-0.5264969586240003,0.040470622216259855,0.017486669652373218,0.07665052915856507,0.21791949097446395,0.14978593974443988,0.14978593974443988,0.1499999999999999,0.15083798882681565,2.4939951603619113,-5.6571523845556975,-0.28378435056873474,-3.924952204015943,-0.4082529526520349,0.3060365560365561,0.008144796380090469,0.02534113060428833,0.07535575679172046,0.2442477876106195,0.1939058171745152,0.009418282548476542,0.014623172103487068,0.0,-0.5346337005146953
69,2013-09-30,0.0376936408773989,0.047736999652428384,0.06297651427395312,0.16458958617379071,0.028291035086917663,0.06052140068338763,-0.006224142499031915,-0.006224142499031915,-0.004830917874396046,-0.004854368932038944,0.07471065814475719,-0.5533273389962836,0.8652869766869873,-1.130371683376724,0.08994489270255057,0.04157075775711272,0.004488330341113178,0.0152091254752853,0.03458646616541339,-0.03271692745376964,-0.027842227378190088,-0.00905598243688266,-0.017738359201773912,0.034482758620689724,-0.1003669440281152
70,2013-12-31,0.05449532717009187,0.20473871191282436,0.037744822392649764,0.15774429763134654,0.060940848423624024,0.0755397257875674,-0.06215956818480117,-0.06215956818480117,-0.06310679611650494,-0.06829268292682923,0.2933123189894065,1.1886359712939898,-1.0351027558535988,3.9498923634715615,0.4084771078817515,0.14890607734806638,0.04066130473637175,0.0536828963795255,0.06017441860465113,0.111764705882353,0.08770883054892598,0.0060924951536971425,0.010910458991723049,0.05000000000000005,0.040615844200609034
71,2014-03-31,0.030918455897940955,0.10678086264895904,-0.04731816251487664,-0.09329122397526213,0.05991351518901665,0.08337411297911834,0.049529199267011485,0.049529199267011485,0.051813471502590636,0.057591623036649324,-0.879602533932486,-1.008441130404408,9.274125749038546,0.2934918827360071,0.3751298621552637,0.2108563514657229,-0.02619149849720903,-0.017180094786729994,0.056210584041678224,0.14153439153439162,0.10532089961601754,0.02821359757775932,-0.0677335318198734,0.04761904761904767,0.2206580545434471
72,2014-06-30,0.056243633040398366,0.11347128416714325,0.08536684851223741,0.20221270606123126,0.04647055160221214,0.13696483767351195,0.4886906299744143,0.4886906299744143,0.4876847290640396,0.4900990099009901,8.467942958729187,-106.14383447355247,-3.806180631120784,-0.8469467658235968,0.04175230297815236,-0.0559809372517871,0.06437389770723101,0.06871609403254997,0.05114226375908615,-0.10660486674391667,-0.08287841191066991,-0.00923571141748092,0.023552894211576803,0.04545454545454541,-0.0738094161277193
73,2014-09-30,0.06085648875313333,0.11390994119000375,-0.0237161966277456,0.01253401814857802,0.09061498861190298,0.03716530412331109,0.1992313570494859,0.1992313570494859,0.20198675496688745,0.2026578073089702,-0.0772870391775431,-0.14213483948473882,-0.8910441742151631,8.338767487570818,0.37428767708877575,0.08925386194594953,0.10107705053852524,0.11618725324309075,0.09063966411459612,0.036316472114137584,-0.025974025974025983,0.0279654147527697,0.08385335413416528,0.028985507246376937,0.10010254406953467
74,2014-12-31,0.04468845988315073,0.06874528116966849,0.07004094087326472,0.1437968883573364,0.03656742582445816,0.051456013786479904,0.0310506525001808,0.0310506525001808,0.030303030303030495,0.030386740331491687,0.020601006747021252,-0.30021607062253497,13.61335876775902,-0.942296740166644,0.015715500796185774,0.00846593542406926,0.1060948081264108,0.11571500757958565,0.04325181159420288,-0.07509386733416779,-0.1413888888888889,-0.00775397555526347,0.08852105073767548,0.028169014084507005,-0.06560433219406081
75,2015-03-31,0.06306648126829928,0.12545774121150788,0.013555101342776377,-0.12320325304342104,0.07935611124423048,-0.032458367652210114,-0.0689592332002209,-0.0689592332002209,-0.06417112299465244,-0.06434316353887393,-0.21420723085812174,0.3291045210136461,-1.157337827438068,13.650378158021775,0.2266757073475174,0.2478629859983457,0.05000000000000005,0.057065217391304435,0.07662253093119165,0.19621109607577814,0.06438045939825288,0.015364238410595862,0.0697520661157025,-0.013698630136986356,0.2835969787658543
76,2015-06-30,0.1011676897213265,0.06847235617513636,0.1792049906535107,0.3132212979856965,0.07763981996389567,0.014355980888959953,0.12733103881751795,0.12733103881751795,0.12571428571428567,0.1260744985673352,0.4286045588421867,1.4929102911663559,-1.043798603199762,-1.7175160273425916,-0.13258879429735515,-0.015738171818605932,-0.00550696469063805,-0.0029991431019709136,0.07782258064516134,-0.08597285067873306,-0.12036474164133724,-0.021393164623010663,0.0472805933250926,-0.04166666666666674,-0.1863735613041708
77,2015-09-30,0.23683731134433805,0.6499195139335663,1.4273781805004235,0.03057164946678803,-0.15906452591222942,0.07185290252280208,0.04135338345864658,0.04135338345864658,0.05583756345177671,0.05597964376590325,-0.14492847730180858,-0.2101753442538196,-823.0480633305061,-15.323018987309474,2.189355873823589,-0.15530832169227693,0.027687296416938127,-0.07692307692307687,-0.11279461279461278,-0.21658415841584155,-0.2076710435383553,-0.32004798720341243,0.005016228976099324,-0.08695652173913038,0.6009551967250397
78,2015-12-31,-0.059028670274475996,-0.27727410352833004,-0.00310241919809473,-0.021362446316735784,-0.11349258459927936,0.022118113266368145,-0.13879344091166113,-0.13879344091166113,-0.09375,-0.091566265060241,0.16187092941186987,0.8259030625181198,-1.687307056305166,-1.9907564327511424,-0.6801176228043853,-0.1647864863268561,0.017749603803486558,-0.08519553072625696,-0.09635251950242464,-0.058451816745655576,-0.19406890536415175,-0.05802783767888652,-0.03258954785672341,-0.04761904761904767,-0.2614995596215587
79,2016-03-31,0.05998010746072757,0.07477277136844629,0.021392116407861872,0.0771618109167087,0.10178388528508032,-0.03962244215123445,0.1675084175084176,0.1675084175084176,0.17771883289124668,0.17506631299734732,-0.07400554597052078,-0.33433986398005233,-1.023718939573249,-0.9362454732667884,-0.13555045871559634,-0.03988402517502288,0.07443164123326063,-0.03155216284987284,0.09986000933271112,0.06375838926174504,-0.04220779220779225,0.03954214360041619,0.02549317147192709,-0.06666666666666654,-0.00219289808794676
80,2016-06-30,0.04063420509124671,0.0342160443253301,-0.022761100264821255,-0.09378376431607004,0.1042917457489252,0.0613906410444478,0.0812648058502421,0.0812648058502421,0.0788288288288288,0.08126410835214459,0.033630890595806484,-0.38821476063829785,-1.282700421940928,-2.3045685279187818,0.2045635447068188,-0.05037931796420414,0.06202898550724645,-0.026274303730951187,0.10394569367840467,-0.13722397476340698,-0.10508474576271187,0.06106106106106113,0.005327019828351709,-0.017857142857142905,0.1412322640345467
81,2016-09-30,0.027427631212002982,0.0864830753118413,-0.011967046117633108,-0.006557507352356717,0.06258440169066448,0.02128394720475435,-0.01609830443894078,-0.01609830443894078,-0.014613778705636847,-0.01670146137787054,-0.009238802972484472,-1.0491781008015215,21.432835820895523,2.1249459576307825,0.530690161527166,0.11246412782129832,-0.018558951965065632,0.0010793308148948633,0.07013835511145272,0.007312614259597837,0.056818181818181664,0.03433962264150936,0.0017662643508977727,-0.018181818181818188,0.09365181256123513
82,2016-12-31,0.034919859397690045,0.07914184730220719,0.0758851262750122,0.368124174900988,0.0018650711780483495,-0.02835103863590227,-0.3714783618936973,-0.3714783618936973,-0.3644067796610169,-0.36518046709129504,0.5980133792823839,-17.069060773480665,1.3992015968063871,-0.6656059767570559,0.1159343821949348,0.0420065537195844,-0.10428253615127914,-0.08409703504043131,0.009516968935176841,-0.025408348457350183,0.008960573476702649,-0.03192265596497645,-0.049662062885688966,-0.01851851851851849,-0.211238454171944
83,2017-03-31,-0.07347618548048672,-0.21443622454822386,-0.0948716994473493,-0.1249744144565631,-0.05445589410301399,-0.021344011142061303,0.15157116451016628,0.15157116451016628,0.15666666666666673,0.1571906354515049,-0.8508182164150704,0.2793536187037993,0.2498613422074321,-6.802647910633016,-0.6028368794326241,-0.07641095982068191,-0.08351443651040047,-0.06592113007651558,-0.037353255069370365,-0.08566108007448793,-0.03374777975133214,0.02053891087243276,-0.0670995670995671,0.0,-0.10222065562213613
84,2017-06-30,0.026566458607560902,0.03629896351152384,0.046965102533792484,0.12939014202172094,0.009251676975346346,0.09524317785605008,0.1540930979133226,0.1540930979133226,0.17291066282420742,0.17630057803468224,3.9710884353741496,-0.7277613544746036,-0.16685156423341474,-1.1750445632798574,0.2656926406926408,-0.028905712319339364,-0.057249322493225015,-0.05608065532451178,0.012379896526238054,0.008146639511201538,0.030024509803921576,-0.016986706056129952,-0.06861120318196877,0.0,-0.08240631679972077
85,2017-09-30,0.06039799623144448,0.06461096965689928,0.0038191921770376336,0.020327247980590046,0.11008010219935782,-0.0001949064449064952,0.4210709318497914,0.4210709318497914,0.4250614250614249,0.42260442260442255,0.3926616489907628,5.153998025666338,-0.974034620505992,0.5421588594704685,0.3237280889268919,0.11809466970047387,0.042400287459576136,0.04672897196261694,0.10987406461033043,0.10505050505050506,0.17073170731707332,0.046957175056348666,0.04768683274021335,0.0,0.043358372159360885
86,2017-12-31,0.025111384636721468,0.04034090909090904,0.08119871287031866,-0.02325716274214129,-0.019260526418101945,0.0744687763987264,-1.2425577032868445,-1.2425577032868445,-1.243103448275862,-1.243523316062176,-0.0675551188355954,-0.3828200192492781,35.312820512820515,-0.9321183306920232,0.016600994767779875,0.08530442035029195,-0.2788693553946916,-0.2774234693877551,-0.019569149810886418,-0.021937842778793404,0.013719512195121908,-0.04323645496950124,-0.29721467391304346,0.03773584905660377,0.06511437163947864
87,2018-03-31,0.1030542096851932,0.2949335094560095,0.09028902256999416,-0.06415889792767647,0.11424108841811488,-0.0531902026005443,-4.943846671149967,-4.943846671149967,-4.9361702127659575,-4.929078014184396,-0.040308239478363934,-2.74996751137102,-0.6206750458974721,97.60700389105058,1.6102427246155802,-0.031230788147055155,0.10898661567877643,0.10679611650485454,0.11707480711170735,-0.01121495327102795,0.32631578947368434,0.010125632852053146,0.13774770420493,-0.036363636363636376,0.38374331550802143
88,2018-06-30,-0.08191612910644264,-0.2710339957235616,-0.02932147420473585,9.517464547448283e-05,-0.12756782911261802,0.07198748043818459,-0.2611475829141444,-0.2611475829141444,-0.2468468468468469,-0.2454873646209387,-0.2455562418502505,-1.852888756869152,9.392777364110199,-2.1276931576039777,-0.6956669912366115,-0.11143546135296356,-0.01163793103448274,-0.02153110047846896,-0.08603603603603605,-0.20604914933837426,-0.24338624338624334,-0.04974939669574896,-0.02039082412914184,0.0,-0.27110836296181784
89,2018-09-30,0.0642636173490474,0.17315429017370598,0.002837800875273633,0.0071374191092501435,0.1228050143137942,0.024579174735587683,0.6667435956612047,0.6667435956612047,0.7153110047846891,0.7105263157894739,0.579095788228873,-0.4609490639965173,-1.0089915815869603,-1.3976835327874588,0.9090545512717964,0.2083988001714039,0.05494984736153508,0.04726976365118163,0.12255626745523253,0.32380952380952377,0.19880119880119884,0.054893533893338516,0.04423243712055491,0.0,0.16482863929419733
90,2018-12-31,-0.007974988427832841,-0.12364950108957452,0.04473935426681663,0.037890957195502166,-0.0528089724405445,0.02538528642047111,-0.34450290778177795,-0.34450290778177795,-0.33751743375174337,-0.3384615384615385,0.09188317299383607,1.6252624777903408,-58.25099601593625,-2.022525296964364,-0.4869066074496167,-0.05898345153664297,0.3790822653989252,0.3680933852140078,-0.029855114883652775,-0.16187050359712218,-0.1416666666666666,-0.04518518518518533,0.3675249169435215,0.0,-0.15563323865705336
91,2019-03-31,0.04573548078405931,0.17035951262285853,0.029876073849869126,-0.044458606457878136,0.060607687352372874,-0.010350792615489324,0.4879594423320659,0.4879594423320659,0.5094736842105263,0.5116279069767442,-0.22997784108895225,-1.1469267212206975,-0.5272790535838552,-1.8765166508906292,0.8317818063040994,-0.12052505966587113,0.05785371702637888,0.049488054607508485,0.07602956705385422,-0.09442060085836924,-0.3703883495145631,0.014352211016291916,0.0261160036440935,0.03773584905660377,0.224814559254787
92,2019-06-30,-0.0059707700743038,-0.11549213875159348,0.05666415811779624,0.01975418426652276,-0.0634133290913167,0.03636311536477743,0.060547984099943226,0.060547984099943226,0.09483960948396096,0.0979020979020977,0.3456663240835902,-1.4639865996649917,2.4972766082732223,-1.5103082662477911,-0.2317225392296719,-0.17064200528458184,0.11986398413148193,0.10894308943089426,-0.015421281368288131,-0.2274881516587678,-0.22821896684656906,-0.05793499043977057,0.11334714412548096,-0.018181818181818188,-0.13263617478257805
