,Quarter end,Assets,Current Assets,Liabilities,Current Liabilities,Shareholders equity,Revenue,Earnings,Earnings available for common stockholders,EPS basic,EPS diluted,Cash from operating activities,Cash from investing activities,Cash from financing activities,Cash change during period,Cash at end of period,Price,ROE,ROA,Book value of equity per share,P/B ratio,P/E ratio,Cumulative dividends per share,Equity to assets ratio,Net margin,Asset turnover,Current ratio
0,1993-12-31,0.015287992727873734,0.02420091324200913,0.02045122545041389,0.03132137030995108,0.009932659932659904,0.047988708539167264,-0.06712564543889843,-0.06712564543889843,-0.061403508771929675,-0.09890109890109901,-0.3304597701149425,0.3740458015267176,0.30585683297180033,-4.166666666666666,0.04213135068153662,-0.06151742993848264,0.04302814623099338,0.023952095808383426,0.013745704467353905,-0.044491525423728806,0.023432923257176164,inf,-0.005296394377673597,0.0019518542615484247,0.021052631578947437,-0.00690427318529585
1,1994-03-31,0.015287992727873734,0.02420091324200913,0.02045122545041389,0.03132137030995108,0.009932659932659904,0.047988708539167264,-0.06712564543889843,-0.06712564543889843,-0.061403508771929675,-0.09890109890109901,-0.3304597701149425,0.3740458015267176,0.30585683297180033,-4.166666666666666,0.04213135068153662,-0.06151742993848264,0.04302814623099338,0.023952095808383426,0.013745704467353905,-0.044491525423728806,0.023432923257176164,inf,-0.005296394377673597,0.0019518542615484247,0.021052631578947437,-0.00690427318529585
2,1994-06-30,-0.0056975419176298345,-0.01263189181156188,-0.0065213933513599285,0.004428978171464815,-0.004834139023170536,0.047988708539167264,-0.06712564543889843,-0.06712564543889843,-0.061403508771929675,-0.09890109890109901,-0.3304597701149425,0.3740458015267176,0.30585683297180033,-4.166666666666666,-0.12802219579865234,-0.03204661325564462,0.04302814623099338,0.023952095808383426,0.0033898305084745233,-0.044491525423728806,0.023432923257176164,1.0,0.0008191685439278286,0.0019518542615484247,0.021052631578947437,-0.01700488538143552
3,1994-09-30,0.05239030779305831,0.004665863937387105,0.07188600704450843,0.17763779527559054,0.03199329983249588,-0.012794612794612805,0.14575645756457556,0.14575645756457556,0.14018691588785034,-0.09890109890109901,0.03862660944205998,3.783333333333333,-1.0548172757475085,0.10526315789473696,-0.16227272727272726,0.033107599699021995,0.04302814623099338,0.023952095808383426,0.0202702702702704,0.02882483370288247,0.023432923257176164,0.5277777777777779,-0.01943932883159405,0.0019518542615484247,0.021052631578947437,-0.1468985950492211
4,1994-12-31,0.004200373366521459,0.005243445692883819,0.0763256161314414,0.14308638673442098,-0.07417627008602501,0.1077762619372442,-0.8421900161030595,-0.8421900161030595,-0.8442622950819672,-0.09890109890109901,0.3533057851239669,-0.7073170731707317,-19.454545454545453,-0.4369747899159664,-0.10906131307650567,0.06263656227239611,0.04302814623099338,0.023952095808383426,-0.06953642384105962,0.04094827586206895,0.023432923257176164,0.3272727272727272,-0.0780467445742905,0.0019518542615484247,0.021052631578947437,-0.12054671745462685
5,1995-03-31,0.042137877614252466,0.022950819672131084,0.040105467665834116,0.07370145063172663,0.044705469845722316,0.016317733990147687,5.704081632653061,5.704081632653061,5.789473684210527,-0.09890109890109901,0.14961832061068692,0.059523809523809534,-0.40394088669950734,-1.6169154228855718,0.07551766138855065,0.058944482522275576,0.04302814623099338,0.023952095808383426,0.0462633451957295,0.13871635610766053,0.023432923257176164,0.2602739726027399,0.002489814395654211,0.0019518542615484247,0.021052631578947437,-0.047261146496815336
6,1995-06-30,0.009290917199345827,0.003787878787878896,-0.016944629753168794,-0.0414033558509479,0.04228897466017778,0.04362314450166616,-0.07458143074581436,-0.07458143074581436,-0.06976744186046513,-0.09890109890109901,-0.5524568393094289,-0.8838951310861423,-0.03030303030303028,-1.3790322580645158,-0.026613816534541312,0.06601941747572804,0.024193548387096756,0.023952095808383426,0.04081632653061229,0.01818181818181808,0.023432923257176164,0.19565217391304346,0.03273876721607572,-0.003246753246753276,0.010309278350515427,0.04713196951464105
7,1995-09-30,-0.014507695706605815,-0.04063860667634256,-0.041123778501628634,-0.04273698567856332,0.01706649492835299,-0.00928882438316403,0.13322368421052633,0.13322368421052633,0.13333333333333353,-0.09890109890109901,1.2759643916913943,3.7741935483870965,0.8778409090909092,-0.04255319148936165,-0.02617801047120416,0.07285974499089276,0.027559055118110187,0.023952095808383426,0.022875816993463968,0.03035714285714275,0.037206639954207255,0.17272727272727262,0.03213817227809357,-0.0026058631921822557,0.030612244897959107,0.002170720806997428
8,1995-12-31,0.040875803317889765,0.061724659606656525,0.14748761500353846,0.14129660413203515,-0.07835998100364094,0.057134485789627876,-1.2060957910014514,-1.2060957910014514,-1.2058823529411764,-0.09890109890109901,-0.16297262059973927,0.25,-0.2692889561270801,-0.3555555555555555,-0.01732377538829155,0.12563667232597608,-0.12113174182139685,-0.13320337881741404,-0.0766773162939296,0.10051993067590992,0.08664459161147907,0.0,-0.1145943656005084,-0.14043109079033322,0.0,-0.06969484614894572
9,1996-03-31,-0.007538229592935597,-0.036477628954117984,-0.027013691871222382,-0.009571369121930906,0.01958090003435253,0.01690687361419063,-6.112676056338028,-6.112676056338028,-6.142857142857142,-0.09890109890109901,-0.04205607476635509,0.681081081081081,0.329192546583851,10.724137931034482,-0.20668693009118544,0.07742584213172443,0.03890006706908111,0.030734632683658388,0.02076124567474058,0.16850393700787406,0.2194007110208227,0.13953488372093026,0.027272727272727337,0.011398176291793405,0.01980198019801982,-0.02718619461754424
10,1996-06-30,-0.0053530092592593,-0.004880212954747165,-0.025735294117647082,0.0012605042016806678,0.02173180592991919,0.0073589533932951765,-0.09779614325068876,-0.09779614325068876,-0.09027777777777768,-0.09890109890109901,0.01788617886178856,-0.2604501607717041,-0.10436137071651086,-0.4676470588235294,-0.13869731800766286,-0.018198786747550155,0.031310522918011514,0.021818181818181737,0.023728813559321882,-0.03908355795148244,-0.05789254477301131,0.12925170068027206,0.027247321844434014,0.006761833208114298,0.01941747572815533,-0.006124172884696688
11,1996-09-30,0.018545454545454643,0.030613761331550023,-0.0037735849056603774,0.010281158203944596,0.046826051112943017,0.01325757575757569,0.14961832061068692,0.14961832061068692,0.1450381679389312,-0.09890109890109901,0.1853035143769968,-0.5217391304347826,-0.31999999999999995,-2.348066298342541,0.2170818505338079,0.0755703422053231,0.031611893583724626,0.021352313167259496,0.04966887417218535,0.050490883590462936,0.044650751547303136,0.1144578313253013,0.027658127408750843,0.00970149253731334,0.00952380952380949,0.020114739004178702
12,1996-12-31,0.04855408782577642,0.08550829127613557,0.0599529780564263,0.04880581516095539,0.0348086312805167,0.056074766355140186,-0.049136786188578974,-0.049136786188578974,-0.5266666666666666,-0.09890109890109901,-0.1132075471698113,-0.4,-0.2915601023017903,0.2827868852459017,0.2288011695906433,0.17587273530711456,0.3880461165048543,0.4118466898954705,0.034700315457413256,0.12016021361815765,0.13457469318662718,0.7081081081081082,-0.01301566291639078,0.3983739837398375,0.009433962264151052,0.03499270985211411
13,1997-03-31,0.01191692202928163,0.034803400637619664,-0.001971657424522544,0.01801980198019804,0.029071537290715318,0.022756005056890016,0.13128491620111735,0.13128491620111735,0.14084507042253525,-0.09890109890109901,0.04407294832826758,1.0454545454545454,0.5126353790613718,-0.597444089456869,0.0749553837001784,0.15107102593010135,-0.003497267759562828,0.010858835143139123,0.030487804878048808,0.1132300357568532,-0.1939574785527788,0.06012658227848089,0.016987036209208828,0.0042283298097252064,0.009345794392523477,0.01650231434896376
14,1997-06-30,-0.022611036339165502,-0.03209242618741981,-0.04840103716508215,-0.05368605329702392,0.008282798402603264,0.004697156983930696,-0.0888888888888889,-0.0888888888888889,-0.0864197530864198,-0.09890109890109901,-0.4599708879184862,-0.6962962962962963,0.532219570405728,-3.492063492063492,-0.1737686773657997,0.16748285994123413,-0.00109673173941649,0.0146484375,0.01183431952662728,0.1327623126338331,0.13142063859324393,0.056716417910447785,0.03164835164835167,0.004210526315789442,0.0092592592592593,0.0227677687586616
15,1997-09-30,0.013357201872762348,0.015517241379310319,0.01089918256130784,-0.0322713257965056,0.016136130262578874,0.021407480314960647,0.15853658536585358,0.15853658536585358,0.16216216216216206,-0.09890109890109901,1.223719676549865,4.048780487804878,-0.3193146417445483,-1.5445859872611465,0.114534494306765,0.11605145413870233,0.011857707509881354,0.02117420596727615,0.017543859649122858,0.10302457466918713,0.08466257668711652,0.0536723163841808,0.002556455048998707,0.008385744234800763,0.00917431192660545,0.049425732352561536
16,1997-12-31,0.017597499660279903,0.010317356667101985,-0.004235656526761611,0.06881903143585387,0.04215389057311958,0.06986268369067705,-0.06198830409356726,-0.06198830409356726,-0.05813953488372081,-0.09890109890109901,-0.28121212121212125,-0.2801932367149759,0.494279176201373,-2.2163742690058483,-0.125,0.11626158857429215,0.003472222222222099,0.022620169651272448,0.0431034482758621,0.09682947729220226,0.07692307692307687,0.10455764075067032,0.024224394390140347,-0.0025987525987526405,0.027272727272727115,-0.05472208558780123
17,1998-03-31,0.01776056620150901,0.033479834539813964,0.03866976024748636,0.03199523052464226,-0.0047097936002216114,0.0011258725512270915,0.15586034912718194,0.15586034912718194,0.14814814814814814,-0.09890109890109901,0.4839797639123102,-1.3087248322147649,0.2434915773353752,-1.5240384615384617,0.07486263736263732,0.11290684624017965,0.02097750865051906,0.02995391705069128,-0.005509641873278293,0.06718749999999996,0.07843137254901977,0.0461165048543688,-0.021991701244813425,0.011985409067222674,0.017699115044247815,0.001430987381292992
18,1998-06-30,-0.04264252443744665,-0.08530331457160722,-0.08798709357160582,-0.11399961486616594,0.008211551844119702,-0.0035987404408457384,-0.09924487594390508,-0.09924487594390508,-0.09677419354838723,-0.09890109890109901,-0.4568181818181818,-1.5652173913043477,0.2450738916256157,-6.137614678899082,-0.35782747603833864,0.09741831383622436,0.013768269434441871,0.02774049217002239,0.008310249307479367,0.10322108345534398,0.06428571428571428,0.04640371229698381,0.053033517182859535,0.007723995880535517,0.01739130434782621,0.03234606391270445
19,1998-09-30,0.022750633865551876,0.055654314234924174,0.003946115117703153,0.009563138448163366,0.041827719491993376,0.020993227990970587,0.1568862275449101,0.1568862275449101,0.15476190476190488,0.15853658536585358,1.7594142259414225,5.5769230769230775,-0.3867457962413452,-1.9392857142857145,0.5233830845771144,0.027752251424370652,0.010447137484329128,0.0291684806269048,0.0439560439560438,0.019243530192435188,0.0033557046979866283,0.042128603104212965,0.01873489121676064,0.01124169647419504,0.01709401709401703,0.045677614194035376
20,1998-12-31,0.09025125628140708,0.13756476683937824,0.17863919761452962,0.24671689989235746,0.0038425864581952407,0.0800353747512712,-0.572463768115942,-0.572463768115942,-0.7835051546391752,-0.7789473684210526,0.09401061410159216,0.14035087719298245,-0.13387096774193552,0.35551330798479097,0.465708687132593,0.010729613733905685,-0.12096774193548387,-0.12901861252115054,0.005263157894736858,-0.03190104166666663,-0.015202189115232634,0.042553191489361764,-0.07929602531144953,-0.13188479029813027,0.008403361344537784,-0.08754512635379064
21,1999-03-31,-0.017576204523107153,-0.03245274424960143,-0.05289788408463658,-0.08150578483854254,0.02296726504751856,-0.0063459570112589505,1.5811138014527844,1.5811138014527844,1.5714285714285716,1.5238095238095242,-0.5003465003465004,-0.2512820512820513,0.5009310986964619,-1.3380084151472649,-0.107397504456328,0.1029723991507432,0.024700070571630258,0.03156872268091315,0.020942408376963373,0.09751176866173504,0.24174127817227545,0.044897959183673335,0.04123711340206193,0.02153667054714781,0.008333333333333305,0.05341246290801194
22,1999-06-30,0.014262479669711059,0.018947863951983116,-0.009956289460903324,0.00902425267907492,0.040000000000000036,0.013597033374536549,-0.10694183864915574,-0.10694183864915574,-0.11111111111111116,-0.1132075471698114,0.1997226074895977,0.32191780821917804,-0.21836228287841186,-1.3236514522821576,0.03894158761857214,0.025665704202759043,0.008494031221303988,0.008945386064030059,0.04102564102564088,0.0042892156862746065,-0.021631029338637475,0.041015625,0.025371287128712842,0.00911680911680923,0.0,0.009827856025039106
23,1999-09-30,0.02454668804736637,0.03453453453453448,0.0020848663232768683,0.0063350102478108026,0.04727047146401975,0.024390243902439046,0.1523109243697478,0.1523109243697478,0.14583333333333348,0.14893617021276606,0.4635838150289018,-0.6113989637305699,0.19365079365079366,3.7948717948717943,0.1797212878423835,0.09915545824210192,0.00933302982016837,0.011665888940737279,0.049261083743842304,0.05613178767541172,0.059974587039390174,0.0412757973733584,0.02212834439750555,0.011293054771315704,0.0,0.02801884453260617
24,1999-12-31,0.030219118709366773,0.03460980238919276,0.03647044425406931,0.025180522125532345,0.024167752635943614,0.07301587301587298,-0.041020966271649965,-0.041020966271649965,-0.036363636363636376,0.0,0.2780410742496051,3.6,0.34308510638297873,-0.2914438502673797,0.10794297352342164,-0.024473534433693826,0.14276048714479028,0.16605166051660536,0.028169014084507005,-0.070479491623339,-0.0606569168065213,0.037837837837837895,-0.005904349537492637,0.1507537688442211,0.016528925619834656,0.009165460684997571
25,2000-03-31,-0.00455767208133695,-0.023848063019315857,-0.028574802219860636,-0.039732707242188914,0.01897050318102944,-0.02736686390532539,0.16064638783269958,0.16064638783269958,0.16981132075471694,0.12962962962962954,-0.5438813349814586,-1.3043478260869563,0.07029702970297036,-1.950943396226415,-0.09264705882352943,-0.18319719953325556,0.004736530491414871,0.02096518987341756,0.020547945205479312,-0.20509633312616535,-0.31291475242470645,0.04166666666666674,0.023757671748168674,0.0164968461911692,0.0,0.01655114722753348
26,2000-06-30,-0.012033341159896738,-0.011828432456334248,-0.03804546007049958,-0.03498213278164375,0.0122601884436373,0.002851711026615966,-0.10647010647010646,-0.10647010647010646,-0.11290322580645153,-0.11475409836065564,0.2276422764227641,-1.9523809523809523,-0.04532839962997226,-0.02380952380952384,-0.09967585089141008,0.03571428571428581,0.0068748772343349964,0.022859356838434763,0.015659955257270708,0.01485535574667729,-0.002600297176820199,0.04166666666666674,0.02456004641268628,0.014797136038186219,0.008130081300812941,0.02404043966378655
27,2000-09-30,0.03778741607747605,0.08188835440205833,0.05016426585797329,0.08341453907620355,0.02680273634630481,-0.13497630331753552,0.1329055912007333,0.1329055912007333,0.14545454545454528,0.14814814814814814,0.3112582781456954,-4.46,-0.032945736434108475,-3.1869918699186988,0.24212421242124216,-0.08034482758620687,0.010339445961763616,0.01818181818181808,0.03083700440528636,-0.09476117103235747,-0.10912476722532582,0.03839999999999999,-0.010570026425066105,0.055032925682031886,-0.03225806451612912,-0.001434967282745947
28,2000-12-31,0.0063548405564779475,0.015820494261193252,0.010468054385753822,0.01313185824788632,0.0026212319790301923,-0.3166776243699321,-0.05906148867313921,-0.05906148867313921,-0.04761904761904767,-0.048387096774193616,0.531986531986532,-1.9682080924855487,0.04809619238476959,-0.21561338289962828,0.15289855072463765,0.2133483314585676,0.008882023556671115,0.01748511904761929,0.006410256410256388,0.17702127659574465,0.17140468227424746,0.036979969183359,-0.0038153376573827336,0.1529201961658493,-0.1166666666666666,0.0026441340460998664
29,2001-03-31,0.004892479235407921,-0.0074307817589576155,-0.02095737080257209,-0.023792613636363646,0.02854030501089322,0.5038486209108404,0.14875322441960434,0.14875322441960434,0.1499999999999999,0.15254237288135594,-0.5225274725274724,-0.07462686567164177,0.0745697896749522,-2.2985781990521335,-0.1722187303582653,-0.02456736711990104,0.006889952153110057,0.014990859232175469,0.031847133757961776,-0.031091829356471368,-0.0453247680228408,0.04160475482912318,0.023362696284948248,0.05761794276875488,-0.04716981132075471,0.016797569225477368
30,2001-06-30,-0.010643115942028936,-0.023792431545482492,-0.034663099002675724,-0.04310658421244085,0.010273247193391288,0.004265301770100205,-0.1010479041916168,-0.1010479041916168,-0.10144927536231874,-0.10294117647058833,0.7422324510932106,-0.6419354838709677,-0.032918149466192204,-1.5656934306569343,0.11769172361427492,-0.11325835577380015,0.005702337958563009,0.013328530259365978,0.012345679012345512,-0.14029850746268654,-0.13869158878504673,0.03851640513552068,0.021332335329341312,0.056672760511882865,-0.03960396039603964,0.02018493459630122
31,2001-09-30,0.4096475165941864,-0.004832440382393055,0.8520851707194155,0.33947918646645125,0.041513785512108166,0.007220216606498298,0.03663613655287268,0.03663613655287268,0.032258064516129004,0.03278688524590168,-0.3044914134742405,66.69369369369369,-6.81048758049678,-1.4612903225806453,-0.048573369565217406,-0.015541264737406137,-0.018711018711018768,-0.09100604337006757,0.04268292682926833,-0.02777777777777779,-0.04340277777777779,0.4230769230769229,-0.26108464639061923,-0.00865051903114189,-0.08247422680412364,-0.25704653476290473
32,2001-12-31,0.12896285772275218,0.3986065660297689,0.27462585034013604,0.5764154959557259,-0.08656265727226975,-0.1570735821210204,-0.15502008032128511,-0.15502008032128511,-0.15625,-0.19047619047619047,0.8670465337132003,-1.4087037529944104,-1.3700126662444585,-19.874125874125873,0.9635844341306676,-0.013790600616947923,-0.01964560862865949,-0.13648807195932733,-0.0857699805068225,-0.05446428571428563,-0.017695099818511806,0.027992277992278103,-0.1909248698239524,-0.06980802792321106,-0.0674157303370787,-0.11284683478390235
33,2002-03-31,-0.08032503955127279,-0.1883160993282512,-0.1335325825905962,-0.2173012872445764,0.029531680440771257,0.16583291645822906,-0.18631178707224336,-0.18631178707224336,-0.18518518518518526,-0.13725490196078427,-1.5523906408952186,-1.1917942038423963,-0.8125802310654686,-1.7847350870692849,-0.38509090909090893,-0.1646734130634775,-0.09705304518664047,-0.17391304347826084,0.027718550106609733,-0.08593012275731826,-0.13718244803695145,0.026291079812206464,0.11952191235059773,-0.09793621013133214,-0.0843373493975903,0.03706188160321977
34,2002-06-30,-0.008757525998905336,-0.011065649990701143,-0.014967662457653241,-0.02380678550891313,0.00203360804880659,-0.11456768933705208,-0.4404205607476636,-0.4404205607476636,-0.43181818181818177,-0.43181818181818177,-1.3738489871086557,-0.7809847198641766,-0.7328767123287672,-1.0779036827195467,0.04878769958604368,-0.2781938325991189,-0.16187989556135773,-0.2297149122807017,0.0020746887966804906,-0.2975206611570248,-0.1991434689507494,0.025617566331198605,0.0109499041883383,-0.13810316139767054,-0.10526315789473684,0.013017464424320837
35,2002-09-30,-0.015224422181904231,-0.005829807240244511,-0.013756878439219578,-0.041234684260131986,-0.01773125400555442,0.09934577174703184,-0.2546972860125261,-0.2546972860125261,-0.24,-0.28,1.3251231527093594,1.5813953488372094,4.145299145299147,-0.9090909090909092,0.0042289258528334095,-0.2871528837351237,-0.22949117341640698,-0.2469750889679716,-0.0165631469979296,-0.28823529411764703,-0.1463903743315509,0.024977698483496846,-0.0027078256160303353,-0.2355212355212355,-0.014705882352941237,0.03695426610264185
36,2002-12-31,-0.0037648189682794038,-0.0565591601248463,0.008559472482881025,0.010076185795035551,-0.024902131361461462,0.05664536037028878,0.04761904761904767,0.04761904761904767,0.0,0.11111111111111116,-0.2658898305084746,-0.01501501501501501,-1.0664451827242525,26.73333333333333,0.11678832116788328,0.0466609589041096,-0.2446091644204852,-0.224952741020794,-0.02526315789473688,0.06404958677685957,0.3876272513703993,0.024369016536118338,-0.021178387184360603,-0.2803030303030304,0.07462686567164177,-0.06596366995073888
37,2003-03-31,0.027176971938570386,0.06706766917293239,0.029798202049412307,0.037226277372262695,0.022527043604327,-0.013767209011264048,1.1176470588235294,1.1176470588235294,1.1578947368421053,1.0499999999999998,-0.7691197691197691,0.8902439024390243,10.125,-1.0240384615384617,-0.4074912016088487,-0.048261758691206524,-0.0267618198037467,-0.030487804878048808,0.02159827213822907,-0.023300970873786464,0.2274266365688489,0.023789294817332385,-0.0044382801664354385,-0.03421052631578947,0.0,0.02875978574371652
38,2003-06-30,0.018864970645792626,0.006670424652386321,0.014529027531896775,0.016303072953319342,0.02661140800523509,0.08481387478849411,0.13888888888888884,0.13888888888888884,0.14634146341463405,0.12195121951219524,6.1875,-0.5258064516129033,-3.0022471910112363,0.5,-0.0063640220619431975,0.08981521272024072,0.20989917506874425,0.2025157232704402,0.0274841437632134,0.0656063618290259,0.12091954022988505,0.02323651452282149,0.007522986904430207,0.14804722979109908,0.05555555555555558,-0.009452098686318466
39,2003-09-30,0.02470036877689008,0.06924871675221644,0.011192009146157922,-0.08886324293133296,0.048549877828534926,0.047377656463248215,0.0044345898004434225,0.0044345898004434225,0.0,0.021739130434782483,-0.17391304347826084,-1.4897959183673468,-0.8967452300785634,-67.66666666666667,1.114859094790777,0.040615141955836036,0.2041666666666666,0.20606694560669456,0.04732510288065828,0.0130597014925371,-0.1341263330598852,0.0227088402270883,0.02323008849557517,0.17484177215189867,0.02631578947368429,0.17354035257965394
40,2003-12-31,0.029840674789128437,0.04023740944400811,0.052365367450163625,-0.04623179227359087,-0.008510638297872353,0.05454206999255407,-0.4415011037527594,-0.4415011037527594,-0.4680851063829787,-0.4680851063829787,0.31789473684210523,-12.451388888888891,4.586956521739131,-1.898,-0.5065616797900263,0.001515725653656652,0.022019502988361198,0.0190806591500432,-0.009823182711198421,-0.0441988950276242,-0.1871151113216485,0.022204599524187296,-0.03729729729729725,0.0013468013468014295,0.012820512820512777,0.090614663726571
41,2004-03-31,0.032361399293800774,0.06830005034401743,0.008029403449250738,0.0026560424966799445,0.0763335377069283,-0.08543689320388348,0.9051383399209488,0.9051383399209488,1.0,0.96,-0.13658146964856233,-0.6343238326258338,-1.2295719844357975,-1.6915367483296215,0.2540916530278232,0.033673855467271974,0.019082794706063444,0.028085106382978783,0.07539682539682535,0.04431599229287087,0.0011655011655011815,0.02172226532195487,0.042672655811341935,0.03295225285810344,0.0,0.06552094522019325
42,2004-06-30,0.0220380818053596,0.03424442349984291,0.04078083805463617,0.11827814569536432,-0.009683850754770741,0.04806022003474242,-0.4533195020746889,-0.4533195020746889,-0.46,-0.4489795918367345,-0.2312673450508789,-0.2935323383084577,-3.449152542372881,-0.8502415458937198,0.030342577487765032,-0.0812591508052708,-0.1365146481425552,-0.13741721854304634,-0.011070110701106972,-0.14575645756457567,-0.12514551804423746,0.02126044039483665,-0.030963920301561695,-0.1269531249999999,-0.012658227848101222,-0.07518975332068299
43,2004-09-30,0.04109021907883381,0.05429829890643978,0.051686967769753116,0.07603932251569345,0.02224139583932505,-0.0005524861878453137,0.4383301707779885,0.4383301707779885,0.4444444444444444,0.40740740740740733,-0.3008423586040915,0.12676056338028174,-1.3944636678200693,1.3978494623655917,0.0706143128562382,-0.06015936254980081,-0.0692549842602308,-0.08061420345489445,0.02238805970149249,-0.04967602591792642,0.060545575515635434,0.020817843866171026,-0.01806057238121705,-0.053691275167785164,-0.03846153846153855,-0.020197486535009083
44,2004-12-31,0.008582979851537553,0.06612403659151478,0.03689847793778501,0.08343423225096314,-0.04323361155397165,-0.3841901603095633,-0.816622691292876,-0.816622691292876,-0.8205128205128205,-0.8157894736842105,0.17555938037865748,-0.7645833333333334,-4.56140350877193,-0.1300448430493274,0.08843537414965996,0.03391267486222982,-0.1416760616309658,-0.1544885177453027,-0.045620437956204414,0.011363636363636244,0.10100376411543288,0.02039329934450107,-0.05149971703452172,-0.029156816390858983,-0.12,-0.015967541391270212
45,2005-03-31,-0.06663380975850175,-0.14492264036213764,-0.1090792270053872,-0.20258051407091335,0.017545579298176902,0.35607420706163984,2.83453237410072,2.83453237410072,2.8571428571428568,2.8571428571428568,0.13323572474377746,-9.221238938053098,4.086206896551723,-2.902061855670103,-0.10027173913043473,0.004100041000409949,-0.17775831873905426,-0.1814814814814816,0.015296367112810572,0.05168539325842692,0.15327635327635325,0.019985724482512342,0.09009546539379487,-0.1517857142857143,-0.045454545454545525,0.07228835539003797
46,2005-06-30,-0.11173302355053327,-0.26106194690265483,-0.1993786752468656,-0.15568862275449102,0.040458530006743036,0.07877316857899386,0.8836772983114447,0.8836772983114447,0.8888888888888888,0.8518518518518516,-1.0180878552971575,0.6178686759956944,0.44842615012106535,3.100271002710027,-0.4569616430081546,0.04899959167006962,0.2332268370607029,0.2850678733031675,0.039548022598870025,0.03418803418803429,0.2821146245059289,0.019594121763470973,0.17159277504105086,0.2803827751196173,0.015873015873015817,-0.1247829322748698
47,2005-09-30,0.014901121547180375,0.08479469632164237,-0.006305432372505582,-0.0007544892108042323,0.04323673733913536,-0.02495397831867463,-0.03984063745019917,-0.03984063745019917,-0.03921568627450989,-0.020000000000000014,-54.64285714285714,-0.9454424484364604,-0.8308258107656302,-1.2187706543291474,0.18409343715239146,-0.041650447644998034,0.06908462867012077,0.13028169014084498,0.04347826086956519,-0.07851239669421484,-0.22235067437379571,0.019217570350034352,0.02779724363466496,0.12556053811659207,0.0,0.08560090702947831
48,2005-12-31,0.0987543441758756,0.21074420896993584,0.18053134369988144,0.0404711567502265,-0.005324813631522929,0.052863436123347984,-0.4823651452282157,-0.4823651452282157,-0.4693877551020408,-0.4693877551020408,-0.5672436750998668,-17.134146341463413,-4.804347826086957,1.782477341389728,0.4325974635979333,-0.08651502843216907,0.11025848142164783,0.15991692627206633,-0.006944444444444421,-0.12556053811659196,-0.16204162537165512,0.018855218855218903,-0.09477272727272734,0.037184594953519216,0.125,0.1636422976501306
49,2006-03-31,-0.024059990049044026,-0.056907921517544535,-0.060543414057885436,-0.1291727140783745,0.031049250535331918,-0.0683403068340307,0.4308617234468939,0.4308617234468939,0.3846153846153846,0.3846153846153846,-0.7446153846153847,-0.7906273620559334,-1.2,-1.6221498371335503,-0.1878688524590164,0.0484659848821698,0.032375409239723714,0.06982990152193369,0.027972027972027916,0.056410256410256425,-0.08279124778237734,0.018506278916060825,0.05649008285212154,0.052496798975672165,0.013888888888888841,0.08302013799293206
50,2006-06-30,-0.0021485015112341355,0.01899171270718236,-0.013517761710154064,-0.02849999999999997,0.01349948078920038,0.04170230966638155,-0.06582633053221287,-0.06582633053221287,-0.05555555555555547,-0.05555555555555547,9.180722891566266,-0.4765342960288809,0.5246753246753246,-1.2181500872600348,0.050464271295922465,0.04283290924512295,-0.12367864693446085,-0.1238493723849372,0.013605442176870763,0.014563106796116497,-0.01547388781431336,0.018170019467878,0.015684410646387814,-0.10523114355231132,-0.0273972602739726,0.04884238877091196
51,2006-09-30,-0.006824319392745082,-0.013215859030836996,-0.004079031230082908,0.057642820380854325,-0.010502049180327822,-0.14719770067747895,-0.4932533733133433,-0.4932533733133433,-0.5,-0.5,0.11715976331360944,-0.2275862068965517,0.028960817717206044,0.8560000000000001,0.08916218293620283,-0.06018706791378614,-0.2255729794933655,-0.23113658070678125,-0.011744966442953086,-0.0717703349282296,0.04387688277668622,0.017845761631612556,-0.0037435657463733563,-0.19442556084296406,-0.0422535211267604,-0.06696296296296289
52,2006-12-31,-0.0602608855410619,-0.11555631868131865,-0.0026878279790093496,0.05369018653690194,-0.1378893778583139,0.01420317766008661,-1.396449704142012,-1.396449704142012,-1.3529411764705883,-1.3529411764705883,-0.7764830508474576,-7.607142857142858,1.9387417218543048,-4.517241379310344,-0.28793225123500354,0.08913890090869757,-0.26583592938733125,-0.2683229813664596,-0.15959252971137514,0.10051546391752564,0.3971141781681304,0.017532874139010612,-0.08243306716768439,-0.2531645569620253,-0.014705882352941237,-0.16063300518683174
53,2007-03-31,0.020175953079178962,0.024849543777907268,0.01578542094455848,-0.02909482758620685,0.02702432188970083,0.0624258248279137,-6.149253731343284,-6.149253731343284,-6.833333333333332,-6.833333333333332,2.6255924170616107,-0.9905405405405404,-0.6726760563380282,-1.2401960784313726,0.09712586719524284,0.09495431068732607,0.014144271570014187,-0.00339558573853993,0.05252525252525242,0.3044496487119439,0.5276156264032332,0.017230769230769383,0.006654722293319759,-0.004519774011299439,0.0,0.055552052462324315
54,2007-06-30,0.04154689356483088,0.09338889941276762,0.036828806064434616,0.06056762327572529,0.04882565052139176,0.10098302055406604,0.023188405797101463,0.023188405797101463,0.02857142857142869,0.02857142857142869,0.38692810457516336,-92.0,-0.5456110154905336,-0.15816326530612246,0.07452574525745259,0.07510885341074025,0.04741980474198049,0.027257240204429326,0.044145873320537536,0.021543985637342944,0.08877131099353308,0.01693889897156664,0.0068649885583524925,0.02156640181611813,0.0,0.030943847072879338
55,2007-09-30,-0.03963201471941125,-0.08229383229383225,-0.08944129653323585,0.2036178801016595,0.036331536889054,0.02475649350649345,0.2152974504249292,0.2152974504249292,0.1944444444444444,0.1944444444444444,-0.34307257304429783,-1.6185243328100472,5.9848484848484835,-5.4363636363636365,-0.3076923076923077,-0.00877489031387102,0.33888149134487344,0.33996683250414583,0.03676470588235281,-0.05096660808435849,-0.032937365010799136,0.016656751933373126,0.07929292929292919,0.2622222222222224,0.059701492537313376,-0.23751303743191554
56,2007-12-31,0.0028354663192582397,-0.023220690957145518,0.04449648711943799,0.07365544652838163,-0.05299022684479515,-0.03089108910891092,-1.1037296037296038,-1.1037296037296038,-1.0930232558139534,-1.0930232558139534,-0.0961262553802008,-0.9137055837563453,-0.7158351409978307,-1.210382513661202,0.09350333940497868,-0.03166496424923393,0.0074589756340128766,0.01608910891089121,-0.05319148936170215,-0.06666666666666676,-0.2649357900614182,0.018139262726740712,-0.05568554047730456,-0.014964788732394376,0.028169014084507005,-0.0902804164450186
57,2008-03-31,0.005845942228335677,0.022419791264012282,0.00986547085201783,-0.023253123553910186,-9.46790380609297e-05,0.0586432366162648,-8.426966292134832,-8.426966292134832,-9.25,-9.25,0.23650793650793656,15.823529411764708,0.4007633587786259,3.168831168831169,0.3564686285397001,-0.1663150492264417,-0.020236920039486628,-0.015834348355663885,-0.0018726591760299671,-0.11904761904761894,-0.1815419673376376,0.017816091954023117,-0.00594648166501488,-0.04825737265415553,0.04109589041095885,0.04677971765098987
58,2008-06-30,0.06605887939221278,0.21323251417769384,0.09654909921339773,0.023332938528958902,0.020547296657513536,0.00424628450106157,0.15582450832072614,0.15582450832072614,0.18181818181818188,0.15151515151515138,0.4634146341463414,-1.91958041958042,-2.346049046321526,1.4984423676012462,0.6565697912402784,-0.09236609025727548,0.0267002518891688,0.01856435643564369,0.020637898686679312,-0.09009009009009017,-0.07517401392111378,0.017504234895539206,-0.042622133599202416,0.013145539906103343,0.0,0.18553986114436194
59,2008-09-30,0.01468072976054735,0.1513711436584606,-0.1011222954992479,-0.19548611111111114,0.2004082390053814,0.00980203728618112,2.37434554973822,2.37434554973822,2.333333333333333,2.3947368421052637,0.2473684210526317,-8.526615969581748,-3.2601214574898787,0.9488778054862844,0.7724240177909563,-0.009758364312267731,0.7134445534838076,0.7448359659781291,0.20220588235294112,-0.029702970297029733,-0.028098344204716463,0.017203107658157583,0.1827649049726634,0.7664504170528266,-0.013157894736842146,0.4312062466343565
60,2008-12-31,0.03778620592779891,-0.0010826172271466428,0.1141073497232592,-0.03467127032081718,-0.05387231411346416,-0.05614769699276745,-0.5174553917765711,-0.5174553917765711,-0.5153846153846153,-0.5116279069767442,-0.7426160337552743,-0.7287193735791866,-0.7299596954769368,-0.7431222008957133,0.1119475812073052,-0.06569685593618013,0.2920962199312713,0.3001392757660166,-0.05504587155963303,-0.22448979591836735,-0.4754775425916366,0.016912165848336214,-0.08826766453885093,0.3363064008394543,-0.026666666666666727,0.0347568431944314
61,2009-03-31,0.004771250676773198,0.04145498882340992,-0.043151753220495685,-0.011475409836065542,0.08953516869536804,0.01129259931437798,-0.4871382636655949,-0.4871382636655949,-0.4920634920634921,-0.4920634920634921,0.23497267759562845,-1.86219739292365,-1.588723051409619,-1.1793275217932753,-0.018054162487462392,0.039678553490708035,-0.0605053191489362,-0.03320835565077673,0.08899676375404543,0.10197368421052633,-0.2253937007874016,0.016630901287553623,0.08450024142926127,0.0039261876717706645,-0.0273972602739726,0.05358847325121596
62,2009-06-30,0.003906644663725478,-0.05235772357723578,-0.04171697657570639,0.01673450927182274,0.056909349928769615,0.07357926221335997,0.5407523510971788,0.5407523510971788,0.53125,0.53125,0.7610619469026549,-0.5269978401727862,-3.0,1.2569444444444446,-0.04149642492339123,-0.006763285024154575,-0.023826374144845446,0.026038781163435054,0.05794947994056465,-0.08955223880597019,-0.0025412960609911828,0.016358839050132138,0.05276046304541415,0.03285099726241692,-0.014084507042253502,-0.0679896462467644
63,2009-09-30,0.038310577342413284,-0.08119423472889498,0.04454104454104457,0.09608540925266906,0.02993757094211125,0.019130757800891462,-0.017293997965411978,-0.017293997965411978,0.0,-0.020408163265306145,0.8505025125628141,3.541095890410958,-0.07605633802816902,2.507692307692308,-0.15185826561875582,0.029182879377432025,-0.31657805703238284,-0.31047516198704106,0.029494382022472013,-0.02622950819672121,-0.012738853503184709,0.016095534787123444,-0.008035525481074113,-0.3040514956455889,-0.014285714285714348,-0.16172930938715058
64,2009-12-31,0.0018416206261511192,0.04265332038544867,-0.021531966224366702,-0.14596861471861464,0.022386003581760683,-0.4674685620557682,7.307453416149068,7.307453416149068,7.816326530612246,8.020833333333334,-0.08757637474541746,-0.4836601307189542,-2.5152439024390243,-2.1543859649122807,0.20669074917543595,0.12807183364839325,1.6428571428571428,1.7368833202819105,0.18144611186903134,0.09764309764309753,0.6038709677419354,0.01635155850792036,0.020464719675975296,2.069640914036997,-0.10144927536231874,0.22087244616234125
65,2010-03-31,-0.008223684210526326,-0.10216363375841807,-0.04333353880293411,-0.04688737525740538,0.02735296099171336,0.6451060917180014,-0.9074143302180684,-0.9074143302180684,-0.900462962962963,-0.9006928406466512,-0.6547619047619048,1.4527750730282376,-1.4889336016096584,-2.936170212765957,-0.3316412859560067,0.06619187264348557,-0.02301311212202306,0.0011444921316166035,0.024249422632794282,-0.09815950920245398,-0.6355591311343524,0.016088486676721914,0.035930645498224445,0.021269053527118054,-0.016129032258064502,-0.05798281320669362
66,2010-06-30,0.009690111533834143,0.035987871050111815,-0.002770618556701021,-0.018115339870367286,0.027477211620434042,-0.008113168296234652,0.2476446837146702,0.2476446837146702,0.2558139534883721,0.2325581395348839,1.2607758620689653,-1.0944819372766972,0.0185185185185186,-1.3072998430141287,0.15248296007789675,-0.029469548133595255,-0.031087373322377317,-0.015147184909974245,0.030439684329199638,-0.054421768707483054,-0.04856512141280367,0.015833745670460253,0.017543859649122858,0.028809441166261607,-0.049180327868852514,0.05507009794507378
67,2010-09-30,0.026859038356252585,0.107294153893553,0.03560121470569233,0.06364251861882186,0.019274955322951204,0.006291946308724761,0.02373247033441217,0.01941747572815533,0.0185185185185186,0.03773584905660377,0.3183984747378457,2.9831932773109244,0.4101010101010101,1.123882503192848,0.28100709699222715,0.0643724696356276,-0.02544169611307423,-0.009286128845037878,0.020787746170678245,0.03597122302158273,0.058004640371229765,0.015586945932781315,-0.0073325406262386705,0.037786774628879805,-0.05172413793103437,0.04104664391353818
68,2010-12-31,-0.025372432178140225,-0.07672509738452983,-0.03681058148240579,0.07240611075747938,-0.016092673763306253,0.06523551479783253,-0.4910432033719705,-0.4888888888888889,-0.4909090909090909,-0.4727272727272728,0.1532899493853941,-3.6149789029535855,1.3839541547277938,-2.5321707757065544,-0.3361034164358264,0.0034233548877899977,-0.7128353879622915,-0.7085530169888694,-0.010718113612004254,-0.01736111111111105,-0.008771929824561429,0.015827338129496216,0.009383110401277815,-0.7415474642392718,0.1272727272727272,-0.13904795209162046
69,2011-03-31,-0.007240314068734709,0.00173284110600469,-0.03161031221660837,0.002374239501409692,0.01813784764207971,-0.01956564273136374,1.0414078674948242,1.0372670807453417,1.0714285714285712,0.9655172413793104,-0.6984326018808777,-0.4203307785397338,-0.5841346153846154,-0.3610675039246468,-0.3234651301410689,-0.0094768764215315,0.06464646464646462,0.07738693467336688,0.01625135427952329,0.0,2.2123893805309742,0.015580736543909348,0.02571202531645556,0.06666666666666665,0.016129032258064502,-0.0006600324939074477
70,2011-06-30,0.031830410683608264,0.11123646209386284,0.04936454849498317,0.09696521095484822,0.022190273784223,0.08441428856515665,-0.0851926977687627,-0.08536585365853655,-0.08620689655172398,-0.08771929824561397,1.2723492723492722,-0.7689631176061239,-0.2673410404624278,-1.1597051597051595,0.07635829662261373,0.06735553004209738,-0.018500948766603357,-0.013992537313432862,0.02238805970149249,0.04946996466431109,-0.009641873278236844,0.015341701534170138,-0.009448515233320244,-0.04068396226415083,0.03174603174603185,0.01300614743687456
71,2011-09-30,0.005685923412810601,0.006362098138747996,-0.007011728709841902,-0.013090418353576272,0.013392038158136057,-0.01637835848362168,0.07427937915742787,0.07444444444444454,0.07547169811320731,0.0769230769230771,0.5535224153705398,-0.5090361445783133,0.388560157790927,2.1,0.2199181446111869,0.0372893510218717,-0.002899951667472145,0.004730368968779652,0.019812304483837195,0.01683501683501687,0.042420027816411736,0.015109890109890278,0.007591979754720369,-0.0196681007990166,0.015384615384615332,0.019710115853352583
72,2011-12-31,0.029861935403260983,0.03019705427399288,0.09789446655539867,0.06385888144400376,-0.03717113202993005,0.02039289055191773,-0.1207430340557275,-0.1209927611168563,-0.1228070175438596,-0.0892857142857143,-0.07656065959952885,-4.03680981595092,0.07102272727272729,0.6191066997518611,0.2918810109595169,0.13100587625302462,0.1061560833737274,0.0941619585687381,-0.03374233128834358,0.10927152317880796,0.12541694462975328,0.015336039693279124,-0.06491499227202469,0.0921630094043886,0.015151515151515138,-0.031625024591776414
73,2012-03-31,-0.017045799211404256,-0.23194934064499284,-0.055019587206922786,-0.07313624678663244,0.023878164953622383,-0.03722038870553723,0.2922535211267605,0.2941176470588236,0.30000000000000004,0.2549019607843137,-0.7531887755102041,-7.115151515151515,0.10875331564986744,-3.65823754789272,-0.6005886426592798,0.02169926650366749,0.025854513584574912,0.018932874354561147,0.023280423280423342,0.056716417910447785,-0.08239478363959696,0.01510439804531316,0.04152892561983479,0.020091848450057403,0.0,-0.1713647214180507
74,2012-06-30,-0.022864724759318663,-0.06391840203994903,-0.018995173864620685,-0.030508944667868576,-0.014629368917181806,-0.15387545229480104,-0.4141689373297003,-0.4136363636363637,-0.41538461538461535,-0.40625,1.9302325581395348,-1.0746613809051866,0.01674641148325362,-1.1424041510521763,0.2141309059384482,0.02333233622494779,-0.0632208457923964,-0.0658783783783784,-0.008273009307135482,0.0,-0.009043927648578864,0.014879649890590763,0.008530053560801276,-0.02194710185706239,-0.044776119402985086,-0.03444682807232613
75,2012-09-30,0.1382195976884455,-0.15754108780532095,0.3966572059287292,0.1722214275497067,-0.1365387004596844,-0.15912671618275942,-2.1023255813953488,-2.1023255813953488,-2.131578947368421,-2.131578947368421,3.0423280423280428,-19.597345132743364,0.9870588235294118,-3.6275303643724697,-0.4634059264548376,-0.010230926629640535,-0.4482444140446876,-0.4873417721518988,-0.1220020855057351,-0.0028248587570621764,0.05606258148631027,0.014661492022423506,-0.2415420928402832,-0.42577675489067895,-0.10937500000000012,-0.28127975623690715
76,2012-12-31,-0.004078348684940614,0.026190989437378853,0.005193280346820872,0.010250152532031764,-0.019928057553956883,0.12178800856531047,-2.30098452883263,-2.30098452883263,-2.325581395348837,-2.3023255813953494,-0.8176265270506108,-1.0659053057339996,-0.4328004736530492,-1.1178736517719567,0.10179640718562877,-0.037507383343177714,0.08016528925619837,0.015873015873015817,-0.01187648456057,0.09631728045325794,0.8290123456790124,0.014874628134296632,-0.01581950207468874,0.11422845691382764,-0.08771929824561397,0.015721603956897926
77,2013-03-31,0.0016993063487198425,0.0582921961978784,0.0,0.016306317188066192,0.0026425897379431795,-0.08589835361488908,-0.3416216216216216,-0.3416216216216216,-0.3508771929824561,-0.3392857142857143,-1.5119617224880382,-0.4187725631768953,-0.954070981210856,-2.9673202614379086,-0.18176328502415465,0.13378336913163547,-0.2157612853863812,-0.2690972222222222,0.0,0.1472868217054264,0.08437394532568354,0.014656616415410497,0.001054018445322713,-0.18525179856115104,-0.11538461538461542,0.04130434782608705
78,2013-06-30,0.008176205573168671,0.040690750297737166,-0.01707174625993979,-0.007130972189208441,0.05212680284061788,0.05664317410597764,-0.11986863711001637,-0.11986863711001637,-0.108108108108108,-0.1351351351351351,-4.52803738317757,-0.6459627329192547,24.34090909090909,-2.5481727574750828,0.34391143911439115,0.18213802435723947,-0.04487804878048773,-0.10451306413301664,0.049278846153846256,0.18243243243243226,0.5449735449735449,0.014444903012793997,0.043432482232166336,-0.050772626931567366,-0.0434782608695653,0.04818371607515659
79,2013-09-30,0.01522674611055952,0.013446500095365188,0.009643950820421354,-0.008977735216662673,0.024702525920256013,0.0041996047430830075,0.29104477611940305,0.29104477611940305,0.2727272727272727,0.3125,-0.3026490066225166,-9.333333333333334,-0.4439461883408071,-1.1072961373390555,-0.02745744096650193,0.01694139194139188,1.0020429009193053,1.021220159151194,0.02405498281786933,-0.030476190476190542,0.09125705076551173,0.014239218877135862,0.009334006054490418,0.9906976744186048,0.02272727272727271,0.02262587635436586
80,2013-12-31,0.04858167590479301,0.7799943540039522,0.05731100045269355,0.5025969319966179,0.029064240119516468,0.09249692496924976,0.049132947976878505,0.049132947976878505,0.04761904761904767,0.023809523809523725,0.3390313390313391,-0.33684210526315794,-2.146774193548387,-37.3,1.0248447204968945,0.12854570013507427,-0.09693877551020412,-0.0879265091863517,0.026845637583892582,0.10216110019646374,-0.4458187188480709,0.014440433212996371,-0.018495376155961085,-0.08644859813084105,-0.022222222222222254,0.1846369585540666
81,2014-03-31,-0.1339137645107794,-0.2591456967646437,-0.23390135297139925,-0.3954180064308682,0.02105054771017545,-0.14185994145462733,0.2906336088154271,0.2906336088154271,0.2954545454545454,0.3023255813953489,-0.5624113475177305,-8.022222222222222,-2.6765119549929683,-0.09696969696969693,0.4570552147239264,0.04887293038100937,0.09378531073446328,0.14676258992805735,0.017429193899782147,0.021390374331550888,0.13724183877415053,0.014234875444839812,0.1787624140565316,0.12979539641943716,0.02272727272727271,0.2253715638563725
82,2014-06-30,0.002363571086644312,0.003425146282289182,0.012910076566254869,0.03683020874883658,-0.009435791378530343,0.020467069010758232,-0.6446104589114194,-0.6446104589114194,-0.6491228070175439,-0.6428571428571428,0.7115072933549433,-1.6830922242314648,-0.5922818791946309,-1.574130567419158,-0.1804784688995216,-0.06066945606694552,-0.08471074380165289,-0.052697616060225834,-0.01070663811563166,-0.07678883071553233,-0.1637375512595196,0.014035087719298291,-0.011665586519766569,-0.06112054329371819,0.022222222222222143,-0.032200933827081
83,2014-09-30,-0.0015819478852640012,0.008178068553548634,0.006896932244537579,0.039112592972557085,-0.01200495856984407,0.008228336333247599,1.165165165165165,1.165165165165165,1.15,1.15,-0.14488636363636365,-1.1085373924553277,0.08641975308641969,-1.5727948990435707,0.13288183092013073,0.01052844705405942,0.003950338600451575,0.03576158940397356,-0.011904761904761862,0.0207939508506616,0.08581436077057791,0.01384083044982698,-0.010491803278688594,0.019891500904159143,0.0,-0.029778738978539217
84,2014-12-31,0.008938714499252542,0.030401354306270667,0.02833031946955988,0.0441811674688386,-0.019216799841510927,0.08594746238204531,-0.9819694868238558,-0.9819694868238558,-0.9767441860465116,-0.9767441860465116,-0.3665559246954596,1.1402439024390243,-0.5625,0.33580705009276435,0.14842300556586266,0.10418753756762178,-0.2585722315907813,-0.2352941176470589,-0.020810514786418488,0.11851851851851848,0.09741935483870967,0.014031095942358627,-0.027833001988071596,-0.25413711583924337,0.021739130434782483,-0.013203017832647546
85,2015-03-31,-0.0050371862870011155,0.021700438116100784,-0.04668016625812643,-0.09124216995627,0.046727713439267404,-0.05096289337717242,90.23076923076924,90.23076923076924,70.0,70.0,0.09440559440559436,1.1481481481481484,1.9523809523809528,0.004166666666666653,0.12977921378567592,0.15169660678642716,0.12282031842304784,0.12207357859531776,0.043624161073825496,0.17549668874172175,0.5546737213403878,0.013836948391922288,0.05203362872074524,0.10855784469096674,0.021276595744680767,0.124297712134376
86,2015-06-30,-0.04839334107626792,-0.12522613065326638,-0.06858580212409171,-0.03303420470802443,-0.027209571593979187,0.03019054689433309,-1.1096121416526141,-1.1096121416526141,-1.1126760563380282,-1.1126760563380282,-0.8865814696485623,-2.697612732095491,0.2947214076246334,-3.8976486860304287,-0.33285668891007314,0.04112178982196313,-0.20324105334233636,-0.19672131147540986,-0.027867095391211127,-0.002816901408450589,-0.07449423331442617,0.013648100331980828,0.022246220302375885,-0.2187276626161544,0.02083333333333326,-0.09535830199371498
87,2015-09-30,-0.00547662264505222,-0.009957107843137305,-0.009422072856028365,-0.037256220578345656,-0.002909475633141589,-0.02257987028585151,-6.430769230769231,-6.430769230769231,-6.25,-6.25,6.380281690140845,-0.9515625,-0.2072480181200453,-0.8930787589498806,-0.053346034770183404,-0.036319612590798966,-0.006779661016949157,0.0055658627087198384,-0.0033076074972437923,-0.008474576271186529,0.21573033707865166,0.013464337700145546,0.002535389816184175,-0.017383348581884728,0.020408163265306145,0.028359908883826886
88,2015-12-31,-0.0009754869567953904,-0.1942596317499613,0.04955773658063745,0.12000558815311545,-0.053916042177863284,0.05357581715409188,-1.2790368271954673,-1.2790368271954673,-1.261904761904762,-1.261904761904762,0.16603053435114498,14.870967741935484,0.5514285714285714,6.0982142857142865,-0.4,0.025439698492462304,-0.11006825938566543,-0.10516605166051653,-0.05420353982300863,0.028490028490028463,0.03512014787430684,0.013644524236983813,-0.05289778714436244,-0.12011173184357538,0.020000000000000014,-0.2805958577915606
89,2016-03-31,0.00453571878543535,0.07681228996639455,0.0009812976217964398,-0.05238867406760639,0.008411608019066373,0.024259388850011557,-7.065989847715737,-7.065989847715737,-7.545454545454545,-7.454545454545454,-1.6317512274959085,-2.4491869918699187,-0.2707182320441989,-1.1628930817610064,0.10859538784067092,-0.028790199081163762,0.025886864813039256,0.01855670103092777,0.008187134502923854,0.027700831024930702,0.09529220779220783,0.013460857244066649,0.003782821539830783,-0.014814814814814838,0.03921568627450989,0.13632514817950891
90,2016-06-30,0.029443120531794875,0.09656709763709316,0.02375872210368501,0.03790970119784132,0.03698039760878635,0.10931450694602596,-0.02426778242677829,-0.02426778242677829,-0.02777777777777779,-0.02816901408450712,-2.0647668393782386,-0.7152875175315567,-0.33838383838383834,0.11969111969111967,0.10968229954614216,0.0928729107537054,0.8289719626168226,0.811740890688259,0.035962877030162536,0.08355795148247958,0.09278197717504087,0.013282069206571157,0.007315451119485727,0.7497314715359826,0.03773584905660377,0.056564151199024686
91,2016-09-30,0.027291279583320668,0.0736705155309807,0.010871402016560559,0.14090044388078635,0.04658801447915262,0.010470129336891842,0.030874785591766818,0.030874785591766818,0.02857142857142869,0.04347826086956519,2.399026763990268,-1.9064039408866995,0.02862595419847325,0.7172413793103449,0.1697341513292434,-0.05583609868705819,0.16249361267245788,0.1553072625698324,0.04591265397536404,-0.08830845771144269,-0.4809439848094398,0.013107968264919112,0.018705985915492773,0.1184775936157152,0.03636363636363616,-0.058921587484772726
92,2016-12-31,-0.0005929967088682543,0.037867312935474066,-0.03265351610386713,-0.017229879946642934,0.0361237430346506,0.0652173913043479,-0.2562396006655574,-0.2562396006655574,-0.26388888888888884,-0.26388888888888884,0.022190408017179752,-1.0434782608695652,0.09461966604823746,0.6164658634538152,0.2345571095571095,-0.16839853300733487,0.2826373626373626,0.3046421663442937,0.035331905781584634,-0.2046384720327421,-0.29265743402142674,0.013278855975485282,0.036724994599265585,0.2590559824368825,0.035087719298245716,0.056070309306444965
93,2017-03-31,-0.022843919660604617,-0.006494454173963771,0.06002304147465432,-0.03924895373826487,-0.10885825554800023,-0.059889376311272224,0.7606263982102908,0.7606263982102908,0.7924528301886791,0.7735849056603772,-0.3970588235294118,-13.6875,0.7169491525423728,-1.4062111801242236,-0.07717724805286763,-0.02186696067622207,0.0846470185058259,0.07635285396590064,-0.09513960703205793,-0.05660377358490565,-0.2578500184706317,0.013104838709677269,-0.08793498645551158,0.05579773321708803,0.016949152542372836,0.03406231856009278
94,2017-06-30,0.014330388317090216,0.052074917370547265,0.010107597000326152,0.06157287497056752,0.019630965593784744,0.04361939541489135,-0.4180432020330368,-0.4180432020330368,-0.4105263157894736,-0.4042553191489361,0.8397212543554007,4.044334975369458,-0.00691016781836129,0.345565749235474,-0.11253196930946296,0.028179597971068837,-0.048341232227488096,-0.05578512396694213,0.024000000000000018,0.13636363636363644,-0.0542558486809358,0.012935323383084674,0.0052547406899703395,-0.06440957886044596,0.01666666666666661,-0.008921330089213253
95,2017-09-30,0.017001406806549157,0.050544540631108685,0.025554120938239718,0.04668958633691922,0.0057146744676508385,0.021384136858475955,-0.07751091703056767,-0.07751091703056767,-0.07142857142857151,-0.0892857142857143,0.08143939393939402,-1.138671875,-0.29821073558648115,-3.668181818181818,0.33832853025936593,0.05810341677325059,-0.06507304116865875,-0.07950401167031362,0.007812499999999778,0.033600000000000074,0.10842105263157896,0.012770137524557912,-0.011136363636363722,-0.09267431597528686,0.0,0.003651013470980846
96,2017-12-31,-0.012537893280748724,-0.0128920786815524,0.13854062844253254,0.013244331426149671,-0.205776905905432,0.03711457936810048,-3.755029585798817,-3.755029585798817,-3.7692307692307687,-3.8235294117647056,-0.3479276123759486,6.176056338028169,0.9150141643059492,-0.33816013628620095,0.16731266149870794,0.0868589190122604,-0.7428977272727273,-0.7614896988906498,-0.20376522702104086,0.07894736842105265,0.17663817663817682,0.012932428063368915,-0.19581705355090784,-0.7641050583657587,0.016393442622950838,-0.02577772202709494
97,2018-03-31,-0.013948913594229673,-0.013800996364615624,-0.07035569480280135,0.006378751437833286,0.08960054509837323,-0.0469810974490732,-1.638316151202749,-1.638316151202749,-1.6319444444444446,-1.6319444444444446,0.05192479856759169,-1.042198233562316,-0.09615384615384616,-1.1016731016731016,-0.014572957019000188,0.02081347314903081,-0.059392265193370375,-0.08970099667774079,0.08901251738525717,0.2826398852223817,3.5488297013720738,0.012767315671880164,0.10517290654472712,-0.09896907216494844,0.016129032258064502,-0.02008626794566404
98,2018-06-30,-0.013360336124293435,-0.05290463512867771,0.0022798235614809315,0.026392352452202728,-0.03720784804189792,0.09840169458886973,-0.7489905787348587,-0.7489905787348587,-0.7472527472527473,-0.7472527472527473,-0.10042553191489356,7.093023255813954,-0.16939443535188214,3.3417721518987342,-0.06420816173717714,-0.11922178988326848,-0.5726872246696035,-0.5875912408759125,-0.03575989782886335,-0.1912751677852348,-0.07026259758694109,0.012606366214938712,-0.02430824928885433,-0.6018306636155607,0.03174603174603185,-0.07726167794494443
99,2018-09-30,0.033485493704237035,0.07171688049589164,-0.011818226771497796,-0.018627252480259204,0.10741251928229277,-0.0022791023842917424,4.096514745308311,4.096514745308311,4.0434782608695645,4.0434782608695645,0.2100283822138127,-0.5775862068965517,-0.29064039408866993,-2.1924198250728866,0.08181636327265451,0.034635094539671174,2.8969072164948453,2.8141592920353986,0.10728476821192046,0.07192254495159056,1.6604007633587785,0.012449424214129978,0.07156109196925509,2.7356321839080464,0.015384615384615332,0.09206123175507286
100,2018-12-31,0.037113891029821655,0.1540789562176339,0.043785028022417904,0.09903032803796163,0.028665689149560025,0.049551924090669434,-0.38979484481851656,-0.38979484481851656,-0.38793103448275856,-0.38793103448275856,0.8991399530883504,1.2857142857142856,-0.1972222222222222,2.67481662591687,0.2779215976331362,-0.055337318531169855,2.2883597883597884,2.3967517401392118,0.027511961722488158,-0.14580645161290318,-0.7693411283669882,0.012603750384260648,-0.008162255750680079,2.355384615384615,0.015151515151515138,0.05013691485200145
101,2019-03-31,-0.004344594980849492,-0.0039044289044288813,-0.06433673713984367,-0.17017082785808146,0.08459838928087815,-0.008873263016909383,0.4741379310344826,0.4741379310344826,0.4788732394366198,0.4647887323943662,-0.42774804446274173,-4.154761904761905,2.51038062283737,-0.7178975382568197,0.06135146867312979,-0.1079370819020068,-0.0005363368195226982,0.03210382513661214,0.08265424912689179,-0.13293051359516614,-0.7451407246151454,0.0,0.08952618453865324,0.012838147638698059,0.0149253731343284,0.20034767492394606
102,2019-06-30,0.5835964861916518,1.206517287778623,0.9988727775785212,0.09840515778758063,0.05460638717308442,0.05962837837837842,-0.1625730994152047,-0.1625730994152047,-0.16190476190476188,-0.16346153846153855,0.4985611510791368,-0.32547169811320753,-10.003449975357318,48.691037735849065,2.8723926380368097,-0.0464126469396029,0.12959484840354185,0.034414295168762266,0.05483870967741922,-0.11846689895470396,-0.08602806589383771,0.012446873102610834,-0.3341725795376517,0.17700316885468534,-0.11764705882352955,1.0087928002482671
