,Quarter end,Assets,Current Assets,Liabilities,Current Liabilities,Shareholders equity,Revenue,Earnings,Earnings available for common stockholders,EPS basic,EPS diluted,Cash from operating activities,Cash from investing activities,Cash from financing activities,Cash change during period,Cash at end of period,Price,ROE,ROA,Book value of equity per share,P/B ratio,P/E ratio,Equity to assets ratio,Net margin,Asset turnover,Current ratio
0,1996-03-31,0.012996144487874116,0.01611107917578991,0.13690296056687212,0.12721555936136664,-0.056487601539656714,0.10796164810179197,-24.72351160443996,-24.72351160443996,-14.0,1.8461538461538456,-1.4465367250302834,1.7565876647769962,5.993651589190995,2.876103523730476,-0.4936195564438637,-0.0699300699300699,-0.2525216138328531,-0.507120253164557,-0.0535714285714286,0.20736842105263165,-0.44966442953020136,-0.06851880755423767,-0.26470588235294124,-0.0092592592592593,-0.0985186250539336
1,1996-06-30,0.012996144487874116,0.01611107917578991,0.13690296056687212,0.12721555936136664,-0.056487601539656714,0.10796164810179197,-24.72351160443996,-24.72351160443996,-14.0,1.8461538461538456,-1.4465367250302834,1.7565876647769962,5.993651589190995,2.876103523730476,-0.4936195564438637,-0.0699300699300699,-0.2525216138328531,-0.507120253164557,-0.0535714285714286,0.20736842105263165,-0.44966442953020136,-0.06851880755423767,-0.26470588235294124,-0.0092592592592593,-0.0985186250539336
2,1996-09-30,0.07904367772225472,0.10148356150763037,0.037173013334805605,0.05880267161792774,0.10733633018282207,0.04635094124102723,1.8857082092726498,1.8857082092726498,1.8461538461538456,1.8461538461538456,-4.810665844636251,-0.8021120339352613,-1.08541705235624,-1.1308545843877749,0.1275570230369274,0.1428571428571428,-0.2525216138328531,-0.507120253164557,0.10377358490566024,0.20736842105263165,-0.44966442953020136,0.026139410187667744,-0.26470588235294124,-0.0092592592592593,0.04028398213146134
3,1996-12-31,0.11419289379000565,0.16552533446221473,0.13276060697081116,-0.058607790963651214,0.10244137793290807,0.09360417826105573,0.13119997641613734,0.13119997641613734,0.1351351351351351,0.0,-0.15175783461955386,1.0860942077980615,-3.1373837656435715,-1.1373103243082416,-0.015533490407270256,0.17598684210526327,-0.2525216138328531,-0.507120253164557,0.09401709401709413,0.06538796861377505,-0.44966442953020136,-0.010613977792292673,-0.26470588235294124,-0.0092592592592593,0.2380952380952381
4,1997-03-31,0.031384909214034806,0.020773744187971843,-0.011475907810095332,-0.014718976851083252,0.05925757772536721,-0.023370065177819917,-0.0538804336495361,-0.0538804336495361,-0.04761904761904756,0.0,0.08636441663964599,-0.5666474599058868,-1.1689509666023357,-15.146262188515712,0.22320802776210732,0.13776223776223762,-0.2525216138328531,-0.507120253164557,0.0625,0.0400981996726677,-0.44966442953020136,0.027067172800792072,-0.26470588235294124,-0.0092592592592593,0.035984144679796826
5,1997-06-30,0.1169964336689353,0.18938039205426227,0.3453640714476103,0.4736999886213447,-0.021595624001228164,0.1868173437280798,-1.3704223994270683,-1.3704223994270683,-1.35,0.0,-0.8085222185157224,1.6722714681440445,-11.72023233301065,-3.3811748487401383,-0.2433546692008832,-0.2015980331899201,-0.2525216138328531,-0.507120253164557,-0.10294117647058833,-0.2486231313926043,-0.44966442953020136,-0.1240559215812308,-0.26470588235294124,-0.0092592592592593,-0.19292162372212585
6,1997-09-30,0.06646127670126956,0.10050439725298176,0.05513694956747783,-0.008525928950592121,0.07591140334896429,0.0021614821350546265,-4.28691998810232,-4.28691998810232,-4.142857142857142,0.0,-1.2770951769668073,-0.4690004042749484,0.002383962434531428,-1.0041169470264706,0.0023641971888217483,0.2671285604311009,0.053493975903614384,-0.507120253164557,0.07377049180327866,0.412565445026178,0.5929878048780488,0.008805723720418213,0.04434782608695653,-0.01869158878504673,0.10999999999999988
7,1997-12-31,0.035761595107412836,0.019889404477189787,0.15647417053165855,0.1882114557764856,-0.06302773925239769,0.017496782672982603,-1.2682879927605906,-1.2682879927605906,-1.3409090909090908,0.0,-6.179682329583057,0.3112347486578819,0.011945515476919688,28.09375,0.06862112808417331,-0.23511543134872426,-0.4817017383348582,-0.507120253164557,-0.06106870229007644,-0.2876204595997035,-0.2829346092503987,-0.09529005273686132,-0.4979184013322231,-0.01904761904761909,-0.14167500834167499
8,1998-03-31,0.07400624652465604,0.11775686830954712,0.07661131863177006,-0.5487970880051625,0.0713748487931658,-0.061304545830918274,-3.514588076566321,-3.514588076566321,-2.0,-0.5945945945945946,1.1616942439149045,-0.32837065269175797,0.7214279355470491,21.715896885069817,1.458693290569551,0.13105639396346302,-0.1297440423654016,-0.1765650080256822,0.07317073170731714,0.2049947970863684,1.3033807829181496,-0.0024120603015075352,-0.14262023217247088,-0.03883495145631066,1.4772974654019593
9,1998-06-30,0.04268057239686107,0.040915160000455815,-0.020183410450764768,-0.054971116350268745,0.1064901889092018,0.07622859537119743,0.13110108817759605,0.13110108817759605,0.13333333333333353,0.13333333333333353,-0.5361586429056949,0.0964045043447419,-0.588597906582268,-0.9290611627302172,0.04208658573362234,0.1853932584269662,0.8793103448275863,0.8693957115009747,0.0984848484848484,0.10449050086355773,1.1733294708381612,0.061051783195647635,0.95357833655706,-0.040404040404040435,0.10146564981326288
10,1998-09-30,0.8534664262826089,0.1556956278956947,2.204738829125496,6.795666092241117,-0.36110866339338266,0.17900055734050224,-7.8474355173436114,-7.8474355173436114,-7.9411764705882355,-7.9411764705882355,2.4365084421790377,41.31905946098947,51.34500703942076,6.709048491918013,0.31134411930976924,-0.023104265402843605,-3.014031300593632,-2.4744525547445253,-0.3655172413793103,-0.11102423768569193,-0.5195716888079265,-0.6553361184960121,0.0,-0.16842105263157892,-0.8517494871210394
11,1998-12-31,-0.02536199861442401,-0.07692627227835336,-0.060383332339134836,-0.3858753351857019,0.1325371495720249,0.2455708302195032,-1.1525302644567983,-1.1525302644567983,-1.152542372881356,-1.152542372881356,1.873720706021952,-0.982297435005635,-1.1158301213933215,-3.691625956508581,-0.6390556838593789,-0.24742268041237106,-0.2355305466237941,-0.38260254596888255,0.13043478260869554,0.1864555848724716,0.0,0.16198347107438016,0.0,-0.06329113924050632,0.5029790505477609
12,1999-03-31,-0.004292895105750261,0.02871642559332788,-0.037952528573298235,-0.007815230128829675,0.12161551604665233,-0.012123808234813184,0.4192852479491329,0.4192852479491329,0.3888888888888888,0.3888888888888888,-0.11611192474693055,-0.3253090084741188,-0.7138912040204506,-1.32123353678124,0.5640551684913977,0.3295729250604351,-0.12793550648440244,-0.26231386025200465,0.1153846153846152,0.17642698295033354,0.0,0.12660028449502134,0.0,-0.027027027027027084,0.03682864450127865
13,1999-06-30,-0.033539731682146516,-0.08518802762854949,-0.29340101522842643,-0.4119477286869944,0.8002171552660151,0.025423728813559254,0.09000000000000008,0.09000000000000008,0.08000000000000007,0.08000000000000007,0.35766423357664223,4.88,0.1884057971014492,-2.025,-0.3727272727272727,0.1896969696969697,-0.2889871382636656,-0.26863354037267073,0.7241379310344829,0.06616257088846901,0.0,0.8627946127946127,0.0,-0.02777777777777779,0.5557474099654665
14,1999-09-30,-0.028563801388147406,-0.0813758389261745,-0.09674329501915713,0.10264550264550264,0.057297949336549976,-0.04820936639118456,-0.4954128440366973,-0.4954128440366973,-0.5185185185185186,-0.5185185185185186,0.2849462365591397,-0.91156462585034,1.7439024390243905,-1.0731707317073171,0.04347826086956519,-0.1258278145695364,-2.467495760316563,-2.8747346072186835,0.05499999999999994,-0.4929078014184398,1.8854157033200776,0.08834161771351122,0.16534653465346527,0.0714285714285714,-0.16687807198351046
15,1999-12-31,-0.018411651552624364,-0.0365296803652968,-0.020148462354188768,0.0124760076775432,-0.0165430690245294,0.0376266280752533,0.9454545454545455,0.9454545454545455,1.0769230769230769,0.9230769230769228,-0.3096234309623431,-1.0,-0.2533333333333333,-3.6666666666666665,-0.11111111111111116,-0.3653846153846153,-0.05624036979969183,0.13250283125707818,0.004739336492891154,-0.39860139860139854,-0.915897435897436,0.0018683828108780887,0.10875106202209016,0.026666666666666616,-0.04843467504044152
16,2000-03-31,-0.016237402015677468,-0.03791469194312791,-0.061688311688311674,-0.010426540284360186,0.03248259860788871,-0.052998605299860564,-0.009345794392523366,-0.009345794392523366,-0.03703703703703709,0.040000000000000036,-0.10909090909090913,-inf,-0.1607142857142857,0.0,-0.125,-0.000918273645546308,-0.10979591836734692,0.04200000000000004,0.02830188679245293,-0.005813953488372103,-0.0785060975609756,0.049523414836303285,0.026819923371647517,0.012987012987013102,-0.027800000000000047
17,2000-06-30,-0.00882185543540126,-0.05517241379310345,-0.06862745098039214,-0.10727969348659007,0.04943820224719109,0.02356406480117812,0.15094339622641506,0.15094339622641506,0.15384615384615374,0.15384615384615374,0.6122448979591837,2.9166666666666665,0.42553191489361697,0.5,-0.2142857142857143,0.11580882352941167,0.0036680421824852867,0.053742802303262886,0.05504587155963292,0.08576998050682261,0.10339123242349046,0.058835143139190686,0.04626865671641789,0.0,0.058424192552972924
18,2000-09-30,-0.02009761699684176,-0.025026068821689233,-0.08421052631578951,-0.13841201716738194,0.035331905781584634,-0.061870503597122324,-0.30327868852459017,-0.30327868852459017,-0.30000000000000004,-0.30000000000000004,-0.24894514767932485,-0.9574468085106383,-0.13432835820895528,-1.0833333333333333,0.02272727272727271,-0.12932454695222406,0.05025125628140703,0.09471766848816032,0.039130434782608914,-0.17414721723518867,-0.1570464767616192,0.05668469140406485,0.09201141226818854,0.0,0.13158406219630714
19,2000-12-31,0.004101963082332238,0.06096256684491985,0.008789722785665921,0.01992528019925288,0.0005170630816959676,-0.0214723926380368,-0.2941176470588235,-0.2941176470588235,-0.2857142857142857,-0.3333333333333333,-0.0056179775280899005,22.0,-0.29885057471264365,8.0,0.2,-0.3131504257332073,-0.1365811222270552,-0.10316139767054901,0.012552301255229992,-0.3391304347826086,-0.3668297020898177,-0.0037056643726839367,-0.08556499020248197,-0.012820512820512886,0.0401923737547234
20,2001-03-31,0.02859644003501605,0.06955645161290325,0.04825737265415553,0.09768009768009778,0.013436692506459956,0.025078369905956018,-1.0833333333333333,-1.0833333333333333,-1.0666666666666669,-1.0714285714285714,-0.4858757062146892,2.217391304347826,-1.721311475409836,2.333333333333333,0.5555555555555556,0.1721763085399448,-0.31435768261964736,-0.2977736549165121,0.008264462809917328,0.1578947368421053,0.3132022471910112,-0.014700673042862156,-0.2907142857142858,-0.012987012987012991,-0.02559445178335551
21,2001-06-30,0.018439716312056653,-0.05937794533458995,0.1464194373401535,0.25583982202447153,-0.08363080061193273,0.027522935779816567,33.4,33.4,42.0,42.0,0.3516483516483517,1.560810810810811,1.5795454545454546,-1.9666666666666668,-0.34523809523809523,0.028202115158636912,-1.1234386480529022,-1.1215323645970938,-0.08606557377049184,0.019886363636363532,0.4620320855614974,-0.10012583138594278,0.0,-0.013157894736842146,-0.2509744111167598
22,2001-09-30,0.048467966573816135,0.02905811623246501,0.059676519799219285,-0.16651904340124002,0.0372843628269337,-0.0029761904761904656,-1.337209302325581,-1.337209302325581,-1.3255813953488371,-1.3255813953488371,-0.07317073170731703,-0.5778364116094987,-0.6079295154185023,-2.4827586206896552,0.8,0.08571428571428563,0.8571428571428572,0.7934782608695654,0.03587443946188351,0.1866295264623956,0.0,-0.010787055533360124,0.0,-0.013333333333333308,0.23461538461538445
23,2001-12-31,0.055791710945802375,0.07692307692307687,0.031052631578947443,-0.1168969181721573,0.08100858369098707,0.010447761194029905,0.1206896551724137,0.1206896551724137,0.2142857142857142,0.2142857142857142,0.42105263157894735,-0.29375,-0.6292134831460674,0.9069767441860466,0.8181818181818181,0.2684210526315791,-0.09294871794871797,-0.12121212121212123,0.08225108225108224,0.22535211267605626,0.0,0.023828756058158485,0.0,-0.027027027027027084,0.21944291735385746
24,2002-03-31,0.010317060895822738,0.015370705244122984,-0.023481368044920847,0.06979542719614917,0.043176178660049525,-0.002954209748892156,0.2615384615384615,0.2615384615384615,0.17647058823529416,0.17647058823529416,-0.6358024691358024,-0.17699115044247793,0.6666666666666667,-0.7439024390243902,0.1166666666666667,-0.04149377593360992,-1.6007067137809188,-1.5931034482758617,0.03600000000000003,-0.11494252873563215,0.0,0.03254437869822468,-0.8771399798590129,-0.02777777777777779,-0.050867833796678814
25,2002-06-30,0.02540473225404738,-0.04363312555654497,0.05593308938839514,0.1912260967379078,-0.0023786869647954845,0.04888888888888898,-0.6951219512195121,-0.6951219512195121,-0.7,-0.7,1.6949152542372878,0.5376344086021505,-2.3818181818181814,-3.8571428571428568,-0.28358208955223885,0.21038961038961035,5.699999999999998,5.7441860465116275,-0.0038610038610037423,0.16883116883116878,11.783467446964154,-0.02693409742120345,5.901639344262295,-0.014285714285714348,-0.19711842938568724
26,2002-09-30,0.03643429681807131,0.09310986964618252,-0.019306930693069324,-0.02360717658168088,0.09012875536480693,0.019774011299435124,5.44,5.44,5.666666666666668,5.500000000000001,1.0251572327044025,-0.006993006993006978,-0.14473684210526316,-2.916666666666667,0.7986111111111112,-0.01931330472102999,0.3757682177348552,0.403448275862069,0.0852713178294573,-0.016666666666666833,-0.8623462088698141,0.051629367883784916,0.4216152019002375,-0.014492753623188246,0.11950305659633198
27,2002-12-31,0.04288727443168505,0.028960817717206044,0.0010095911155982849,-0.10735009671179883,0.07917760279965003,0.12742382271468133,-0.3478260869565217,-0.3478260869565217,-0.35,-0.35897435897435903,-0.3913043478260869,-0.3661971830985915,0.3692307692307693,-0.8434782608695652,0.06949806949806958,0.3953318745441281,0.06381620931716636,0.08845208845208853,0.07499999999999996,0.2862523540489643,-0.03013926418623991,0.03490759753593431,0.06766917293233088,0.014705882352941124,0.15272150783864724
28,2003-03-31,0.03640449438202253,0.02649006622516548,0.07766011094301573,0.18309859154929573,0.003242805026347773,-0.008599508599508645,-0.07619047619047614,-0.07619047619047614,-0.07692307692307697,-0.07999999999999996,-0.44387755102040816,2.2111111111111112,-3.191011235955056,-0.05555555555555558,0.061371841155234634,0.13800313643491902,-0.00179964007198552,0.004514672686230181,0.003322259136212757,0.05856515373352855,0.03686240891555959,-0.032106782106782195,-0.00469483568075113,0.014492753623188468,-0.13241136919315402
29,2003-06-30,0.06699913269731139,0.1088709677419355,0.06176883481516149,0.013736263736263687,0.07151515151515153,0.05824039653035928,0.17525773195876293,0.17525773195876293,0.16666666666666674,0.17391304347826098,1.2477064220183487,-0.2768166089965398,-0.6,5.8235294117647065,0.3945578231292517,0.21543408360128624,0.16045673076923084,0.1741573033707866,0.06622516556291402,0.2116182572614107,0.17610582885489867,0.004286246738725463,0.17295597484276715,0.0,0.09387934830471156
30,2003-09-30,0.05730542572647845,0.09818181818181816,0.15821947994711327,0.3008130081300813,-0.029034690799396686,0.025761124121779888,0.08771929824561409,0.08771929824561409,-0.4642857142857143,-0.4444444444444445,-0.1877551020408164,-0.41626794258373206,-0.3846153846153846,0.09482758620689656,0.3097560975609757,0.18178382464096754,-0.10357327809425164,-0.12248803827751187,-0.024844720496894457,0.10844748858447506,-0.03585237258347973,-0.08164780107626657,-0.1199731903485255,0.0,-0.15578455840914585
31,2003-12-31,0.09532961752834912,0.24503311258278135,0.07952815829528159,-0.032638888888888884,0.1114563106796116,0.07191780821917804,0.10483870967741926,0.10483870967741926,0.06666666666666665,0.06666666666666665,0.1758793969849246,1.057377049180328,2.458333333333333,0.188976377952756,0.2495344506517692,0.0847457627118644,0.03235124205661455,0.007633587786259444,0.09554140127388533,0.11225540679711644,0.17772511848341233,0.014750454637300512,0.03427265803503432,-0.02857142857142847,0.2870493991989318
32,2004-03-31,0.025443060185997624,0.05797872340425525,-0.07472682410997533,0.25125628140703515,0.12473794549266247,0.1522896698615548,0.416058394160584,0.416058394160584,0.4375,0.4375,-0.8205128205128205,-0.4143426294820717,-0.7048192771084337,-1.3708609271523178,-0.08345752608047685,0.17895047169811318,0.12646894236149975,0.13636363636363644,0.1191860465116279,0.07685185185185195,0.10524686581024613,0.096774193548387,0.11708394698085425,0.014705882352941124,-0.15449021932424412
33,2004-06-30,0.2717316906228611,0.3443941679235798,0.4201904761904762,-0.09007458405048764,0.15066790928859894,0.3493530499075785,0.6134020618556701,0.6134020618556701,0.6086956521739129,0.5652173913043477,11.666666666666664,6.442176870748299,18.346938775510203,-7.892857142857142,0.6260162601626016,0.039259814953738426,0.2344759066070541,0.21047619047619048,0.14285714285714302,-0.07222699914015496,-0.1377958269149978,-0.09513435003631077,0.16216216216216228,0.04347826086956519,0.4775216895977565
34,2004-09-30,0.0741388589881593,0.13051608077786092,0.06706008583690992,0.17969735182849944,0.08126349892008644,0.015068493150685038,-0.17571884984025554,-0.17571884984025554,-0.16216216216216214,-0.16666666666666666,0.0770676691729324,-0.5996343692870201,-1.0316455696202531,-0.7279792746113989,0.10499999999999997,-0.0998556304138596,0.05271629778672038,0.05271439811172307,0.07727272727272716,-0.2122335495829472,-0.32483352281955497,0.006621187800963213,0.030629608621667526,0.0277777777777779,-0.04169632265717682
35,2004-12-31,0.023424777652511608,0.08799206086668865,0.041980894922071466,0.39230358097274176,0.004993757802746579,0.07962213225371118,0.15116279069767447,0.15116279069767447,0.16129032258064502,0.16666666666666674,0.1465968586387434,-1.1301369863013702,16.6,0.8190476190476189,0.17285067873303173,-0.026730820636193583,0.08600917431192667,0.07847533632287007,0.012658227848101113,-0.0964705882352942,-0.16574452730334374,-0.01793900737492526,0.03907539900935597,0.027027027027026973,-0.2185430463576159
36,2005-03-31,-0.042962056303549545,-0.16175129218607476,-0.17273823884197825,-0.3151631477927064,0.0906832298136646,0.009374999999999913,0.20538720538720545,0.20538720538720545,0.1944444444444444,0.2,-0.3287671232876712,0.368421052631579,0.865530303030303,-3.4554973821989527,-0.3618827160493827,-0.12304312002197193,0.07039774727208714,0.08246708246708234,0.09791666666666664,-0.13411458333333326,-0.25749711649365625,0.13963872539070432,0.05455508474576276,0.02631578947368429,0.22398225883098388
37,2005-06-30,0.03376390842818777,-0.015233949945593015,0.12744240303295418,-0.015695067264574036,-0.03940774487471521,0.0012383900928791824,-0.4273743016759777,-0.4273743016759777,-0.41860465116279066,-0.4285714285714286,-0.4580498866213152,-6.410256410256411,-1.0588832487309645,-0.7249466950959489,-0.1559854897218863,-0.09489508299404947,-0.1160802367642223,-0.10691421254801536,-0.024667931688804545,-0.17593984962406015,-0.21514563106796114,-0.0708815672306321,-0.11049723756906073,0.012820512820512777,0.00045295716319393437
38,2005-09-30,-0.0008660150934058919,0.01694290976058932,0.07992757371960679,-0.3496583143507973,-0.07493478776381313,-0.06555349412492273,-2.3121951219512202,-2.3121951219512202,-2.3200000000000003,-2.375,-2.2008368200836816,-0.7274881516587678,6.741379310344827,-1.3643410852713178,0.06733524355300857,-0.10034602076124566,-0.4680059523809525,-0.4731182795698925,-0.07392996108949412,-0.07664233576642354,-0.017812963879267674,-0.07418056354226576,-0.4737436476566911,0.0,0.5637410258068689
39,2005-12-31,0.014858841010401138,-0.047084389713871744,-0.06251497005988027,0.29509632224168136,0.09766726480389654,0.019192587690271438,-2.241635687732342,-2.241635687732342,-2.2424242424242418,-2.2727272727272725,-2.777003484320557,-0.2,-2.060133630289532,-2.191489361702128,-0.07516778523489931,-0.033076923076923004,0.04615384615384621,0.0625850340136056,0.09453781512605053,0.04347826086956541,0.8624685138539041,0.08157349896480337,0.07296137339055786,-0.012658227848101222,-0.2642180584853373
40,2006-03-31,0.1113958028306492,0.09198023565184332,0.1338783852835974,0.3759296822177147,0.09084539934610003,0.051948051948051965,-0.0059880239520958565,-0.0059880239520958565,-0.02439024390243893,-0.04761904761904756,0.10588235294117654,8.206521739130435,-2.422268907563025,-8.035714285714285,0.5718432510885341,-0.05767700875099435,-0.05681818181818187,-0.07810499359795142,-0.3877159309021113,-0.1382575757575758,-0.14552339734920205,-0.01837672281776404,-0.04300000000000015,-0.03846153846153855,-0.2063634830513239
41,2006-06-30,2.36052256010539,0.5332405151409676,2.543262730959892,0.06781326781326791,2.1868978805394987,0.30246913580246915,-13.837349397590364,-13.837349397590364,-9.025,-9.025,-0.2287234042553191,8.547815820543093,10.407680945347119,-0.8197969543147208,0.06832871652816253,-0.1566061629379485,-4.949681077250178,-4.834722222222221,2.1692789968652035,0.3758241758241758,-0.13358657803102247,-0.05167706708268338,0.0,-0.36,0.4358974358974361
42,2006-09-30,0.004606187318284327,0.0780930760499432,0.0006995230524642349,0.12747353888633214,0.008733037753593909,-0.039810426540284334,-1.017832003754106,-1.017832003754106,-1.0155763239875388,-1.0155763239875388,0.10574712643678152,-0.9847904043526648,-0.9967629159652984,4.408450704225352,0.33189282627484884,-0.1861861861861861,-0.3497218733177821,-0.3516841724013039,0.007912957467853587,-0.7428115015974441,0.0,0.004112687641373736,0.0,-0.22916666666666666,-0.04380426203630639
43,2006-12-31,0.011186264308012506,0.03200673826068656,0.0039400101677682375,0.07346938775510202,0.018779968034096983,0.019249753208292253,2.6447368421052637,2.6447368421052637,2.8,2.8,-0.2411642411642412,1.0731707317073171,-0.44,-0.6692708333333333,0.08241401687216099,-0.021525215252152563,-0.20833333333333334,-0.2128491620111732,0.013738959764475034,-0.031055900621118068,0.0,0.007577309031333356,0.0,-0.16216216216216214,-0.038640115559224086
44,2007-03-31,-0.0008682788783123119,-0.06468067741277295,-0.017597164197999726,-0.09885931558935357,0.016407373512877577,0.01016949152542379,-0.5667870036101084,-0.5667870036101084,-0.5789473684210527,-0.5789473684210527,-1.1616438356164385,0.17647058823529416,1.2142857142857144,-3.5826771653543306,-0.19664268585131892,0.031426775612822144,-0.1303590101080515,-0.12916962384669972,0.014520813165537216,0.01923076923076916,0.0,0.017276422764227473,0.0,-0.129032258064516,0.037939361416688966
45,2007-06-30,0.006308539058225149,0.07678883071553222,-0.003672680412371121,0.25274261603375536,0.01627114283876785,-0.007190795781399807,-0.04166666666666663,-0.04166666666666663,0.0,0.0,-4.576271186440677,-0.6599999999999999,1.032258064516129,-1.5243902439024388,0.12985074626865667,-0.047531992687385734,-1.1527054108216432,-1.1540342298288508,0.012404580152671764,-0.06289308176100639,0.0,0.009790209790209836,-0.25496342737722044,0.0,-0.14047151277013747
46,2007-09-30,0.0022069406684790405,-0.050445705024311234,0.022893358339261427,0.13708319299427418,-0.018035691684596844,-0.011105746016417228,-3.365217391304348,-3.365217391304348,-3.25,-3.25,1.2464454976303316,-0.6666666666666667,-12.396825396825395,-2.610465116279069,-0.18295904887714665,-0.10812539987204106,-0.5958005249343832,-0.5925925925925926,-0.018850141376060225,-0.12080536912751673,0.2732919254658386,-0.02018203403244956,-0.5932678821879382,0.0,-0.1649323308270677
47,2007-12-31,-0.004372247398991558,0.2632814166844464,0.017892141366883774,-0.03732227488151663,-0.027067087710253238,0.05078125,0.6838235294117647,0.6838235294117647,0.7222222222222223,0.7222222222222223,-0.3502109704641351,0.11764705882352945,-0.9220055710306406,-1.776173285198556,0.17380759902991105,-0.04949784791965561,-3.0779220779220777,-3.064935064935065,-0.02785782901056688,-0.03053435114503822,1.236441893830703,-0.022819063004846485,0.0,0.0,0.3122523950154865
48,2008-03-31,-0.027278263935634817,-0.11484546529302485,-0.07111801242236028,0.04400000000000004,0.019474067695568698,-0.0492565055762082,-1.703056768558952,-1.703056768558952,-1.7096774193548387,-1.6774193548387095,-0.13636363636363635,-17.315789473684212,9.696428571428571,0.33488372093023266,0.1976584022038568,-0.08679245283018866,-0.40625,-0.4088050314465409,0.01679841897233203,-0.055118110236220486,0.0,0.04815044430667492,0.0,0.0,-0.1521023163903832
49,2008-06-30,-0.014664206155671213,-0.013928639572600598,-0.046071547977265086,-0.10551134689065722,0.015853420830355347,-0.010752688172043,-0.6956521739130435,-0.6956521739130435,-0.6818181818181818,-0.6666666666666666,-0.030075187969924814,-1.196774193548387,-0.5642737896494157,-1.4355400696864111,-0.07073030477285791,0.0884297520661157,0.05789473684210523,0.07446808510638281,0.01263362487852282,0.06666666666666665,0.0,0.030954258675079064,0.0,0.0,0.10234997086812993
50,2008-09-30,-0.0025082773151399174,0.023026315789473676,-0.00911257535398846,0.1657331136738056,0.003517748640869733,-0.02272727272727271,-1.6326530612244898,-1.6326530612244898,-1.5714285714285714,-1.5714285714285714,1.4728682170542635,-0.7868852459016393,0.8888888888888888,-1.944,0.07301980198019797,-0.026575550493545874,-0.6766169154228856,-0.6732673267326732,0.002879078694817627,-0.0390625,0.0,0.006119716963090438,0.0,0.0,-0.12244538407329107
51,2008-12-31,-0.09008918393348088,0.031208624929071282,-0.012096774193548376,-0.08620689655172409,-0.1603569152326323,0.01213346814964611,37.61290322580645,37.61290322580645,39.25,39.25,-0.915360501567398,4.6923076923076925,-1.0060851926977687,-1.788135593220339,-0.05363321799307963,-0.3385335413416537,19.923076923076927,20.060606060606066,-0.16076555023923444,-0.3414634146341463,0.0,-0.07736171830450489,0.0,0.0,0.1285551763367463
52,2009-03-31,-0.03810015107410003,-0.16104181951577404,-0.08134622269960612,-0.24806681101144445,0.00774252315166235,0.003996003996004083,-0.9945697577276524,-0.9945697577276524,-0.9937888198757764,-0.9937888198757764,3.833333333333333,2.4932432432432434,-163.66666666666666,7.0,-0.453382084095064,-0.08254716981132082,0.20735294117647046,0.2086330935251799,0.004561003420752607,0.09876543209876544,0.0,0.04779563246806773,0.0,0.03703703703703698,0.11569022770398485
53,2009-06-30,0.003371001723807776,0.04853519895059022,-0.0038974199080208383,0.13122171945701355,0.010394697197951164,0.03184079601990053,-13.153846153846152,-13.153846153846152,-11.0,-11.0,0.6053639846743295,-0.7620889748549323,-1.0020491803278688,-1.3991935483870968,0.3311036789297659,0.18637532133676094,0.013398294762484664,0.007142857142857118,0.010215664018161208,0.1797752808988764,0.0,0.006881635863153601,0.0,0.0714285714285714,-0.07307998937018334
54,2009-09-30,0.001374413011109743,0.034612176814011734,0.011972767822208352,0.15490909090909089,-0.008722230505442075,-0.023625843780134992,-1.5949367088607596,-1.5949367088607596,-1.6,-1.6,0.15513126491646778,-0.24390243902439024,-207.0,-0.3703703703703704,0.1566164154103853,0.15817984832069332,0.05949519230769251,0.0484633569739954,-0.011235955056179692,0.1428571428571428,0.0,-0.009958992384299979,0.0,0.03333333333333344,-0.10418577981651378
55,2009-12-31,-0.0401082770978688,-0.1815800080612656,-0.004330343334364328,-0.04848866498740556,-0.07490411370985939,0.026666666666666616,10.446808510638302,10.446808510638302,10.833333333333336,10.833333333333336,-1.6797520661157024,-0.3548387096774194,-0.38349514563106796,-3.7647058823529416,-0.3743664011585808,-0.1449953227315247,-0.5553034600113443,-0.5546786922209695,-0.07499999999999996,-0.1333333333333333,0.0,-0.03629191321499015,0.0,0.032258064516129004,-0.13985790181143176
56,2010-03-31,-0.09230647019104744,-0.07732085693179025,-0.062441752096924485,-0.03606882859033755,-0.1235671896593773,-0.0572390572390572,0.4767657992565055,0.4767657992565055,0.4788732394366198,0.4788732394366198,-0.13677811550151975,0.2333333333333334,-1.110236220472441,-0.3326885880077369,-0.3993055555555556,-0.10175054704595188,1.664540816326531,1.6227848101265818,-0.12653562653562656,-0.02884615384615385,0.0,-0.034383954154727725,0.0,0.0,-0.04278910552165505
57,2010-06-30,0.00726381656675268,0.06405124099279423,0.004473161033797135,0.27806385169927905,0.010388646693256565,-0.016326530612244868,-1.0616740088105727,-1.0616740088105727,-1.0571428571428572,-1.0571428571428572,-2.007042253521127,-0.1351351351351351,4.214285714285714,-1.8463768115942027,0.5626204238921002,-0.2216808769792936,0.07802776448061287,0.055984555984555984,0.009845288326300938,-0.1089108910891089,0.0,0.0029673590504450953,0.0,0.03125,-0.16745704734509834
58,2010-09-30,-0.023154785177462056,-0.10810132932029093,-0.05591291439881252,-0.20628525382755847,0.013311300835398887,-0.006224066390041472,0.9387755102040816,0.9387755102040816,1.166666666666667,1.0,-1.4405594405594406,0.234375,-0.8082191780821918,-1.654109589041096,-0.2305795314426634,-0.08294209702660392,-0.06216696269982248,-0.07038391224862882,0.0111420612813371,-0.08888888888888903,0.0,0.03740490278951825,0.0,0.03030303030303028,0.12372770566812966
59,2010-12-31,-0.015921017522013692,0.01659167604049494,-0.053808525506638734,-0.11708967851099827,0.023373799601376977,0.044885177453027225,0.2421052631578948,0.2421052631578948,0.23076923076923084,0.4166666666666667,-4.563492063492063,2.3291139240506333,-43.64285714285715,1.1518324607329844,-0.6586538461538461,0.17918088737201354,-0.5416666666666667,-0.5368731563421829,0.02203856749311295,0.15853658536585358,0.0,0.03992666530861677,0.0,0.02941176470588225,0.15140435432939992
60,2011-03-31,-0.0026211135213304315,-0.012724757952973677,-0.012093796159527326,-0.21809122269068604,0.006462464589235051,-0.038461538461538436,-0.8050847457627118,-0.8050847457627118,-0.8125,-0.8235294117647058,-1.2160356347438752,-4.680608365019012,-0.17755443886097155,-1.929440389294404,1.7934272300469485,0.05788712011577424,-1.5278925619834711,-1.5392781316348194,0.0026954177897575704,0.04210526315789487,0.0,0.009010773751224388,1.5275862068965518,0.0,0.2626299076212473
61,2011-06-30,-0.02315360217489804,-0.11768002241524235,-0.0637323614615456,-0.0725490196078431,0.01504090069487196,0.025974025974025983,2.1739130434782608,2.1739130434782608,2.333333333333333,2.333333333333333,-5.020618556701032,-1.084710743801653,0.5274949083503055,-2.154450261780105,-0.7411764705882353,-0.017783857729138153,0.06849315068493156,0.10236220472440948,0.013440860215053752,-0.020202020202020218,-0.7576340774955094,0.03921568627450989,0.07776261937244189,0.0,-0.048642469276936266
62,2011-09-30,-0.0026439074168560506,0.020323912353128026,-0.0037927936919852643,-0.0026427061310781985,-0.001646447140381313,-0.05113924050632912,-0.0273972602739726,-0.0273972602739726,-0.10000000000000007,-0.10000000000000007,-0.061538461538461535,-0.2804878048780488,-0.7613333333333333,-1.2766439909297052,0.7922077922077921,-0.10167130919220048,-0.08608058608058611,-0.06785714285714284,0.03183023872679058,-0.11340206185567014,-0.1868713605082054,0.000934055669717937,-0.07215189873417716,0.02857142857142869,0.023011295361691886
63,2011-12-31,-0.009859547949027991,-0.03361344537815125,-0.004408375914237039,-0.04239533651298355,-0.014582067528860375,-0.0138740661686233,-0.24647887323943665,-0.24647887323943665,-0.2222222222222221,-0.2222222222222221,-0.04644808743169404,-0.016949152542372836,0.6815642458100559,-1.0737704918032789,-0.03260869565217395,-0.1472868217054264,-0.2284569138276553,-0.2183908045977011,0.00514138817480725,-0.17441860465116274,-0.08203125,-0.004665920119447664,-0.21009549795361535,-0.02777777777777779,0.009161919304633727
64,2012-03-31,-0.004931892907468316,-0.00450885668276968,-0.014893831136157831,-0.07636967349197565,0.0037875451422531015,0.009740259740259829,0.056074766355140186,0.056074766355140186,0.1428571428571428,0.1428571428571428,-0.3925501432664757,0.18965517241379315,-0.5714285714285714,-2.888888888888889,0.06367041198501866,0.06000000000000005,0.1532467532467534,0.16666666666666674,0.019181585677749302,0.056338028169014225,0.4255319148936172,0.008625539096193569,0.16062176165803102,0.0,0.07780946284118029
65,2012-06-30,-0.15893320745810713,0.006470397929472682,0.0307487996731024,0.07489514679448761,-0.3218673218673219,-0.020364415862808127,-32.66371681415929,-32.66371681415929,-32.375,-32.375,0.9198113207547168,1.7246376811594204,0.007751937984496138,4.117647058823529,0.30633802816901395,0.013722126929674115,-7.898648648648648,-7.609243697478992,-0.3161856963613551,-0.013333333333333308,-0.13532338308457725,-0.19371630414575214,0.0,0.02857142857142869,-0.06366090712742978
66,2012-09-30,-0.0516331799304075,0.019929283188685254,-0.001982160555004997,0.0117056856187292,-0.11645962732919254,-0.05087527352297594,-0.8144214645053103,-0.8144214645053103,-0.8087649402390438,-0.8087649402390438,-0.3316953316953317,-0.7393617021276595,0.8692307692307693,-1.2183908045977012,-0.05121293800539084,-0.0879864636209815,0.4080966372837087,0.3248569612205976,-0.08807339449541296,0.33783783783783794,0.0,-0.06824994235646753,0.0,0.05555555555555558,0.008131018972377555
67,2012-12-31,0.015149721860575172,-0.04758903246139301,0.021251241310824117,-0.02369146005509637,0.006151142355008688,0.04899135446685876,-1.091867469879518,-1.091867469879518,-1.0833333333333333,-1.0833333333333333,0.3566176470588236,4.571428571428571,-0.004115226337448541,6.63157894736842,-0.41193181818181823,0.011131725417439895,0.14954787850683982,0.06861804222648749,0.01810865191146882,0.11111111111111116,0.0,-0.008908685968819552,0.0,0.05263157894736836,-0.02448232467681044
68,2013-03-31,-0.022793517546927818,0.026472534745201948,-0.002333722287047868,-0.07674943566591419,-0.053420669577874835,-0.03241758241758241,-6.80327868852459,-6.80327868852459,-7.5,-7.5,-0.5582655826558265,-0.9597069597069596,-0.628099173553719,-1.4206896551724135,0.2946859903381642,0.2568807339449539,0.3100040338846308,0.1867983834755276,-0.04743083003952553,0.2272727272727273,0.0,-0.031460674157303366,0.0,0.049999999999999815,0.11182127360150096
69,2013-06-30,0.01389965996539999,0.12765957446808507,0.012962962962963063,0.5140586797066016,0.015377518068583784,0.027257240204429326,-1.3672316384180792,-1.3672316384180792,-1.3846153846153846,-1.3846153846153846,1.4294478527607364,1.5454545454545454,0.1777777777777778,3.295081967213114,0.9776119402985076,0.22189781021897811,-0.8100076982294072,-0.8153613318199016,0.020746887966804902,0.28888888888888875,0.0,0.0015467904098993568,0.0,0.0,-0.2552080586466958
70,2013-09-30,-0.004648152506472103,0.007718696397941648,-0.0037525257384778406,-0.23213564796124345,-0.006057852491291871,-0.040906578220011085,-1.0384615384615383,-1.0384615384615383,-1.0,-1.0,-0.3686868686868687,1.6071428571428572,0.2924528301886793,-0.8435114503816794,0.07735849056603783,0.26284348864994045,-0.7949756888168558,-0.7971311475409836,0.0,0.235632183908046,0.0,-0.0012870012870014325,0.0,0.0,0.31234952556295137
71,2013-12-31,-0.020452798959626373,-0.14581560283687944,-0.031099092138304082,-0.041009463722397436,-0.0036568642389150923,0.05936599423631118,-22.6,-22.6,inf,inf,0.09200000000000008,3.9726027397260273,0.9197080291970804,-9.634146341463415,-0.6199649737302977,0.11447492904446532,-0.26877470355731226,-0.2727272727272728,0.004065040650406582,0.1116279069767443,0.0,0.017010309278350674,0.0,0.0,-0.1092645551178978
72,2014-03-31,-0.014241747631404287,-0.02490866821653936,-0.023026315789473676,-0.057565789473684174,-0.0007646429117602603,-0.032644178454842236,0.2314814814814814,0.2314814814814814,0.4285714285714286,0.4285714285714286,-0.27472527472527475,-0.8209366391184573,-0.3916349809885932,-0.9265536723163842,-0.119815668202765,0.099320882852292,-4.0162162162162165,-4.041666666666666,0.0,0.09623430962343103,0.0,0.013684744044602182,-0.2395833333333333,0.023809523809523725,0.034649866731281787
73,2014-06-30,0.008692990511172338,0.09468664850136244,0.013468013468013408,0.03141361256544495,0.0015304560759106245,0.051181102362204633,-0.9699248120300752,-0.9699248120300752,-1.0,-1.0,0.43939393939393945,0.9076923076923078,-1.0375,-7.384615384615384,0.8691099476439791,0.01776061776061777,-0.3422939068100358,-0.3378995433789954,0.0,0.01908396946564883,1.808400460299195,-0.007000000000000006,-0.35029354207436403,0.023255813953488413,0.06129976580796238
74,2014-09-30,0.014626448989500497,-0.012134411947728685,0.008456659619450413,0.026508742244782942,0.023991442542787175,-0.0048154093097912964,9.75,9.75,inf,inf,0.21403508771929824,2.8145161290322585,2.0,-1.6686746987951806,-0.3109243697478992,-0.047799696509863376,0.19346049046321512,0.2,0.02226720647773273,-0.048689138576779034,0.5123950010243801,0.009063444108761365,0.1807228915662651,0.0,-0.037623434655486336
75,2014-12-31,0.019380308649360026,0.13574803149606307,0.05670360387341523,0.5637362637362637,-0.03641247574988804,0.051075268817204256,-7.953488372093022,-7.953488372093022,-8.333333333333334,-8.333333333333334,0.2716763005780347,-0.8245243128964059,-1.7777777777777777,-4.072072072072072,1.386178861788618,-0.002390438247012017,-1.4132420091324198,-1.4137931034482758,-0.03960396039603964,-0.02362204724409456,-0.15199133026280132,-0.054640718562874224,0.0,0.02272727272727271,-0.27371739753511026
76,2015-03-31,-0.03344677854711886,-0.1156405990016639,-0.05800661313179022,-0.134574841883345,0.0068143100511073315,-0.03273657289002563,-0.9966555183946488,-0.9966555183946488,-1.0,-1.0,-1.4477272727272728,-0.3855421686746988,5.7142857142857135,-2.0117302052785924,-0.5877342419080068,0.2492012779552717,1.132596685082873,1.1111111111111112,0.0,0.2983870967741937,0.0,0.04169965690155708,0.0,0.0,0.02194159431728471
77,2015-06-30,0.039521612433220055,0.18312950768265912,0.057366362451108266,-0.2135606983353634,0.012151976618981708,0.04759386567953472,-103.0,-103.0,inf,inf,-1.3045685279187818,3.8235294117647056,-10.0,-2.9159420289855067,2.731404958677686,0.1406649616368285,-0.3886010362694301,-0.3947368421052632,0.01030927835051565,0.1428571428571428,0.0,-0.02634912591841909,0.0,0.022222222222222143,0.5044022242817423
78,2015-09-30,0.06377387140103963,-0.08242777630532727,0.11970027506402348,0.15539494062984005,-0.025835866261398218,0.028773346794548123,-2.9411764705882355,-2.9411764705882355,-2.875,-2.875,5.8,5.987804878048781,-0.10047281323877066,-1.8366111951588504,-0.6124031007751938,-0.05269058295964135,1.5847457627118646,1.5,-0.02653061224489817,-0.0625,0.0,-0.08430913348946134,0.0,0.0,-0.20586272395913552
79,2015-12-31,-0.004501784243755136,0.0025996533795493715,0.0006776789495976931,0.08579088471849873,-0.01404056162246492,0.05888125613346418,-0.2828282828282829,-0.2828282828282829,-0.2666666666666666,-0.2666666666666666,-0.19362745098039214,-0.9011052937754508,-1.2509855453350855,-0.9439421338155516,-0.08857142857142852,0.04615384615384621,-0.3934426229508197,-0.4043478260869565,-0.016771488469601525,0.07536231884057965,0.0,-0.009661835748792312,0.0,0.0,-0.07660482254832246
80,2016-03-31,-0.02288645011856838,-0.08844713339095367,-0.04672818081774322,0.0732510288065844,0.021677215189873426,-0.08989805375347547,-2.422535211267606,-2.422535211267606,-2.3636363636363638,-2.3636363636363638,-0.6474164133738602,-0.7176470588235294,-0.7329842931937173,-1.6129032258064515,0.05956112852664575,-0.013009049773755721,-0.8486486486486486,-0.8540145985401459,0.014925373134328181,0.0026954177897575704,0.0,0.04562410329985656,0.0,0.0,-0.15065807896947625
81,2016-06-30,0.006772773450728131,0.05246523388116309,0.031702335494183435,0.2200920245398772,-0.0367043518661917,0.16496945010183306,-2.0247524752475248,-2.0247524752475248,-2.0,-2.0,2.6293103448275863,1.125,3.2549019607843137,4.2631578947368425,0.29585798816568043,0.21260744985673366,8.696428571428571,8.6,-0.03991596638655448,0.19623655913978502,0.0,-0.043084522502744194,0.0,0.021739130434782483,-0.1374052093636664
82,2016-09-30,-0.007904473595694572,-0.04474474474474477,-0.0346875537958341,-0.052168447517284784,0.04212218649517685,-0.016171328671328644,-2.101449275362319,-2.101449275362319,-2.1333333333333337,-2.1333333333333337,-1.0736342042755345,1.0098039215686274,-1.1566820276497696,-3.01,-0.458904109589041,0.12476370510396985,-1.2338858195211786,-1.234375,0.04157549234135649,0.17078651685393242,0.0,0.050473186119873725,-0.7602040816326531,0.042553191489361764,0.007835642618251315
83,2016-12-31,0.022546194270215203,0.01823325998113812,0.013196611680784677,0.18932360742705567,0.038722616476396084,0.14304753442914264,-0.456140350877193,-0.456140350877193,-0.4705882352941178,-0.5294117647058824,-16.032258064516128,1.5951219512195125,-0.17647058823529416,-0.7960199004975125,-0.1729957805907173,-0.07857142857142863,3.2204724409448824,3.333333333333334,0.037815126050420256,-0.11516314779270632,4.838658146964856,0.01583401583401578,3.0638297872340425,0.04081632653061229,-0.14383236939414046
84,2017-03-31,-0.008454907161803749,-0.06576103735720906,-0.04162633107454017,-0.02704209645943689,0.04752710530224258,-0.14457831325301207,1.338709677419355,1.338709677419355,1.3333333333333337,1.625,-0.7553648068669527,-0.736842105263158,-1.5357142857142856,-0.024390243902439046,-0.20408163265306126,0.07797537619699035,0.2257462686567162,0.24615384615384614,0.042510121457489884,0.0390455531453362,-0.7412859097127222,0.056436441816716025,0.2225130890052356,0.019607843137254832,-0.039867109634551534
85,2017-06-30,0.0244663657136488,0.06477197620621289,0.023599632690541883,0.2320916905444126,0.025804622146604173,0.036347114947751,-0.496551724137931,-0.496551724137931,-0.4761904761904762,-0.4761904761904762,0.6228070175438596,2.4214285714285717,-23.13333333333333,-1.975,0.25,0.1142131979695431,0.7442922374429224,0.7983539094650207,0.023300970873786356,0.06680584551148239,-0.10141708967851104,0.0012719409819383909,0.8137044967880085,0.0,-0.13575547866205304
86,2017-09-30,0.013817865303013876,0.07945375543140898,-0.008881313357854137,0.12279069767441865,0.048790601243952965,-0.028496273564226238,0.9383561643835616,0.9383561643835616,0.9090909090909091,0.8181818181818183,0.3783783783783783,-0.7870563674321504,-1.4186746987951806,-0.6153846153846154,0.07692307692307687,0.052391799544419186,0.028795811518324662,0.05720823798626995,0.04933586337760931,0.02935420743639905,-0.4276803577733317,0.03455284552845539,0.07319952774498217,-0.019230769230769273,-0.03856933137595076
87,2017-12-31,0.021785790942262292,0.09890741805635428,0.08888486603910217,0.1710853355426678,-0.07590933052187665,0.06046931407942235,-3.173144876325088,-3.173144876325088,-3.1428571428571432,-3.25,2.4196078431372547,1.8333333333333333,-0.5107913669064748,33.4,3.8428571428571434,-0.015151515151515138,-0.8778625954198473,-0.8787878787878788,-0.07775768535262217,-0.06083650190114054,-0.06436356158749745,-0.09577603143418467,-0.8734873487348735,-0.03921568627450989,-0.06163242642976141
88,2018-03-31,0.008402478731225793,0.0675039246467819,0.011886949293433036,-0.1177927131234524,0.002424415288077686,0.012340425531914834,-1.4845528455284551,-1.4845528455284551,-1.4888888888888892,-1.4666666666666666,-0.7786697247706422,-0.4013840830449827,-2.9117647058823533,-0.7073643410852712,0.1484759095378565,-0.0157509157509157,0.07638888888888884,0.0714285714285714,-0.0019607843137254832,0.06680161943319818,7.436483516483516,-0.0057034220532320426,0.05217391304347818,0.0,0.2100591715976332
89,2018-06-30,0.021508176231642476,-0.037009803921568614,-0.02480900353240778,-0.04711307137129106,0.10172143974960868,0.046658259773013855,0.8624161073825503,0.8624161073825503,0.8181818181818183,0.9047619047619048,-3.088082901554404,1.838150289017341,4.584615384615383,-2.1523178807947017,-0.14897260273972598,0.18533680684778564,3.5741935483870964,3.533333333333333,0.10019646365422387,0.18785578747628096,0.1853279841608919,0.07839388145315485,3.5619834710743796,0.0,0.010513447432762836
90,2018-09-30,0.03894978332908483,0.010689742937134206,0.018448319433914676,0.06921944035346095,0.07037706611570238,-0.038955823293172716,-0.2216216216216216,-0.2216216216216216,-0.2250000000000001,-0.2250000000000001,-2.243176178660049,0.3482688391038697,-0.7920110192837466,-0.9195402298850576,-0.014084507042253502,0.1208791208791209,0.2566995768688292,0.26102941176470584,0.06964285714285734,0.01916932907348245,-0.7820439560439559,0.030141843971631218,0.2626811594202898,0.0,-0.0546818291797726
91,2018-12-31,0.030423475145983536,0.008058423570888928,0.015136476426798941,0.03502558048012583,0.05272047291591275,0.07020476389469278,-0.10648148148148152,-0.10648148148148152,-0.096774193548387,-0.129032258064516,-0.9640718562874252,-0.1012084592145015,1.8145695364238408,9.785714285714286,-0.15408163265306118,-0.0056022408963586345,1.3602693602693603,1.4285714285714288,0.05175292153589317,-0.07053291536050155,-0.2383785418977513,0.021637570690926863,1.4404591104734576,0.0,-0.026106987458408115
92,2019-03-31,0.13348254678794236,0.5573320009992506,0.18707732420761025,-0.14847908745247151,0.05810222324088921,-0.02655212807497076,0.0984455958549222,0.0984455958549222,0.10714285714285697,0.11111111111111094,18.444444444444443,-0.3109243697478992,4.004705882352941,-14.688741721854305,2.4933655006031357,0.03830985915492957,0.005706134094151327,0.018007202881152432,0.053968253968254,-0.013490725126475532,-0.589964252614855,-0.06642599277978334,0.06290417401528514,-0.04081632653061229,0.8289093298291723
93,2019-06-30,0.021300731031005826,0.01604106512672443,0.02162125060059039,0.08283098906005804,0.02079497454781753,0.0553549939831528,-0.6367924528301887,-0.6367924528301887,-0.6451612903225806,-0.6333333333333333,-0.1685714285714286,0.5121951219512195,-0.8796426892336624,-1.035316884373488,-0.025207182320441945,0.04937601736299513,-0.260047281323877,-0.2641509433962265,0.01957831325301207,-0.003418803418803296,-0.024216984178237037,-0.0005155968032999336,-0.23396017699115035,-0.04255319148936165,-0.06164678833165671
