,Quarter end,Assets,Current Assets,Liabilities,Current Liabilities,Shareholders equity,Revenue,Earnings,Earnings available for common stockholders,EPS basic,EPS diluted,Cash from operating activities,Cash from investing activities,Cash from financing activities,Cash change during period,Cash at end of period,Price,ROE,ROA,Book value of equity per share,P/B ratio,P/E ratio,Cumulative dividends per share,Equity to assets ratio,Net margin,Asset turnover,Current ratio
0,1995-12-31,0.019622528460155886,0.16722891566265052,0.029787812840043507,0.1093069306930694,0.0071666666666667656,0.09429635998853536,0.7723577235772359,0.7723577235772359,0.7884615384615385,0.7884615384615385,3.7134502923976607,26.472727272727276,-131.76470588235293,-0.9069767441860466,0.3553719008264462,0.2345360824742269,0.27976190476190466,0.040000000000000036,0.006269592476489061,0.221311475409836,-0.09234828496042202,inf,-0.012238540275923415,0.22509225092250928,0.010204081632652963,0.052202482355804485
1,1996-03-31,0.019622528460155886,0.16722891566265052,0.029787812840043507,0.1093069306930694,0.0071666666666667656,0.09429635998853536,0.7723577235772359,0.7723577235772359,0.7884615384615385,0.7884615384615385,3.7134502923976607,26.472727272727276,-131.76470588235293,-0.9069767441860466,0.3553719008264462,0.2345360824742269,0.27976190476190466,0.040000000000000036,0.006269592476489061,0.221311475409836,-0.09234828496042202,inf,-0.012238540275923415,0.22509225092250928,0.010204081632652963,0.052202482355804485
2,1996-06-30,0.21191420596444832,0.10569777043765494,0.3604543653414345,0.1799357372367012,0.0258149925533675,0.09429635998853536,0.7723577235772359,0.7723577235772359,0.7884615384615385,0.7884615384615385,3.7134502923976607,26.472727272727276,-131.76470588235293,-0.9069767441860466,0.024390243902439046,0.2345360824742269,0.27976190476190466,0.040000000000000036,0.024922118380062308,0.221311475409836,-0.09234828496042202,1.0,-0.15363820680333418,0.22509225092250928,0.010204081632652963,-0.06291199259858915
3,1996-09-30,0.009818776895569536,0.013816280806572044,-0.0001941747572815622,-0.12163388804841145,0.026455879980642028,0.015453116815086432,-0.13761467889908252,-0.13761467889908252,-0.13978494623655913,-0.13978494623655913,-1.2990074441687345,-0.9252150893448048,-0.7669815564552407,12.25,0.3154761904761905,-0.029227557411273475,0.27976190476190466,0.040000000000000036,0.024316109422492405,-0.05369127516778527,-0.09234828496042202,0.5,0.01650252861325541,0.22509225092250928,0.010204081632652963,0.15414044181167474
4,1996-12-31,-0.025508672948802547,-0.06777163904235728,-0.03398718197708295,0.16396830864622802,-0.011786892975011787,0.08769667268506587,-1.5904255319148937,-1.5904255319148937,-1.5875,-1.5875,-5.327800829875518,-0.2920353982300885,-2.9092664092664093,-3.0,-0.4796380090497737,-0.004301075268817289,0.27976190476190466,0.040000000000000036,-0.01186943620178038,-0.028368794326240957,-0.09234828496042202,0.16666666666666674,0.014139827179889819,0.22509225092250928,0.010204081632652963,-0.1991017964071855
5,1997-03-31,0.015459472776546026,0.12801264322402206,0.013570566948130304,0.08878366380585967,0.01844783715012732,0.05169551814085849,-3.234234234234234,-3.234234234234234,-3.2340425531914896,-3.2340425531914896,-0.6116970278044104,0.4375,-0.8442871587462083,-1.160377358490566,0.14782608695652175,0.09287257019438444,0.27976190476190466,0.040000000000000036,0.01501501501501501,0.10948905109489047,-0.09234828496042202,0.2857142857142856,0.0028401755744902326,0.22509225092250928,0.010204081632652963,0.03604806408544703
6,1997-06-30,0.026809001031115498,0.06339754816112086,0.0064464940989785715,0.03669475400924172,0.0588694565896315,0.01397970687711392,0.19354838709677424,0.19354838709677424,0.19047619047619047,0.19047619047619047,0.07407407407407418,0.2608695652173913,-1.051948051948052,8.529411764705884,1.227272727272727,0.17786561264822146,0.1174418604651164,0.040000000000000036,0.05621301775147925,0.1578947368421053,-0.09234828496042202,0.22222222222222232,0.031410916580844495,0.09939759036144567,0.040404040404040435,0.02577319587628879
7,1997-09-30,0.0020674582078090697,0.0019762845849802253,-0.005912495072920797,0.018091242789722184,0.014009733077717136,-0.09539693128752502,-0.2702702702702703,-0.2702702702702703,-0.272,-0.272,-0.3057471264367816,-0.05172413793103448,-15.625,-1.6172839506172842,-0.34013605442176875,0.13422818791946312,0.024973985431841816,0.040000000000000036,0.014005602240896529,0.07386363636363624,-0.0038759689922481795,0.18181818181818188,0.011732401397902992,0.03287671232876721,0.0,-0.015829145728643138
8,1997-12-31,0.02352039613298751,0.008875739644970349,0.03350515463917536,0.017769765645119673,0.008871436881908057,0.14798426745329407,0.2592592592592593,0.2592592592592593,0.2527472527472525,0.20879120879120894,0.7615894039735098,2.2581818181818183,-3.632478632478633,-0.4,-0.30927835051546393,0.0,0.5522842639593908,0.5615384615384615,0.013812154696132506,0.0,0.0,0.15384615384615374,-0.014310387367382103,0.5490716180371353,0.009708737864077666,-0.008680112330865521
9,1998-03-31,0.012209871565973527,0.05180840664711628,-0.0019182812200269075,-0.09615384615384616,0.033443851809139336,-0.0049250535331906145,-0.04411764705882349,-0.04411764705882349,-0.0350877192982455,-0.00909090909090915,-0.8082706766917294,-0.6316964285714286,-0.4512987012987013,-0.01666666666666672,-0.4402985074626866,0.05473372781065099,-0.016350555918901218,-0.003284072249589598,0.032697547683923744,0.02645502645502651,-0.3565175097276264,0.13333333333333353,0.02102628285356678,0.0,0.0,0.16366211691990729
10,1998-06-30,0.002674253200569021,0.011152416356877248,0.0057659042859887774,-0.04983202687569988,-0.001813363091086595,-0.028835808048203182,-0.24615384615384614,-0.24615384615384614,-0.23636363636363644,-0.23853211009174324,0.6666666666666667,-0.5666666666666667,-0.7869822485207101,-2.084745762711864,0.8533333333333333,-0.019635343618513268,-0.10771276595744672,-0.10543657331136737,0.01055408970976246,-0.05154639175257725,-0.027966742252456656,0.11764705882352945,-0.004412846285854255,-0.09760273972602752,-0.00961538461538458,0.06418059090406114
11,1998-09-30,-0.001532175689479054,0.12898284313725486,-0.015669787884578627,0.0200353565114908,0.01914477361654554,-0.04365167294482608,-0.11734693877551015,-0.11734693877551015,-0.11904761904761907,-0.12048192771084333,-0.5941176470588235,-2.391608391608392,-9.138888888888891,-1.34375,-0.15827338129496404,-0.20743919885550788,-0.05961251862891215,-0.05340699815837935,0.018276762402088757,-0.2119565217391305,-0.12286158631415245,0.10526315789473673,0.020684560453090303,-0.05692599620493355,0.0,0.1067900592700426
12,1998-12-31,0.049218527990906535,0.0206241519674355,0.03746845272762567,0.31166955517042183,0.06581653640477181,0.13345690454124193,0.8381502890173411,0.8381502890173411,0.8243243243243246,0.8493150684931507,13.27536231884058,-6.035175879396986,-2.0921501706484644,-15.681818181818182,2.7606837606837606,0.005415162454873722,0.021394611727416638,0.035019455252918164,-0.03589743589743588,-0.013793103448275891,0.05319148936170226,0.04761904761904767,0.015681544028950608,0.03822937625754519,0.0,-0.2219090567455844
13,1999-03-31,0.4926602025892422,0.8468492422228131,0.6858158682634731,0.25831314688394635,0.2270680560915992,0.12694194603434172,0.009433962264151052,0.009433962264151052,-0.014814814814814838,-0.022222222222222254,0.012182741116751215,4.660678642714571,13.803125,-0.8978328173374613,0.07499999999999996,0.10412926391382404,-0.014740108611326462,-0.06766917293233078,0.18882978723404253,0.14685314685314688,0.03535353535353525,0.09090909090909084,-0.17790973871733973,0.015503875968992276,-0.07766990291262144,0.4677614102873702
14,1999-06-30,-0.007802293511394942,-0.01871580765908432,-0.02819402819402816,-0.025551277563878202,0.03071922834975882,0.16234355160529668,0.13084112149532712,0.13084112149532712,0.022556390977443552,0.02272727272727271,-0.16449348044132395,-0.9751410437235544,-1.1674055309267468,-4.0606060606060606,-0.21353065539112048,0.08130081300813008,0.0748031496062993,0.04233870967741949,0.029082774049217,-0.09146341463414633,0.02276422764227637,0.08333333333333348,0.039006067610517066,0.061068702290076216,-0.021052631578947326,0.006992431720960868
15,1999-09-30,0.004352437730880343,-0.019366197183098618,-0.01467732724157622,0.012033045977011492,0.03824636354389188,-0.07974406991260917,-0.2451790633608816,-0.2451790633608816,-0.24264705882352944,-0.2444444444444445,-0.4069627851140456,1.078014184397163,-0.5939470365699874,0.18811881188118806,-0.3225806451612904,-0.07067669172932345,0.0014652014652012382,-0.021276595744680882,0.0260869565217392,-0.10067114093959728,-0.17249602543720188,0.0769230769230771,0.03364849833147932,0.010791366906474977,-0.03225806451612912,-0.030961522751409287
16,1999-12-31,0.08182811361981067,-0.16472172351885095,0.1089085956065612,0.17089618456078082,0.03605368864504754,0.14770222146854328,0.33211678832116803,0.33211678832116803,0.349514563106796,0.3627450980392155,1.2692307692307692,5.829351535836178,-3.624223602484472,-0.7083333333333333,-0.13888888888888884,0.0,-0.03584491587417693,-0.06719367588932812,0.04872881355932224,0.0,0.0,0.0714285714285714,-0.04223836427226246,-0.042704626334519546,-0.022222222222222254,-0.2866295734277525
17,2000-03-31,-0.022452620594472728,-0.09313988894859393,-0.04615304202383441,-0.00848742043043349,0.0204255319148936,0.07890070921985815,0.12328767123287675,0.12328767123287675,0.1079136690647482,0.1007194244604317,-0.792149866190901,-1.2678660669665167,-2.0082840236686392,1.3714285714285714,-0.3824884792626728,-0.2977346278317152,0.03490136570561453,0.05296610169491522,0.028282828282828243,-0.34328358208955223,-0.3439000960614793,0.06666666666666665,0.04382022471910108,-0.005576208178438735,0.05681818181818187,-0.08544079413850147
18,2000-06-30,-0.00420110192837464,-0.028441635394035106,-0.015726889144610626,-0.12855395903393466,0.015290519877675825,-0.040125992878663364,-0.02195121951219514,-0.02195121951219514,-0.012987012987012991,-0.013071895424836666,2.918454935622317,-1.9533582089552242,-0.7546948356807512,-1.9518072289156625,0.5895522388059702,0.1428571428571428,0.0,0.014084507042253502,0.02750491159135571,0.10227272727272728,0.0980966325036603,0.0625,0.01964477933261577,0.005607476635514086,0.010752688172043,0.11487272257397585
19,2000-09-30,-0.01652949719897645,-0.02276885545842655,-0.019095869056897863,-0.06911068233643225,-0.01232201533406352,-0.117563133114567,-0.8678304239401496,-0.8678304239401496,-0.8684210526315791,-0.8675496688741722,-0.5268346111719606,-0.410958904109589,-0.6124401913875598,-0.1392405063291139,0.31924882629107976,-0.13508064516129026,-0.16495601173020524,-0.1607142857142858,-0.013384321223709472,-0.15463917525773194,-0.16000000000000006,0.0588235294117645,0.004222750065980385,-0.1617100371747212,0.0,0.0498377375985164
20,2000-12-31,-0.027461322081575257,-0.1458289993759101,-0.04716499233781712,-0.0015074429998115366,0.004620645042047844,-0.035893290218270035,0.4339622641509433,0.4339622641509433,0.4000000000000001,0.4000000000000001,2.3449074074074074,0.1428571428571428,11.666666666666664,-1.9852941176470589,-0.23843416370106765,0.06293706293706293,-0.2396839332748025,-0.21985815602836867,0.0019379844961240345,0.07317073170731714,0.2507936507936508,0.0277777777777779,0.03285151116951357,-0.21286031042128614,-0.010638297872340273,-0.1445131375579598
21,2001-03-31,0.0008315557323113065,0.058207501217730113,-0.009054086252084814,-0.026797508963955496,0.016097875080489432,0.01760858628207274,1.776315789473684,1.776315789473684,1.8571428571428568,1.8571428571428568,-0.9868512110726644,-0.6162790697674418,-1.0516569200779726,-0.11940298507462688,-0.2757009345794392,0.16008771929824572,-0.2170900692840646,-0.203030303030303,0.01547388781431347,0.15909090909090914,0.5253807106598984,0.05405405405405417,0.01526717557251911,-0.17183098591549295,-0.03225806451612912,0.08723706284681887
22,2001-06-30,-0.017086915685282866,-0.05224395857307251,-0.03835056503967305,-0.0457630405274384,0.006789788158609422,-0.007910349373764003,0.1706161137440758,0.1706161137440758,0.17499999999999982,0.1625000000000001,49.89473684210525,0.7878787878787878,-12.830188679245285,-2.3728813559322037,0.5225806451612902,0.054820415879017086,-0.21091445427728614,-0.19391634980988592,0.005714285714285783,0.03921568627450989,0.3311148086522464,0.0512820512820511,0.02431077694235606,-0.1768707482993197,-0.033333333333333326,-0.006765578635014924
23,2001-09-30,0.01815575728619212,0.058766391452161226,0.014814351793974282,0.06766917293233088,0.02221023289272539,-0.0699335548172757,-0.25506072874493924,-0.25506072874493924,-0.25531914893617025,-0.24731182795698936,-0.3702171664943124,0.7415254237288136,-0.9074960127591708,0.8518518518518519,0.6355932203389831,0.017921146953404854,0.2093457943925232,0.2264150943396226,0.02083333333333326,0.018867924528301886,0.2849999999999999,0.048780487804878085,0.004159530217763496,0.25619834710743805,-0.011494252873563204,-0.008365200764818392
24,2001-12-31,0.00021658304154792418,0.01215596330275237,0.01958731136433633,-0.13399314807765514,-0.028676988036593912,0.04107876406501165,-0.8804347826086957,-0.8804347826086957,-0.8857142857142857,-0.8857142857142857,-0.40394088669950734,0.1046228710462287,-1.4655172413793105,-1.38,-0.1476683937823834,0.014084507042253502,-0.07882534775888705,-0.07307692307692304,-0.03153988868274582,-0.0092592592592593,-0.1731517509727626,0.046511627906976834,-0.028996101364522357,-0.07236842105263164,-0.011627906976744208,0.16883586406362985
25,2002-03-31,-0.0960698689956332,0.07840471334692944,-0.0058599649610342475,0.10219780219780228,-0.2296685383082775,0.08749356664951112,-108.95454545454544,-108.95454545454544,-113.125,-112.25,-0.32506887052341593,-1.0308370044052864,-15.074074074074074,0.9649122807017544,-0.3404255319148937,0.2586805555555556,-4.068791946308725,-3.9626556016597516,-0.2318007662835249,0.2990654205607475,0.3594117647058823,0.04444444444444429,-0.14780426599749066,0.0,0.03529411764705892,-0.021548613259098848
26,2002-06-30,0.044356609574000894,0.14330741752469,0.014098201263976762,0.0,0.10063484599106508,0.12383656728190573,-1.192421052631579,-1.192421052631579,-1.1917502787068004,-1.1910112359550562,2.951020408163265,-32.07142857142857,0.17894736842105252,-1.7589285714285714,0.3917050691244239,0.07172413793103449,-0.07053034445051942,-0.10084033613445398,0.09476309226932657,0.3956834532374101,0.0,0.042553191489361764,0.053886925795052935,0.0,0.05681818181818187,0.14320337197049526
27,2002-09-30,0.0216759691107884,0.07958095938246658,0.003775167785234901,0.019341974077766718,0.05201879940183729,-0.039865244244806315,-0.30196936542669583,-0.30196936542669583,-0.3081395348837209,-0.3058823529411765,-0.5268595041322315,-0.4367816091954023,-0.859375,0.8941176470588235,0.5331125827814569,-0.10939510939510932,-0.04294117647058826,-0.07009345794392507,0.04328018223234631,-0.18556701030927825,0.0,0.04081632653061229,0.029617211511595357,0.0,0.06451612903225801,0.0591759609180571
28,2002-12-31,0.003891487371375124,-0.035580524344569264,0.007104053489343842,-0.11737089201877934,-0.003553660270078196,0.02456140350877201,0.27899686520376177,0.27899686520376177,0.2941176470588236,0.2881355932203391,1.0589519650655022,1.5877551020408165,5.507936507936507,-1.6024844720496896,-0.20950323974082075,-0.16907514450867056,-0.22003687768899816,-0.23785594639866006,0.0021834061135370675,-0.20253164556962036,0.0,0.019607843137254832,-0.007327001356852045,0.0,0.050505050505050615,0.09259420415977716
29,2003-03-31,0.024376607402437637,0.1097969991173875,0.01523414344991103,0.04476950354609932,0.044833910739759515,0.10687785388127846,0.08333333333333326,0.08333333333333326,0.07792207792207795,0.08552631578947367,-0.6903499469777307,-0.4589905362776026,-0.8902439024390244,0.10309278350515473,-0.2923497267759563,0.07304347826086954,-2.3049645390070923,-2.3340659340659338,0.045751633986928164,0.06349206349206349,0.0,0.05769230769230771,0.019956260251503544,1.0070921985815602,0.02884615384615397,0.06228594185583436
30,2003-06-30,0.039297019975985226,0.1083187529823446,0.007006480994920405,0.02015273652948668,0.09098888238736104,-0.007992780714193626,0.013574660633484116,0.013574660633484116,0.0,0.0,3.318493150684932,0.8279883381924198,2.8,-5.439252336448599,1.833976833976834,0.15072933549432732,-0.049516908212560266,-0.02800658978583193,0.07916666666666661,0.10447761194029836,-0.5936823885763738,0.03636363636363616,0.049852586437952214,-0.02473498233215543,0.0,0.08637624653220355
31,2003-09-30,0.029128592934915883,0.08094144661308844,0.011828144025047838,0.012476606363069244,0.05425940824170916,-0.05756985055230668,-0.1986607142857143,-0.1986607142857143,-0.2048192771084336,-0.21212121212121204,-0.4837430610626486,-0.10845295055821368,-2.327485380116959,-0.2968421052631579,0.4550408719346049,0.20422535211267626,-0.0216010165184245,0.0,0.03861003861003876,0.11486486486486493,0.21405750798722045,0.035087719298245716,0.02425325504212417,0.010869565217391351,-0.009345794392523366,0.06763751811719221
32,2003-12-31,0.033815274706582736,0.09479553903345717,0.009283135636926287,-0.034093242965701376,0.06867898931660177,0.10148924434638727,0.39275766016713104,0.39275766016713104,0.3787878787878787,0.3846153846153846,0.3287250384024578,0.3470483005366727,-1.220264317180617,-0.811377245508982,0.0589887640449438,0.1239766081871343,-0.009090909090909037,0.023728813559322104,0.052044609665427455,0.08484848484848495,0.10175438596491236,0.033898305084745894,0.033898305084745665,0.021505376344086,0.0,0.13342814661581226
33,2004-03-31,0.043074796801474184,0.12612175600291042,0.030659172202350593,0.2653625345524133,0.06267851475721997,0.13057085628442655,0.02200000000000002,0.02200000000000002,0.01098901098901095,0.011111111111111072,-0.22890173410404624,-0.17662682602921642,6.9,-6.4603174603174605,-0.30415561450044204,0.15920915712799188,-0.02686762778505913,0.0033112582781456013,0.06183745583038869,0.1005586592178771,0.109076433121019,0.06557377049180335,0.018804243008678775,-0.0017543859649122864,0.009433962264151052,-0.11002110306279587
34,2004-06-30,0.007886932929522361,0.03693732500538438,-0.001156833581226202,-0.0324315241135944,0.03150664476631326,-0.010962241169305777,0.07045009784735813,0.07045009784735813,-0.4673913043478262,-0.467032967032967,1.3208395802098951,-0.051612903225806465,-0.24050632911392397,-2.8982558139534884,0.8297331639135959,-0.06373429084380622,0.0006734006734008258,0.02475247524752477,0.029950083194675736,-0.116751269035533,-0.08829863603732957,0.04615384615384621,0.02342640795078088,0.01405975395430592,0.009345794392523477,0.07171238144065617
35,2004-09-30,0.0287654939276325,0.058676913490497425,0.002923009044782709,-0.022403612365404668,0.0486392588303417,-0.059785042543663236,-0.18098720292504566,-0.18098720292504566,-0.18367346938775508,-0.18556701030927825,-0.3591731266149871,-0.1071428571428571,-0.9133333333333332,-0.3108728943338438,0.3125,0.07190795781399806,-0.005383580080753903,0.017713365539452575,0.04200323101777048,0.04022988505747138,0.026771653543307128,0.044117647058823366,0.019190751445086862,0.0121317157712304,0.0,0.0829396639358968
36,2004-12-31,0.073751787507226,0.05385520894643903,0.08479516084685179,0.17925031089003385,0.058945334069574924,0.058823529411764726,0.5111607142857142,0.5111607142857142,0.5125,0.5063291139240504,0.06754032258064524,0.5980952380952379,-2.0384615384615383,-0.0955555555555555,0.2153439153439154,0.053667262969588465,0.0358592692828148,0.04746835443037956,0.05271317829457356,0.011049723756906049,0.012269938650306678,0.042253521126760514,-0.013838475499092671,0.059931506849314926,-0.0092592592592593,-0.10635008282716728
37,2005-03-31,0.19191861947805397,0.14260448664246494,0.2704415268413849,0.4593250979210606,0.028027636553252574,0.2185110211426,0.1462333825701625,0.1462333825701625,0.14049586776859502,0.14285714285714302,-0.5996222851746931,4.185935637663886,122.96296296296295,-2.633906633906634,-0.2895080539834567,0.08913412563667245,0.07642064010450668,0.04078549848942603,0.02798232695139924,0.03278688524590145,0.00757575757575779,0.05405405405405417,-0.13733609385783296,0.06785137318255274,-0.028037383177570097,-0.2170044488383588
38,2005-06-30,-0.016522441993153336,-0.0046435845213849145,-0.0256164711515442,0.00877464643336423,-0.008115647983768737,0.02574988463313344,-0.5373711340206185,-0.5373711340206185,-0.5362318840579711,-0.5367647058823529,2.318396226415094,-0.8678464720753849,-1.271287720346579,-0.750375939849624,-0.10171568627450978,-0.016367887763055422,-0.1043689320388349,-0.13497822931785194,-0.008595988538682042,-0.04232804232804222,-0.11954887218045107,0.03846153846153855,0.008533333333333282,-0.12859304084720136,0.0,-0.013336489898990056
39,2005-09-30,0.0055355459401966725,0.013504665247994652,-0.0151924651924652,-0.024150634465820664,0.039056507287138935,-0.05443584667986323,0.7103064066852367,0.7103064066852367,0.6875,0.6984126984126986,-0.5060412224591329,0.11826086956521742,-0.8546255506607929,-0.572289156626506,-0.04843110504774895,0.13391442155309052,0.043360433604336064,0.015100671140939603,0.030346820809248557,0.14364640883977886,0.2314261315115285,0.04938271604938271,0.03331570597567435,0.019097222222222317,-0.00961538461538458,0.03863072862512995
40,2005-12-31,-0.016923890571662104,-0.05620608899297419,-0.0398353361886149,0.1766988255033557,0.011504152568440508,-0.002759539442382719,0.05374592833876224,0.05374592833876224,0.046296296296296065,0.03738317757009346,1.0705035971223025,1.2270606531881805,7.212121212121213,6.014084507042254,-0.3569892473118279,0.006289308176100628,-0.029220779220779262,-0.0446280991735537,0.008415147265077305,-0.024154589371980558,-0.060332871012482636,0.03529411764705892,0.028915046059365457,-0.04940374787052815,0.009708737864077666,-0.1979824426305251
41,2006-03-31,0.028561647185406214,0.07196029776674928,0.01307868866658013,-0.040103377595579685,0.054616226736406766,0.10229007633587783,-0.05255023183925811,-0.05255023183925811,-0.053097345132743216,-0.04504504504504503,-0.6657400972897846,-0.348463687150838,-1.1725092250922509,-0.3393574297188755,-0.36677814938684505,-0.001388888888888884,-0.09030100334448156,-0.0692041522491349,0.052851182197496405,-0.00990099009900991,0.0177121771217712,0.04545454545454541,0.025118129818453072,-0.08243727598566307,0.00961538461538458,0.1167546807489197
42,2006-06-30,0.021658504112975985,0.030571519795657757,-0.01098619245073318,0.005106303964348635,0.06355247981545564,0.01168628808864258,0.14518760195758573,0.14518760195758573,0.14018691588785034,0.141509433962264,2.8482328482328483,-0.28188638799571275,-6.449197860962568,-1.3161094224924013,0.18309859154929573,0.09527121001390816,0.10661764705882336,0.1431226765799256,0.06208718626155864,0.040000000000000036,0.18056562726613512,0.04347826086956519,0.04124211547792345,0.13671875,0.00952380952380949,0.025363253374602438
43,2006-09-30,0.01856979964163541,0.04159244055456579,0.018239972337482646,-0.006188804729355235,0.017948161804576482,-0.09318045691794297,-0.4415954415954416,-0.4415954415954416,-0.4426229508196721,-0.4380165289256198,-0.7974068071312804,0.7567164179104477,-1.6535819430814525,-1.0192307692307692,-0.0029761904761904656,-0.08063492063492061,-0.11893687707641197,-0.09756097560975607,0.013681592039801238,-0.13461538461538458,-0.20024570024570032,0.04166666666666674,-0.0006989748369059522,-0.08762886597938148,-0.018867924528301886,0.04804628542679845
44,2006-12-31,0.04726873957643196,0.0689321832242713,0.08094914678665432,-0.038200576261734336,-0.0010120918340169591,0.1338931873938478,0.04336734693877542,0.04336734693877542,0.0588235294117645,0.02941176470588225,3.570666666666667,-0.463891248937978,-1.6501501501501497,-282.5,0.8402985074626865,0.013812154696132506,-0.12895927601809942,-0.12612612612612606,-0.0073619631901841185,0.0,0.110599078341014,0.040000000000000036,-0.04616460713453019,-0.13182674199623345,0.00961538461538458,0.11144891591327301
45,2007-03-31,0.02646160558464228,0.06747826086956521,0.021401924209699663,0.017008117510630028,0.0407912978564573,0.06332695348256645,0.4278728606356968,0.4278728606356968,0.4027777777777779,0.4285714285714286,-0.5180863477246207,-0.1394611727416799,-0.19630484988452654,-1.0923623445825932,-0.04217356042173559,0.1641689373297004,-0.04242424242424248,-0.04123711340206193,0.0395550061804697,0.17222222222222205,0.2952973720608576,0.03846153846153855,0.013933023710584136,-0.03904555314533631,0.0,0.04959689029657355
46,2007-06-30,0.014940598899113809,0.03101987618116642,-0.0044982698961937295,-0.0038958570885594397,0.03739945693939229,0.06769447487869784,0.2962328767123288,0.2962328767123288,0.2871287128712872,0.29000000000000004,0.7046004842615012,0.17495395948434633,0.8505747126436782,-1.0769230769230769,0.003386960203217715,0.17144528964306605,0.0018083182640142856,0.0,0.03923900118906065,0.12796208530805694,0.19113721302722889,0.046296296296296065,0.022179363548698202,-0.013544018058690654,0.00952380952380949,0.035045607297167665
47,2007-09-30,0.01645866487980574,0.033815814423866934,-0.03827289228749087,-0.013450348182772132,0.08390537804336007,-0.03716191453492634,0.0990752972258917,0.0990752972258917,0.09999999999999988,0.09302325581395343,0.01349431818181812,-0.2821316614420063,0.09472049689440998,46.25,0.1594936708860759,0.0714285714285714,0.15794223826714804,0.17419354838709689,0.08237986270022901,0.029411764705882467,0.047960555804571925,0.03539823008849563,0.06627358490566038,0.14645308924485126,0.02830188679245293,0.04790617545719567
48,2007-12-31,0.02148654773186109,-0.03381022254830035,0.011766123202955558,0.04805646876812997,0.057545106615636936,0.04514311814859928,-0.14423076923076927,-0.14423076923076927,-0.5664335664335665,-0.5744680851063829,0.6636299929922915,3.4563318777292578,-1.1475177304964541,1.7037037037037035,0.37190684133915575,0.15477855477855473,0.059236165237724014,0.09523809523809512,0.053911205073995834,0.06938775510204076,-0.03678357570573132,0.03418803418803429,0.03539040035390406,0.07984031936127756,0.00917431192660545,-0.07809042048687942
49,2008-03-31,0.06629020873247947,0.11820540403720806,0.06600515975391953,0.2329550696558722,0.06820042221360567,0.09177653142982,0.2457865168539326,0.2457865168539326,0.22580645161290325,0.25,-0.6861836562763268,-0.6501714845663891,3.048076923076924,-0.7084148727984345,0.07904509283819627,-0.07589826402906741,0.040470934510669736,0.0735785953177257,0.07121364092276816,-0.12213740458015275,-0.17007104795737116,0.04958677685950419,0.0017090365306557944,0.0609981515711644,0.0181818181818183,-0.09307270233196163
50,2008-06-30,0.02916477530640038,0.02546545187029592,0.062029935214833465,0.008979347500748247,0.0304509155440833,0.011808659683768095,-0.013528748590755368,-0.013528748590755368,-0.013157894736842146,-0.013333333333333308,1.5852348993288592,0.03921568627450989,-3.7292161520190015,0.5100671140939597,0.11061946902654872,0.07339449541284404,-0.020509193776520385,0.0031152647975078995,0.029026217228464542,0.0,-0.02621722846441954,0.03937007874015741,0.0012795905310301061,0.010452961672474005,-0.008928571428571397,0.016335173561219163
51,2008-09-30,-0.10206932039548644,-0.10325037249599912,-0.07849530220165479,0.014239098190447884,-0.1283416180672433,-0.1316761176315443,-2.4902857142857138,-2.4902857142857138,-2.493333333333333,-2.5135135135135136,-1.0103842159916927,1.082210242587601,-1.5465622280243692,-5.004444444444443,-0.3988490482514387,-0.22303622303622306,-0.6476534296028881,-0.6475155279503105,-0.12465878070973625,-0.24347826086956514,-0.24945054945054945,0.04545454545454541,-0.0291799787007454,-0.646551724137931,0.0,-0.1158568345859068
52,2008-12-31,-0.049529267294310286,-0.19495384615384612,-0.008369792657409114,-0.08599005557180461,-0.0992366412213741,-0.29265699749411495,-0.3757668711656442,-0.3757668711656442,-0.3660714285714287,-0.3660714285714287,-68.85,0.19741100323624594,-0.7595541401273885,-0.6403995560488347,-0.2385861561119293,-0.37558931377684657,-1.3155737704918034,-1.3083700440528634,-0.09771309771309766,-0.28735632183908044,0.7994143484626646,0.03623188405797095,-0.052215884159719006,0.0,-0.06306306306306309,-0.11917185658979967
53,2009-03-31,-0.062510766580534,-0.09157621158844208,-0.10189909840782664,-0.11119999999999997,-0.009521435692921187,-0.12023617820719268,-0.9226044226044224,-0.9226044226044224,-0.9154929577464788,-0.9154929577464788,-0.49889462048636696,-0.7535135135135135,-3.2781456953642385,-0.6111111111111112,-0.12185686653771766,-0.15604026845637575,2.8636363636363638,2.8571428571428568,-0.017281105990783474,-0.06451612903225812,0.0,0.041958041958042085,0.05648148148148136,0.0,-0.08653846153846156,0.02207146952035166
54,2009-06-30,0.05909915703884061,0.1736788959946145,0.08001196121149977,-0.11332133213321327,0.03558306910262221,0.11799877974374627,4.6984126984126995,4.6984126984126995,4.166666666666667,4.166666666666667,0.5558823529411765,0.125,-4.087209302325581,-14.182539682539682,1.8292951541850224,0.39562624254473133,1.0621848739495798,1.0333333333333332,0.03399765533411503,0.4224137931034484,0.0,0.0,-0.022348816827344357,0.0,-0.09473684210526312,0.32364214265681945
55,2009-09-30,0.039080459770114866,0.07893604817895028,0.0365081876433826,0.07055121307481471,0.038685847589424505,0.12180746561886058,-1.4791086350974931,-1.4791086350974931,-1.4838709677419355,-1.4838709677419355,-0.503780718336484,-0.3606237816764133,-1.2269303201506592,-0.9885611077664058,0.0073958738808874705,0.14886039886039892,-0.5762021189894051,-0.5792349726775956,0.03741496598639449,0.10909090909090913,0.0,0.0,-0.0002241147467503257,0.0,-0.06976744186046502,0.007839536690444238
56,2009-12-31,0.004216062781766672,0.03116486145258812,-0.012135088723526087,-0.007965105253176508,0.02250608272506072,0.16588830511772712,2.0232558139534884,2.0232558139534884,2.0,2.0,1.3752380952380951,-0.2347560975609756,-0.8796680497925311,50.89473684210525,0.3809891808346213,-0.03347799132052076,-1.2480769230769229,-1.251082251082251,0.021857923497267784,-0.0710382513661203,0.0,0.0,0.0181573638197714,-0.6682926829268293,0.0625,0.03945339873861276
57,2010-03-31,0.03217358772914336,0.1335223611290115,0.05203383937883888,0.13276620149111062,0.008648698119251286,0.07385462738880078,0.4653846153846153,0.4653846153846153,0.4444444444444444,0.3999999999999999,-0.4859663191659984,0.9243027888446216,-8.413793103448276,-0.8306288032454361,0.046726357022943484,0.16484926234765873,2.953488372093023,2.931034482758621,0.0010695187165774556,0.14117647058823524,5.4243287225386485,0.0,-0.022897402025539467,2.6323529411764706,0.08235294117647074,0.0006741724533134708
58,2010-06-30,0.0006040836051710574,-0.03223422399090392,0.06892120143937719,0.16639945996118466,-0.08533708374920601,0.10483369599005288,0.08661417322834652,0.08661417322834652,0.10769230769230753,0.07936507936507953,1.2496099843993758,3.4492753623188412,-5.8279069767441865,-12.173652694610777,-0.4987971130713713,0.08039647577092524,1.0960784313725491,1.0482456140350878,-0.05555555555555547,0.08247422680412386,-0.7299094420872649,0.0,-0.08584948174853535,0.8704453441295545,0.09782608695652173,-0.17031597385973185
59,2010-09-30,0.12245431860259193,0.2357986253891793,0.12421421455807093,0.02843087607610495,0.11894251277218393,-0.007596539354294163,0.28864734299516903,0.28864734299516903,0.3194444444444444,0.27941176470588225,-0.27600554785020803,-0.6328524895300139,-2.8188824662813103,-2.3113612004287245,1.3050666666666668,0.13506625891946974,0.37231057062675393,0.3383297644539616,0.12217194570135748,0.2,-0.4532239155920281,0.0,-0.0032043381809219174,0.2922077922077924,0.03960396039603964,0.201624035728786
60,2010-12-31,-0.004069777865428392,-0.020820459190949325,-0.008402847801509461,-0.02061057962858748,0.0011968615630124635,0.08682401304132115,0.04686035613870665,0.04686035613870665,0.05263157894736836,0.02298850574712641,1.1666666666666663,0.1077313054499367,-1.6340042372881356,-0.9276665304454434,0.040953262378528484,0.3978446340368209,0.17791411042944796,0.1472,0.019153225806451516,0.24603174603174605,0.01500857632933106,0.0,0.005440158259149452,0.1189279731993298,0.01904761904761898,-0.00020273009866200733
61,2011-03-31,0.08136813681368138,0.04553619107723672,0.12572414643165294,0.10069668893198314,0.02116355264323033,0.1284726751010825,0.1145926589077888,0.1145926589077888,0.1299999999999999,0.1235955056179776,-1.1830238726790452,2.0640732265446218,-1.6566416040100251,-13.824858757062149,-0.5045565681262503,0.16672020558946365,0.11516203703703698,0.07391910739191078,0.04154302670623156,0.14331210191082788,-0.00042247570764686326,0.0,-0.05558288243974418,0.04491017964071853,0.02803738317757021,-0.0500844880027036
62,2011-06-30,0.03645746628932911,0.07057621767191335,0.020338333515821816,0.26368678629690057,0.05398022892819987,0.05108645399907541,0.3012048192771084,0.3012048192771084,0.31858407079646023,0.31000000000000005,-8.028985507246377,-0.6706497386109036,-1.7900763358778626,-1.658590308370044,0.6707043517272321,0.01927312775330403,0.13284898806434864,0.12207792207792224,0.05318138651471993,-0.01949860724233976,-0.0904480135249366,0.0,0.01666666666666661,0.1146131805157593,0.009090909090909037,-0.15283904938095905
63,2011-09-30,-0.0211532283970447,-0.016480895172832574,-0.0265325285043595,-0.006454611174222857,-0.010448804969352963,-0.014844952716076554,-0.12592592592592589,-0.12592592592592589,-0.12751677852348986,-0.12213740458015275,-0.2319587628865979,0.2789115646258504,0.3687600644122384,-0.9692307692307692,0.01235230934479059,-0.0588870880605078,0.052221713238662426,0.04629629629629628,-0.01172227231740297,-0.1079545454545454,-0.20446096654275087,0.0,0.011014344262294971,0.00899742930591274,0.03603603603603589,-0.010078951789013968
64,2011-12-31,-0.022266708235564425,-0.05728270935308899,-0.033897370886843414,-0.009718829582662014,-0.007316566202452691,-0.010101573836365674,-0.1384180790960452,-0.1384180790960452,-0.1384615384615384,-0.13913043478260867,0.05190156599552576,-0.15159574468085102,0.7788235294117647,-4.782608695652174,-0.0461538461538461,-0.05051664753157303,0.005224205485415689,0.0022123893805310324,-0.0018248175182482558,-0.03821656050955413,-0.1115654205607477,0.0,0.015201418799087875,-0.015286624203821762,0.01739130434782621,-0.04802307822840657
65,2012-03-31,0.05415701674890072,0.12732715876134335,0.015660657234139563,-0.01270074525034115,0.11311193936094475,0.07825449625077519,0.2950819672131149,0.2950819672131149,0.3035714285714284,0.29292929292929304,-0.8689919183326245,-0.03448275862068961,-1.6435185185185186,-3.1436781609195403,0.103726362625139,0.14691656590084645,0.022953659592897413,0.048565121412803565,0.06032906764168189,0.14900662251655628,0.12097304404996699,0.0,0.056151734464686916,0.034928848641655914,0.01709401709401703,0.14180035650623868
66,2012-06-30,-0.009647684396542068,0.004356846473029029,-0.07703974160932459,-0.1955666595789921,0.08115124153498865,-0.02933333333333332,-0.2367088607594937,-0.2367088607594937,-0.2602739726027397,-0.21875,8.068181818181818,-0.0054112554112554214,-1.894141829393628,1.2788203753351208,0.2141597379692617,-0.013969425408539848,-0.11049957662997456,-0.07052631578947366,0.08275862068965534,-0.0720461095100865,-0.07214076246334311,0.0,0.09168241965973543,-0.07625000000000015,0.0,0.24853641401920235
67,2012-09-30,0.020222804507531226,0.03020037182400337,-0.013754488466922288,0.036410493623207474,0.059539965897623226,-0.08683473389355745,-0.1616915422885572,-0.1616915422885572,-0.18518518518518526,-0.15000000000000002,-0.16756176154672398,-0.5865070729053319,-0.2942528735632184,0.6423529411764706,0.2896866569827765,-0.07538091419406556,-0.12898619704902434,-0.08380520951302384,0.035828025477707026,-0.14596273291925466,-0.010745891276864759,0.0,0.03852813852813841,-0.06224627875507437,-0.01680672268907568,-0.006001875586120531
68,2012-12-31,0.008555896951075503,-0.008341353865896739,0.004227090404196332,0.022124458046416832,0.012414608512874459,0.01409863142991985,0.19881305637982205,0.19881305637982205,0.19318181818181807,0.2,0.4455913978494623,2.2342105263157896,1.2394136807817588,-0.32521489971346706,0.1515687851971037,-0.021393466319745702,-0.0612021857923497,-0.018541409147095237,0.02459646425826301,-0.054545454545454564,0.049840255591054206,0.0,0.003751563151312976,0.005772005772005651,-0.02564102564102566,-0.02981319579847796
69,2013-03-31,0.020013123359579943,0.05204626334519569,0.03459612253049427,-0.0124134489426736,0.0076234347628625345,0.07678436391134902,0.1716171617161717,0.1716171617161717,0.17142857142857126,0.19607843137254896,-0.9515025290092236,-0.4011391375101708,-1.4341818181818182,-1.2154989384288748,-0.028363839597596807,0.11610044313146227,-0.06752037252619325,-0.041561712846347576,0.008252063015753873,0.08846153846153837,0.1083384053560561,0.0,-0.01225083056478393,-0.02295552367288389,-0.01754385964912264,0.06528363047001617
70,2013-06-30,0.02703365038521044,0.052046896021526116,0.024381551985270145,0.08425972713491657,0.028653295128939767,0.023121387283236983,0.22605633802816905,0.22605633802816905,0.2357723577235773,0.2295081967213115,16.404907975460123,0.4334239130434783,-2.036850921273032,-6.990147783251232,0.17486338797814205,0.04605611434621504,0.08177278401997512,0.0893561103810776,0.03869047619047628,0.03886925795053009,0.061504667764964216,0.0,0.0016817321841495758,0.10425844346549208,-0.017857142857142905,-0.029698149951314482
71,2013-09-30,0.038610671995704886,0.061858306843509014,0.02325042036296177,-0.02440871490154961,0.0538950267597258,-0.04630656317651405,-0.041929925330269964,-0.041929925330269964,-0.03289473684210531,-0.033333333333333326,-0.24286217835741986,-0.09004739336492895,-0.07915993537964461,-0.14967105263157898,0.12656058751529994,0.18547570850202424,0.09347951529140207,0.09529553679131486,0.060171919770773526,0.1428571428571428,0.0558717020175894,0.08724832214765099,0.014690451206715638,0.10505319148936154,-0.00909090909090915,0.08843452082288006
72,2013-12-31,-0.006791780939936487,-0.037058702085197126,-0.06941296464188572,-0.030333791126768924,0.05740504261574553,0.04384896467722288,-0.15227817745803365,-0.15227817745803365,-0.5782312925170068,-0.5793103448275863,-0.05027932960893855,0.14270833333333344,0.33684210526315783,-0.8152804642166345,0.020751847023033454,0.1161152614727854,-0.0036939313984168947,0.014317180616740144,0.0554054054054054,0.05059523809523814,-0.012738853503184822,0.08024691358024683,0.06473629782833522,0.009626955475330991,0.00917431192660545,-0.006972455917944043
73,2014-03-31,0.06372704929882889,0.07961407897087723,0.1022651159958594,0.1767350206293492,0.03451665449643326,0.10538877691736492,0.12517680339462522,0.12517680339462522,0.129032258064516,0.13114754098360648,-0.7725490196078432,1.1066545123062899,-1.7349081364829395,-7.87958115183246,-0.13986162852581166,0.08758844903423224,-0.01588983050847459,-0.0032573289902279035,0.03137003841229191,0.03116147308781869,0.047146401985111774,0.06857142857142873,-0.02758352758352756,-0.0035756853396902155,0.0,-0.08251610282597344
74,2014-06-30,0.0134822909021719,0.005295733624598675,-0.01579892280071815,0.13595687895755934,0.03944617890593194,0.05417206468019775,0.1954745443117536,0.1954745443117536,0.2,0.2028985507246377,5.030172413793104,-0.4348766767633059,-4.305357142857143,-0.7207001522070016,-0.045415171389679536,0.10093195006154397,-0.01991388589881582,-0.0010893246187364538,0.04034761018001265,0.06868131868131866,0.06919431279620847,0.06951871657753994,0.025769077107470784,-0.013157894736842035,0.009090909090909037,-0.11504648662323692
75,2014-09-30,-0.023427651870725485,-0.028150001646198963,-0.02278786518115228,-0.0220666144561662,-0.025647722524028468,-0.07505689576695496,-0.12407991587802315,-0.12407991587802315,-0.13095238095238093,-0.12048192771084333,-0.21372408863473916,0.0673813169984685,-0.8897893030794165,-1.3106267029972751,0.014778325123152802,-0.04184635042325502,-0.02471169686985175,-0.01199563794983649,-0.02088305489260156,-0.07969151670951158,-0.06870567375886516,0.06499999999999995,-0.0023369036027263146,-0.02787878787878806,0.018018018018017837,-0.006217838765008477
76,2014-12-31,-0.007456435466816846,0.00643675045734815,0.01579506619568649,0.021386847559826668,-0.030665308529459038,-0.01978249101914276,-0.1602641056422569,-0.1602641056422569,-0.15068493150684925,-0.1643835616438356,0.16181818181818186,0.17647058823529416,1.5588235294117645,0.3157894736842106,0.01916198262646906,-0.09151525254209036,-0.006193693693693825,-0.012141280353200943,-0.026812918951858555,-0.07262569832402244,-0.09281294621608772,0.06103286384976525,-0.02342377513175875,-0.01496259351620943,0.0,-0.014599065084501928
77,2015-03-31,0.040758162700608835,0.11936178807055332,0.11958949421842745,-0.26136887740983306,-0.031027044964327174,-0.0038656559064209617,0.2787705503931379,0.2787705503931379,0.27419354838709675,0.2950819672131149,-0.8720657276995305,-0.07439024390243898,-8.984674329501916,14.846666666666666,0.29794434695412386,0.040917431192660565,0.043059490084985885,0.02346368715083802,-0.030056355666875367,0.06927710843373491,0.04092339979013637,0.05752212389380551,-0.06895862482510484,0.041772151898734185,-0.01769911504424759,0.5153992117938986
78,2015-06-30,0.032395714247733576,0.02285439345642626,0.013812782505492338,0.02129253824539501,0.052140410958904086,0.024039915331115717,-0.1721632196757965,-0.1721632196757965,-0.16455696202531644,-0.17721518987341778,7.764525993883793,-0.05599472990777343,-1.227207293666027,-0.6954143878838872,0.06991791405118297,0.048122686409307384,-0.05323193916349811,-0.07205240174672478,0.05164622336991598,0.08169014084507054,0.012600806451612991,0.054393305439330415,0.019106912838128043,-0.04252733900364525,-0.027027027027027084,0.0015411288769022755
79,2015-09-30,-0.010197906338925922,-0.02951725759981183,-0.028793464182524712,-0.05857177794081681,0.008218732199527956,-0.0727890152074413,0.0627954085077651,0.0627954085077651,0.06060606060606055,0.07692307692307687,-0.4734822051639917,-0.07257501744591766,-0.12777191129883847,-2.030386740331492,-0.06733459698528743,-0.1881937436932392,-0.013769363166953652,-0.027058823529411916,0.01780233271945964,-0.22916666666666666,-0.13588850174216027,0.051587301587301626,0.018538024015167357,0.003807106598984866,-0.02777777777777779,0.030871321407963007
80,2015-12-31,0.1501736675729468,-0.05019691002726445,0.3361715223635617,0.5309131055981295,-0.043933279526499835,0.12691082802547782,-0.2039390088945362,-0.2039390088945362,-0.18571428571428567,-0.19999999999999984,1.6355202120609675,9.015801354401804,-7.018159806295398,5.1072386058981225,-0.4409174489499661,-0.1160140874249016,-0.01919720767888311,-0.07376058041112442,-0.01990349819059101,-0.1317567567567568,-0.10599078341013823,0.049056603773584895,-0.16876938986556367,-0.03919089759797734,-0.03809523809523818,-0.3796063065584476
81,2016-03-31,0.01121981564214214,0.015022485886518,-0.005834932821497163,-0.01989564332074833,0.03925486113065246,0.06853186378408926,0.30965682362330416,0.30965682362330416,0.3157894736842106,0.3392857142857142,-0.9135026401810409,-0.9224701374802796,-1.2510561255280628,-0.5930640913081651,-0.3209278172061624,-0.17412702132645885,-0.03677342823250307,-0.06527415143603144,0.04430769230769216,-0.1556420233463035,-0.15914948453608235,0.046762589928057714,0.02786762876337412,-0.057894736842105325,-0.00990099009900991,0.035639097744360804
82,2016-06-30,0.0053575223416511,0.007698592257415758,0.010213143872113584,0.03869459833795008,-0.0031138308242174557,0.026712509918011215,0.0018281535648994038,0.0018281535648994038,0.013333333333333421,0.013333333333333421,8.529069767441861,0.21802325581395346,-0.31009615384615385,-1.5539374325782092,0.2617894468518991,-0.040578887627695785,0.027709359605911255,-0.008379888268156499,0.012374779021803171,-0.08294930875576034,-0.02605363984674325,0.044673539518900414,-0.008472524812394133,-0.008379888268156499,0.0,-0.029838826775083423
83,2016-09-30,0.0020804129675366934,0.025663413265146984,-0.0030387004300047593,0.01887657304775403,0.007659505119917531,-0.049373175339172286,-0.4933090024330901,-0.4933090024330901,-0.4868421052631578,-0.4868421052631578,-0.2956070774862721,-0.09705648369132858,0.15214866434378638,-0.7692307692307692,0.047878787878787854,-0.04406980183377707,-0.1204313960455361,-0.15492957746478864,0.01396973224679865,-0.05527638190954776,-0.08182533438237616,0.042763157894736725,0.005615234375,-0.1535211267605633,0.0,0.006660181097059015
84,2016-12-31,-0.019162235075993902,-0.11479995135595278,0.06061419315262806,-0.1444930677681895,-0.13251031025095014,0.02023304127901726,-4.5210084033613445,-4.5210084033613445,-4.538461538461538,-4.538461538461538,0.9168471199653531,-0.4555066079295155,3.27116935483871,-4.1645569620253164,-0.14459224985540775,0.16800742574257432,-0.7745231607629428,-0.7783333333333333,-0.13145809414466136,0.1542553191489362,0.3153384747215082,0.04416403785488954,-0.11556202961883945,-0.7820299500831946,0.010000000000000007,0.03471602735652679
85,2017-03-31,0.028184318652585864,0.06721390300865493,0.012868710237131207,0.028396596232909355,0.057514837025758984,0.06551571491810537,-1.6450733037845209,-1.6450733037845209,-1.6449275362318845,-1.6449275362318845,-0.8637596023497515,1.1472491909385112,-0.9627094642435684,0.1373333333333333,-0.19224701374802802,0.10543046357615893,0.2386706948640485,0.20300751879699264,0.06014540647719757,0.27188940092165903,4.228013029315962,0.04229607250755296,0.02854790008234964,0.19083969465648853,0.01980198019801982,0.037718226884115184
86,2017-06-30,0.022545878881953474,0.02764457889486049,-0.0013204853675945485,-0.02096504276682787,0.06129164952694355,-0.007187370170336548,0.12050739957716705,0.12050739957716705,0.1348314606741572,0.1235955056179776,4.6202321724709785,-0.0768651092690279,11.563291139240508,-1.336459554513482,0.080078125,-0.013419602204648771,0.3365853658536586,0.3187500000000001,0.06670822942643384,-0.0688405797101449,-0.22267912772585666,0.04057971014492745,0.03789698425406995,0.3205128205128205,-0.009708737864077666,0.04970922182220994
87,2017-09-30,0.05681218711309687,0.06510710259301011,0.05419361755351471,0.13062057832011775,0.05916389811738654,0.011089258065865916,-0.12783018867924534,-0.12783018867924534,-0.12871287128712872,-0.12,-0.33697255827677786,1.5755102040816324,-1.5445843828715369,-0.05226480836236935,0.07026608111599075,0.1442798153995628,0.5200729927007299,0.4976303317535546,0.06078316773816472,0.07003891050583655,-0.16094902212247508,0.038997214484679736,0.0020570840833118442,0.5,0.0,-0.0579738820736051
88,2017-12-31,-0.002913551068641662,0.04178060039399023,0.01047475380938656,0.018478078279858808,-0.02846537888490996,0.07044118864332427,-1.7906976744186047,-1.7906976744186047,-1.7954545454545454,-1.7954545454545454,1.4761904761904765,-0.4244057052297939,-3.37095282146161,3.816176470588236,0.3161959932416123,0.13139460836340475,0.4513805522208882,0.4651898734177213,-0.02754820936639124,0.06909090909090909,-0.26729079098204056,0.045576407506702436,-0.02566076469078782,0.4530744336569581,0.009803921568627416,0.02289434992648598
89,2018-03-31,0.025256446932853786,0.04363287423797702,0.009611352466578404,0.0047006432459177905,0.05216853207059846,0.07651562016702762,-2.539671682626539,-2.539671682626539,-2.5285714285714285,-2.5285714285714285,-0.9376347951114308,-0.1139867841409692,-0.9863441279750292,-2.0351145038167937,-0.2486704566293784,-0.010881801125703585,0.04466501240694787,0.056155507559395135,0.05439093484419266,0.017006802721088562,-0.3358539765319427,0.043589743589743664,0.026336581511719803,0.04231625835189301,0.01941747572815533,0.038740588637919286
90,2018-06-30,-0.0256706660820345,-0.04167342744334468,-0.04914437614221634,-0.08220471148321429,0.012683151353977571,-0.03243185001616201,0.2074633496223901,0.2074633496223901,0.2149532710280373,0.2149532710280373,6.795389048991353,-0.3430702299564947,59.62857142857143,-0.6474926253687316,-0.11667073468391508,-0.07625189681335354,0.10055423594615998,0.11247443762781173,0.018807092960773764,-0.12374581939799335,-0.15037298782881814,0.041769041769041726,0.03951757762381325,0.09188034188034178,0.00952380952380949,0.04414865577227189
91,2018-09-30,-0.006218549277911878,-0.014984338403363662,-0.030926754263349118,-0.06112775566784422,0.026790899679317137,-0.07999257609502597,-0.2501839587932303,-0.2501839587932303,-0.24615384615384614,-0.24615384615384614,-0.07171903881700559,0.195837275307474,-0.4924599434495759,-0.997907949790795,-0.00027631942525563336,-0.08706365503080082,0.01942446043165447,0.03676470588235303,0.02953586497890281,-0.10687022900763364,-0.19408502772643252,0.04009433962264142,0.03307825228338679,0.029354207436399268,0.009433962264151052,0.04916067146282988
92,2018-12-31,0.03899592441645061,0.08995588151034206,0.03683603187768192,0.14255096208801676,0.039125516427306765,0.038047205971353686,0.12855740922473013,0.12855740922473013,0.14285714285714302,0.11224489795918367,1.2708084428514534,-0.03876582278481011,-0.4428969359331476,-3777.0,1.0436705362078498,-0.14035087719298245,0.6252646436132676,0.6666666666666667,0.042008196721311515,-0.16239316239316234,-0.173165137614679,0.03854875283446702,0.0002389486260454543,0.6806083650190116,-0.009345794392523366,-0.04601503759398506
93,2019-03-31,0.0008617871682863322,-0.022499080060978786,-0.005477784540474762,-0.041644086873150236,0.011477931605727187,-0.0026430348258706933,-0.3043478260869565,-0.3043478260869565,-0.3125,-0.29357798165137616,-0.9298491757278148,-0.1440329218106996,1.5499999999999998,-1.5879237288135593,-0.3007844197998377,0.0010465724751438368,-0.09031697785497184,-0.07234042553191489,0.0137659783677484,-0.04081632653061229,-0.4022191400832178,0.037117903930131035,0.010511227902532116,-0.05090497737556565,-0.018867924528301886,0.01998738965952085
94,2019-06-30,0.012569279493269914,0.03495563323474049,0.0017485574401119306,0.006089604175728569,0.028076743097800616,-0.0058456742010911675,0.13749999999999996,0.13749999999999996,0.09090909090909084,0.07792207792207795,9.675,0.6634615384615385,-0.5751633986928104,-1.8693693693693691,0.3733075435203095,0.034762153685311104,-0.12649164677804292,-0.11353211009174324,0.03200775945683798,0.021276595744680767,0.10904872389791208,0.035789473684210586,0.015366430260047359,-0.09058402860548263,-0.02884615384615385,0.02868269765716769
