,Quarter end,Assets,Current Assets,Liabilities,Current Liabilities,Shareholders equity,Revenue,Earnings,Earnings available for common stockholders,EPS basic,EPS diluted,Cash from operating activities,Cash from investing activities,Cash from financing activities,Cash change during period,Cash at end of period,Price,ROE,ROA,Book value of equity per share,P/B ratio,P/E ratio,Cumulative dividends per share,Equity to assets ratio,Net margin,Asset turnover,Current ratio
0,1993-11-28,-0.01608444752511629,-0.03323782234957018,-0.02669073235658903,-0.034492072066346746,0.03505104521147295,-0.12176047583830307,-0.2261194029850746,-0.23671875,-0.2321428571428572,0.0,4.530706243602866,1.6921086675291073,4.9600127959053095,99.22222222222223,0.01195219123505975,0.013803680981595123,0.017042606516290748,0.014319809069212487,0.03373493975903608,0.015673981191222763,0.050429799426934034,1.0,0.05180442374854466,0.015151515151515138,0.0,0.0012673035679469091
1,1994-02-27,-0.01608444752511629,-0.03323782234957018,-0.02669073235658903,-0.034492072066346746,0.03505104521147295,-0.12176047583830307,-0.2261194029850746,-0.23671875,-0.2321428571428572,0.0,4.530706243602866,1.6921086675291073,4.9600127959053095,99.22222222222223,0.01195219123505975,0.013803680981595123,0.017042606516290748,0.014319809069212487,0.03373493975903608,0.015673981191222763,0.050429799426934034,1.0,0.05180442374854466,0.015151515151515138,0.0,0.0012673035679469091
2,1994-05-29,-0.08996155054024457,-0.17600410131530464,-0.11993659739344842,-0.2179164404074312,0.0459349020712978,0.0,0.0,0.0,0.0,0.0,4.530706243602866,1.6921086675291073,4.9600127959053095,99.22222222222223,1.1837270341207349,0.05219364599092291,0.017042606516290748,0.014319809069212487,0.0466200466200466,0.015673981191222763,0.050429799426934034,0.0,0.14941892639734355,0.015151515151515138,0.0,0.05364618829714751
3,1994-08-28,0.1132272566173591,0.20836816829661894,0.13737654357320284,0.2153467429725635,0.02110557276932057,0.11907620088509853,-0.2594021215043394,-0.2753326509723644,-0.2790697674418604,0.0,-2.139261589710373,-0.015857760691974976,-2.3648757447265307,-2.3780487804878048,-0.7469951923076923,0.10136592379583044,0.017042606516290748,0.014319809069212487,0.020044543429843964,0.05246913580246915,0.050429799426934034,0.5000000000000002,-0.08281174771304768,0.015151515151515138,0.0,-0.005821474773609281
4,1994-11-27,0.0485765512156704,0.06468222043443284,0.0472784855980708,0.08148814985371255,0.05409208848234304,0.00683648473398546,0.9518229166666669,1.0324858757062143,1.032258064516129,0.0,-1.27838693957115,0.33837890625,-1.1549805340359431,-1.1391794046661303,0.4109263657957245,0.026762402088772896,0.017042606516290748,0.014319809069212487,0.05458515283842802,0.0058651026392961825,0.050429799426934034,0.37037037037037024,0.005249343832020914,0.015151515151515138,0.0,-0.015521888651361837
5,1995-02-26,-0.037904694940714016,-0.07751246788574884,-0.04837577949736627,-0.1196734432527613,0.006299803913388136,-0.08443850777597561,-0.209472981987992,-0.2182070882557331,-0.2222222222222222,0.0,-0.19256017505470455,-0.7811017876687341,0.1212890129408779,1.9826589595375723,0.8686868686868687,0.005721551176096629,0.017042606516290748,0.014319809069212487,0.016563146997929712,-0.04373177842565612,0.050429799426934034,0.29729729729729737,0.04595300261096602,0.015151515151515138,0.0,0.04796072507552896
6,1995-05-28,-0.10299637909842874,-0.1579102570403499,-0.1374569019233166,-0.2790304396843292,0.0345771144278606,0.010282061970265488,0.2691983122362869,0.3368888888888888,0.2857142857142858,0.0,2.3577235772357725,1.605,2.9674134419551934,-1.988372093023256,-0.4594594594594594,0.03286978508217442,0.017042606516290748,0.014319809069212487,0.048879837067209886,0.015243902439024515,0.050429799426934034,0.2083333333333333,0.15327009485771348,0.015151515151515138,0.0,0.16792792792792774
7,1995-08-27,0.13787612258124238,0.25981479319870826,0.198841745328453,0.4698983580922596,-0.06503967299831692,0.10651904827396508,-0.4208776595744681,-0.4547872340425532,-0.4285714285714286,0.0,-2.286682808716707,0.5022392834293026,-2.5162559890485965,-1.6313725490196078,0.5366666666666666,0.09975520195838428,0.017042606516290748,0.014319809069212487,-0.05048543689320406,0.04804804804804808,0.050429799426934034,0.18965517241379315,-0.17835497835497838,0.015151515151515138,0.0,-0.1429342795433508
8,1995-11-26,0.07208995785259797,0.06901184427938299,0.0590031233993833,0.1342312971859987,0.12794136556512806,0.029504070598471262,0.9184845005740528,0.9951219512195122,1.0,0.0,-1.2083803788734162,0.7751277683134583,-1.04788774780875,-2.4223602484472053,-0.4967462039045553,0.07623817473567063,0.015278462296697937,0.018823529411764683,0.09202453987730076,0.13467048710601714,0.050429799426934034,0.15942028985507273,0.05216016859852468,0.024875621890547258,0.0,-0.057510575105751076
9,1996-02-25,-0.03195154900502417,-0.0600208014329876,-0.02507444568784023,-0.01665582500037821,-0.05950752393980852,-0.12895582753572887,-0.23159784560143626,-0.21515892420537894,-0.23611111111111105,0.0,0.7102147300822796,-0.7766314779270633,4.86331500392773,-1.2772925764192142,0.2737068965517242,0.11995863495346425,0.02475728155339807,0.004618937644341736,-0.04681647940074907,0.025252525252525082,0.07419530823786169,0.1499999999999999,-0.028542814221332088,0.03398058252427183,-0.014705882352941346,-0.04402215431627177
10,1996-05-26,-0.12219330155544406,-0.14448832813388454,-0.13026011167097915,-0.20099381557490534,-0.0886868686868687,0.037302054818254334,-2.508566978193146,-2.508566978193146,-2.5090909090909093,0.0,1.5847218962684817,-2.5177228786251344,2.067256162915327,3.299212598425197,0.9238578680203048,-0.05032317636195749,-0.6475603979156799,-0.6482758620689655,-0.08055009823182713,-0.0049261083743841185,-0.07567293042153389,0.26086956521739113,0.0381443298969073,-0.6572769953051643,0.0,0.07072220557386877
11,1996-08-25,0.07368308236428911,0.12761141748549454,0.09601726856874436,0.16726033463619386,-0.014852582575925475,0.06968315211037067,-1.496128033040785,-1.496128033040785,-1.5060240963855422,0.0,-2.2568665728424206,-2.302193913658882,-2.2550449899537,-2.4505494505494507,-0.6965699208443272,0.07875546912980069,0.09005376344086047,0.052287581699346435,-0.014957264957264791,0.1732673267326732,2.047802197802198,0.10344827586206916,-0.08242303872889778,0.06849315068493156,0.00497512437810954,-0.03405168392573932
12,1996-11-24,0.07760198309709199,0.12487853057843346,0.08078901179639986,0.12508247558722618,0.06354635463546354,0.056243461424355434,0.9490114464099896,0.9490114464099896,0.9523809523809524,0.0,-1.275239299259527,0.7978260869565217,-1.1347927470156267,-1.5542929292929293,1.272463768115942,0.06489409643983768,0.15413070283600486,0.10559006211180133,0.06724511930585675,0.08227848101265822,-0.009374436632413885,0.109375,-0.01298701298701288,0.11538461538461542,0.00990099009900991,-9.658103148535435e-05
13,1997-02-23,-0.0599714384962754,-0.11578768481277968,-0.07870610784322984,-0.12212822730804752,0.023992890995260696,-0.16697464705447562,-0.2253069941270689,-0.2253069941270689,-0.2317073170731707,0.0,0.5069553805774278,-0.5882708585247884,1.6491092176607285,-1.316628701594533,-0.17729591836734693,0.0964875158696572,0.08333333333333326,0.0898876404494382,0.030487804878048808,0.02729044834307981,-0.01765241128298467,0.09859154929577474,0.08936403508771917,0.09195402298850586,0.004901960784313708,0.007147686660871066
14,1997-05-25,-0.07394724740507164,-0.1663463386507784,-0.09759472006722893,-0.16669171802194493,0.021405843216661943,-0.07749778172138423,0.28532046864231564,0.28532046864231564,0.2857142857142858,0.0,0.5643995471566663,0.6864904552129221,0.4867446393762183,-3.971223021582734,0.6403100775193797,0.09031262060980304,1.5601577909270214,1.618556701030928,0.03155818540433919,0.05692599620493378,0.006483882919599893,0.09615384615384603,0.1031706089582285,1.6947368421052635,-0.03414634146341455,0.00047952431188247324
15,1997-08-24,0.10362593219888083,0.23796349663784835,0.14160628705112766,0.2598605098605098,-0.031678601772059715,0.18123232595271527,-0.4096514745308311,-0.4096514745308311,-0.7037037037037037,0.0,-2.452182142061901,-1.261210274270788,-2.6185262881867053,-2.9322033898305087,-0.7542533081285444,0.15823008849557518,0.004622496147919764,0.013779527559055094,-0.03059273422562148,0.12387791741472155,-0.5505245720596355,0.08187134502923987,-0.1227189781021898,0.03515625,-0.020202020202020218,-0.017446319018404877
16,1997-11-23,0.04935841294583665,0.09257247501396736,0.04471613461595858,0.06519041710413287,0.06885602072365682,0.04774933229105605,0.9128065395095368,0.9128065395095368,0.9166666666666669,0.0,-1.2562579062368229,-3.8716666666666666,-1.1863177933492648,-1.4536340852130325,1.3923076923076922,0.007640586797065919,0.016487730061349737,0.03495145631067964,0.06114398422090716,0.03833865814696491,-0.01433251433251437,0.08108108108108092,0.018720748829953227,0.05283018867924527,-0.015463917525773254,0.025756097560975636
17,1998-02-22,-0.031860643185298576,-0.06370648144202495,-0.050134262697823284,-0.08815710872162487,0.04315534360096951,-0.16298806267097732,-0.4121557454890789,-0.4121557454890789,-0.4130434782608695,0.0,0.06282722513089012,-0.4962275101567034,0.405,-1.6243093922651934,-0.36334405144694537,-0.002729754322110867,-0.05658242172765005,-0.0412757973733584,0.03159851301115246,-0.059999999999999935,-0.0382218529289573,0.08000000000000007,0.07759060745278212,-0.02508960573476715,-0.020942408376963262,0.02682138101578846
18,1998-05-31,-0.07443114861711975,-0.16751623278111538,-0.10540033883692723,-0.16959562376140325,0.04133253391291314,0.09220055710306396,0.362681744749596,0.362681744749596,0.5925925925925926,0.0,1.5415904292751583,1.1244239631336406,1.4227139099489399,-3.4601769911504423,1.404040404040404,-0.07512165450121666,-0.05677728908436619,-0.03718199608610562,0.025225225225225408,-0.10310965630114566,-0.04449244060475155,0.08333333333333326,0.12505921364282324,-0.055147058823529334,0.021390374331550662,0.002500926268988568
19,1998-08-30,0.15602249034419113,0.25257863469038155,0.1929761651295958,0.3329848921147094,0.037352909424592566,0.10233783898665316,-0.3521043272080616,-0.3521043272080616,-0.4651162790697674,-0.14814814814814814,-2.5856684018163696,1.7624728850325375,-3.091710307829864,-2.7553956834532367,-0.8865546218487395,-0.08220979940808948,-0.046206019499787976,-0.022357723577235863,0.03514938488576447,-0.10401459854014604,-0.09855334538878846,0.06837606837606837,-0.10273684210526303,-0.015564202334630406,-0.005235602094240789,-0.0603344728818257
20,1998-11-29,0.03091206102581912,0.05327785375505578,0.023473605109900486,0.03311385662499067,0.058382766156728,-0.012184964679026413,1.0036596523330283,1.0036596523330283,1.043478260869565,1.0,-1.346441293567088,-0.6670592854338437,-1.240870786516854,-1.3432377049180328,3.101851851851852,0.022214260121820262,-0.03022222222222226,-0.004158004158004158,0.057724957555178376,-0.014256619144602856,0.029588766298896733,0.07200000000000006,0.026748005631159092,0.015810276679842028,-0.021052631578947326,0.019567354965584816
21,1999-02-28,-0.02939721371774373,-0.0607353997458423,-0.044897622041318315,-0.07539063059450324,0.02595870206489681,-0.11103303978514767,-0.217351598173516,-0.217351598173516,-0.23404255319148934,-0.21739130434782614,0.08094758064516139,-0.14740566037735847,0.20306756242869814,-1.638805970149254,-0.4830699774266366,0.11531720995443395,0.03483043079743342,0.05845511482254695,0.028892455858747997,0.05578512396694224,0.11495372625426192,0.06343283582089554,0.05667276051188307,0.0622568093385214,0.0,0.015816375735365096
22,1999-05-30,-0.10274139574053144,-0.16820835600523545,-0.11236991553518404,-0.16566241732368836,-0.07073030477285791,0.05618885356471637,-1.8243873978996497,-1.8243873978996497,-1.8333333333333333,-1.8333333333333333,0.8451925767042805,0.2904564315352698,0.8460646928669266,-2.864485981308411,1.7423580786026205,-0.1455059710873664,-0.4698848538529672,-0.4674556213017752,-0.07800312012480504,-0.1702544031311155,-0.19746614242027086,0.06315789473684208,0.035899653979238666,-0.4652014652014652,-0.005376344086021501,-0.0030380708250259407
23,1999-08-29,0.10147290076650116,0.2328459539258501,0.12911781581197967,0.2167681568394475,0.013682618261826152,0.09652098716157777,-1.7204529370134467,-1.7204529370134467,-1.7333333333333334,-1.7,-2.232790862225816,-0.4801714898177921,-2.4177843730380686,-2.305764411027569,-0.8296178343949044,-0.040456050018389145,-0.02589807852965753,-0.01851851851851849,-0.04737732656514382,0.04009433962264142,0.8938486663037559,0.059405940594059466,-0.07974947807933186,-0.0273972602739726,0.00540540540540535,0.013141605561375114
24,1999-11-28,0.014874501068871115,0.03557958440291986,0.009884947267497557,0.007689960329569699,0.03252390965203822,0.0014104586265468733,0.8398821218074657,0.8398821218074657,0.7727272727272727,0.8571428571428572,-1.3305591997376192,0.3927835051546391,-1.27064127853146,-0.9788867562380038,-0.10280373831775702,-0.08010732081257188,-0.09005145797598624,-0.08301886792452827,0.0976909413854352,-0.034013605442176915,-0.05490083357286568,0.06230529595015578,0.01724137931034475,-0.09859154929577464,0.016129032258064502,0.02772816994078386
25,2000-02-27,-0.03404872731557862,-0.09498421315016893,-0.04843778184959791,-0.08141542002301494,0.015733289538512052,-0.12193127262263548,-0.23438334223171384,-0.23438334223171384,-0.23076923076923084,-0.23076923076923084,-0.1359295547562942,2.4204293116210214,-0.6626506024096386,-8.09090909090909,0.8125,-0.15625,-0.08482563619227135,-0.08230452674897115,0.016181229773462924,-0.2300469483568075,-0.06690997566909984,0.05865102639296184,0.05173951828724355,-0.09375000000000012,0.015873015873015817,-0.014816169745747175
26,2000-05-28,-0.07004795925369611,-0.10334644163236573,-0.07133663909646902,-0.09911484002835147,-0.06587116802483506,0.1280658180689227,-1.3500697350069737,-1.3500697350069737,-1.4,-1.4,1.3355820295679632,-0.7463752434537978,5.03968253968254,16.974358974358974,8.057471264367816,-0.05382716049382719,0.3151390319258496,0.31390134529147984,-0.0652866242038217,-0.07012195121951215,0.040743155149934866,0.05817174515235446,0.004240882103477618,0.2931034482758621,0.015625,-0.004641663572224175
27,2000-08-27,0.3470721348572554,0.2852608406286796,0.3584159692304387,0.3172686354155232,0.3105203032505972,0.08201458648685844,-3.3944223107569718,-3.3944223107569718,-3.083333333333333,-3.083333333333333,-2.146755162241888,7.410409556313994,-3.0266462257263838,-1.5392296718972895,-0.4796954314720813,0.09446764091858027,-0.02036021926389986,-0.010238907849829282,0.20954003407155009,0.17049180327868865,-0.15815847165674912,0.05235602094240832,-0.027027027027027084,0.026666666666666842,-0.03589743589743588,-0.0243424734191382
28,2000-11-26,0.045229066872797485,0.0844054969129655,0.046037646314457385,0.07315887435064039,0.04252846237155605,0.028996566196108464,1.3394342762063232,1.3394342762063232,1.16,1.16,-1.015112540192926,-0.7233438165770518,-0.9116746514894996,-1.0092592592592593,0.008536585365853666,0.05531711969480213,0.15347721822541982,0.1586206896551723,0.03521126760563376,-0.1260504201680671,0.004092261904761863,0.057213930348258835,-0.0026041666666666297,0.2012987012987013,-0.037234042553191404,0.01051524710830698
29,2001-02-25,-0.005712522128016429,-0.06119600352630027,-0.010214651333348423,-0.06478041961662417,0.009374920819925414,-0.1213831554951318,-0.5881934566145093,-0.5881934566145093,-0.5925925925925926,-0.5925925925925926,27.312056737588648,-0.43784378437843785,-3.8686786296900486,-84.28571428571429,-0.7049576783555018,0.015363759602349703,-0.11365211365211357,-0.11607142857142848,0.00952380952380949,-0.019230769230769273,-0.14190440904038526,0.0541176470588236,0.01523063533507396,-0.07567567567567557,-0.03867403314917128,0.003783937186642605
30,2001-05-27,-0.034782455914305954,-0.03975271930510993,-0.04532885188297309,-0.04013507528786542,-0.00012551145919625917,0.006189434198186961,0.04835924006908465,0.04835924006908465,0.09090909090909084,0.09090909090909084,0.4579158316633267,0.02022178734507496,0.1855274381575207,-3.979416809605489,7.118852459016392,-0.1281708945260347,0.27208756841282256,0.2794612794612794,-0.0013477088948786742,-0.13725490196078427,-0.04965457685664931,0.0491071428571428,0.03600514359194173,0.3742690058479532,-0.06896551724137923,0.0004712091226086733
31,2001-08-26,0.03537449638367063,0.09208703447151813,0.043168288311355774,0.11612549743353127,0.01092086764410527,0.18177581707468612,0.5518945634266885,0.5518945634266885,0.5,0.5,-1.6667525773195877,-0.2934782608695652,-1.856697445736899,-1.991364421416235,-0.8692579505300353,0.06278713629402755,0.09035033804548244,0.09736842105263156,0.010796221322537214,0.06439393939393945,-0.24307133121308497,0.042553191489361764,-0.02358295407529987,0.0851063829787233,0.012345679012345512,-0.021571213262999375
32,2001-11-25,-7.618467164405285e-05,0.005969703753451183,-0.008253369230887264,-0.2743185634930887,0.026398788089502467,-0.032098635610820485,0.2292993630573248,0.2292993630573248,0.22222222222222232,0.22222222222222232,-1.4691405746682131,0.2642533936651583,-1.3143896976483762,-0.9988385598141696,-0.007722007722007707,0.11479346781940447,-0.0811724915445321,-0.0695443645083933,0.026702269692924,0.10320284697508897,0.02460984393757504,0.04897959183673462,0.02627118644067794,-0.07450980392156857,0.0,0.386252045826514
33,2002-02-24,-0.030171428571428623,-0.07253418391316169,-0.04345875710584324,-0.006711170449488213,0.0113960803290587,-0.15195013308707694,-0.2625215889464594,-0.2625215889464594,-0.2954545454545454,-0.2954545454545454,2.3309530348805274,0.6879026485325699,3.3276936776491537,-26.0,0.19455252918287932,0.02929771650150803,0.07055214723926362,0.09278350515463908,0.011703511053315907,0.003225806451612856,0.11072056239015816,0.046692607003891114,0.042939719240297165,0.09322033898305082,0.0060975609756097615,-0.0662546010139593
34,2002-05-26,-0.0635435740314364,-0.14236393446993426,-0.09537824638571757,-0.2269615398401377,0.030645199875600992,0.0270309222220444,0.12529274004683846,0.12529274004683846,0.19354838709677424,0.16129032258064502,0.27696240105540904,-0.5767599660729432,0.3597736625514403,24.44,4.1433224755700335,0.009627459187944831,0.07793696275071628,0.11556603773584916,0.03084832904884305,-0.003215434083601254,-0.057489451476793185,0.04275092936802971,0.10055423594615998,0.0968992248062015,0.0121212121212122,0.10940870211974718
35,2002-08-25,0.06278958712458538,0.15628157105332696,0.07218448337504467,0.15672091621458706,0.0383919038113365,0.10130194121774384,0.18418314255983348,0.18418314255983348,0.16216216216216206,0.1944444444444444,-1.6642990895589849,-0.2655310621242485,-1.727547855035182,-2.104559748427673,-0.8898036732108929,-0.013681592039801016,0.02286018075491758,0.06131078224101483,0.038653366583541134,-0.04193548387096768,-0.0945719082260773,0.04278074866310155,-0.02302158273381305,0.07420494699646651,-0.0119760479041916,-0.0004022526146421068
36,2002-11-24,-0.03405144147863892,-0.0960158077264296,-0.05567874887458735,-0.0442337756042811,0.023940450643776808,-0.15553856608902486,0.03602811950790863,0.03602811950790863,0.046511627906976834,0.023255813953488413,-1.4344867807153965,-8.042291950886769,-1.9925124792013311,-1.0626334519572953,0.5057471264367817,0.034888608659100484,-0.02079002079002068,0.021912350597609542,0.024009603841536498,-0.0033670033670034627,-0.011742892459826959,0.042735042735042805,0.06001472754050075,0.05921052631578937,-0.036363636363636265,-0.054124748490945514
37,2003-02-23,-0.024936511528500627,-0.06695811214703129,-0.04027295920619367,-0.103592173967748,0.01298928111424025,-0.2541159507762465,-0.3172179813401187,-0.3172179813401187,-0.33333333333333337,-0.31818181818181823,0.6675615212527963,-1.1712514529252227,-0.3658843252305113,4.886363636363637,1.9770992366412208,-0.0077173030056865155,-0.03715498938428874,0.003898635477582735,0.01289566236811268,-0.03378378378378377,-0.008130081300813052,0.04098360655737698,0.03890239666550888,0.062111801242236135,-0.05031446540880502,0.0408423739629864
38,2003-05-25,-0.028385025496883043,-0.03429591381398611,-0.03879869383249779,-0.1102533511123588,-0.003986897116503574,-0.4689698577176381,-0.06583850931677017,-0.06583850931677017,-0.033333333333333326,-0.033333333333333326,0.0,0.0,0.0,9.629343629343632,7.058974358974358,-0.12853049529267302,-0.06725468577728788,-0.0446601941747572,-0.003472222222222321,-0.1398601398601398,-0.12232030264817152,0.037795275590551285,0.025409562019391485,0.14327485380116967,-0.16556291390728473,0.0853600381497377
39,2003-08-24,0.031038921400798888,0.08484058353686708,0.033101428749150674,0.14868275753273386,0.026375576086721253,0.8597671957671957,0.2958776595744681,0.2958776595744681,0.2758620689655173,0.2758620689655173,-0.6946605849208478,-0.2816742081447964,-0.7921348314606742,-0.905375953505267,0.08288259624562523,0.10662282761860033,-0.056146572104018855,-0.026422764227642337,0.025551684088269463,0.11382113821138228,0.15948275862068972,0.03793626707132014,-0.004564721225953528,0.10485933503836307,-0.11904761904761894,-0.055548581471252856
40,2003-11-23,-0.06477167421746287,-0.12189482331107293,-0.1075623402126792,-0.19151273776007693,0.03261236191921757,-0.11855611443657965,0.3858388917393536,0.3858388917393536,0.3783783783783785,0.3783783783783785,-0.633128295254833,0.11811023622047245,3.178060413354532,-13.552783109404992,-0.9607756721022476,-0.03056027164685904,0.028804007514088962,0.06889352818371619,0.03284258210645508,-0.05474452554744536,0.01053283767038393,0.03801169590643272,0.10415984277759582,0.19212962962962954,-0.10810810810810824,0.08606366717618141
41,2004-02-22,-0.003922189269715881,-0.05015244958769316,-0.003622436270032337,-0.09869203329369802,-0.004511769389380027,-0.07103387729807886,-0.24731580895964456,-0.24731580895964456,-0.2549019607843137,-0.2549019607843137,4.528143712574852,-12.749295774647887,0.4550989345509893,-1.7752293577981653,18.98876404494382,0.10989492119089328,0.041387705416920266,0.072265625,0.01206140350877205,0.07335907335907342,0.0570202329858982,0.03661971830985933,-0.0005932957579354303,0.1165048543689322,-0.040404040404040435,0.053848978093256505
42,2004-05-30,-0.017512106495713553,-0.060843714092907016,-0.01783426220115636,-0.056257067470787736,-0.016877896722858,-0.26122244767490344,-0.2966060009837679,-0.2966060009837679,-0.2894736842105263,-0.3157894736842105,0.0,0.0,0.0,-0.9696252465483236,0.1403410155518081,0.08678500986193294,-0.01811805961426061,0.005464480874316946,0.0021668472372697867,0.07194244604316546,0.0307424593967518,0.03532608695652173,0.0005936479667558725,-0.027826086956521782,0.04210526315789487,-0.0048194170247357615
43,2004-08-29,-0.01464611663455728,-0.0468995785834968,-0.0030758461228429512,-0.015776335496754834,-0.037401697991197184,0.3151736333195381,-0.058041958041958,-0.058041958041958,-0.03703703703703709,0.0,-0.662261698440208,-1.0783984655957803,-0.5694299163179917,-16.506493506493506,-0.3923759447913243,-0.022141560798548118,-0.06785714285714295,-0.04891304347826087,-0.03027027027027018,-0.02348993288590595,-0.002813731007315745,0.034120734908136496,-0.023138534559478008,-0.014311270125223484,-0.040404040404040435,-0.031623782017620616
44,2004-11-28,0.013693547121072623,0.1192387627857696,-0.0006064281382656134,0.23891650603631945,0.0428206128375157,0.1775374756837167,0.7787676317743133,0.7787676317743133,0.8076923076923075,0.7692307692307692,0.9621552277100704,-2.7874617737003065,0.3343455815365928,-0.9304857621440537,-0.04488912925905897,-0.0029695619896066283,-0.036398467432950055,-0.03619047619047622,0.0412486064659976,0.027491408934708028,0.07505643340857793,0.034263959390862915,0.028545399331916244,-0.05626134301270425,0.021052631578947437,-0.0966439718021328
45,2005-02-27,-0.062263300905264,-0.09983615510649924,-0.1026017714188383,-0.20185063871601705,0.01647894933710159,-0.13271949856663912,-0.31010016694490816,-0.31010016694490816,-0.3191489361702127,-0.3043478260869565,-0.1359921542987904,1.1659538066723694,0.961993627674101,19.759036144578317,-0.9756511891279728,0.053983618763961294,-0.0530152418820411,-0.031620553359683716,0.01070663811563155,0.013377926421404451,0.09291338582677168,0.03312883435582825,0.0841452612931799,-0.05192307692307696,0.020618556701030855,0.12785966784499414
46,2005-05-29,-0.03975587968141248,-0.08512316466448244,-0.059016821276898675,-0.18313327177593108,-0.0065624041704998035,-0.051738143925600166,-0.383545069570478,-0.383545069570478,-0.40625,-0.40625,0.4472190692395006,-1.014218009478673,-0.7913235123535552,-1.5774811375507836,23.13953488372093,-0.04380077711056163,-0.06368089573128055,-0.03673469387755113,-0.0074152542372881705,-0.05280528052805267,0.0,0.03325415676959609,0.034586056644880125,-0.10750507099391482,0.08080808080808087,0.11998817267888827
47,2005-08-28,0.030551060453262613,0.16937462696465275,0.0326134916732852,0.141086829104915,0.02718442606083049,-0.006587498522982349,2.4553483807654564,2.4553483807654564,2.5789473684210527,2.5789473684210527,-0.9874509803921568,-120.33333333333331,-0.21845469705391884,0.4763819095477386,1.4152215799614645,-0.10786848910232738,0.3131539611360239,0.3601694915254237,0.02668089647812177,-0.10104529616724743,-0.0571565802113353,0.031034482758620863,-0.0034219531455647045,0.3522727272727273,0.009345794392523477,0.024763715085273752
48,2005-11-27,0.009573297932865543,0.0323635607478403,0.009302893419606884,0.35661872615203993,0.010017028949213636,0.13301019953016735,-0.536779324055666,-0.536779324055666,-0.5441176470588236,-0.5441176470588236,95.0,-1.0835661080074488,0.6991465149359886,-0.3669162695711369,0.3709613083366574,-0.03354037267080745,-0.09960159362549792,-0.07320872274143297,0.00935550935550955,-0.05813953488372092,-0.2791645440652063,0.03010033444816052,0.0005282620179609676,-0.06890756302521006,-0.0092592592592593,-0.2390251442704039
49,2006-02-26,-0.06955600471871781,-0.12640310560143564,-0.0931028643313334,-0.20188771094764169,-0.03094317167509675,-0.2444228649414729,-1.1943592887798895,-1.1943592887798895,-1.1935483870967742,-1.1935483870967742,-0.4416232638888888,0.07520891364902504,1.7999162829635833,-3.4204301075268817,-0.6549316264183882,-0.10325621251071126,-0.2515802781289507,-0.2386554621848739,-0.030895983522142182,-0.11111111111111116,-0.014134275618374659,0.029220779220779262,0.0414466737064414,-0.21299638989169667,-0.028037383177570097,0.09459001963572344
50,2006-05-28,-0.033319874020835034,0.0040873648025487866,-0.02362120706902304,0.004642336755785959,-0.04820386859072767,-0.4694501372051826,-2.5867507886435335,-2.5867507886435335,-2.666666666666667,-2.666666666666667,0.3385153517294985,-9.852331606217616,-0.11541336522649125,-1.2096845846290538,0.39797639123102857,0.021500238891543292,-0.07854729729729737,-0.07284768211920523,-0.032943676939426236,0.05092592592592582,0.3684587813620073,0.019978969505783258,-0.01520912547528519,0.05733944954128445,-0.125,-0.0005567239886181684
51,2006-08-27,0.001896344315979404,0.03219005072751191,-0.004617234030927286,-0.007015650296815945,0.012150537634408655,0.7602461699620269,2.314115308151093,2.314115308151093,2.3,2.3,0.10627177700348422,-0.6602282704126426,-0.7745479127936454,2.852754237288136,1.0968033775633297,0.05144995322731538,-0.33730522456461964,-0.33095238095238105,0.015384615384615554,0.08810572687224671,0.14353064431639595,0.01855670103092799,0.010038610038610065,-0.30802603036876364,-0.03296703296703296,0.03948752862536376
52,2006-11-26,0.030300756268187626,0.15684093437152402,0.045604259874289836,0.004483695652173879,0.006607882715393697,0.14881350888938472,0.2795440911817637,0.2795440911817637,0.2727272727272727,0.2727272727272727,-1.9451443569553808,5.0671834625323,0.7698650674662668,-0.7025020621391256,0.15561628074212575,0.09697508896797148,0.16182572614107893,0.16370106761565828,0.015151515151515138,0.08097165991902823,0.6610169491525424,0.018218623481781385,-0.02293577981651373,0.2257053291536051,-0.045454545454545525,0.15171181899374808
53,2007-02-25,-0.0061425160846517715,-0.02370629370629373,-0.0005512606806756802,0.04984444745029082,-0.015134245187436668,-0.05513646517952542,-0.09704641350210974,-0.09704641350210974,-0.09523809523809523,-0.09523809523809523,-1.5584559844487642,-1.1890971039182283,0.5857687420584499,-3.8327171903881694,-0.3814561294337274,0.0697485806974858,0.5809523809523809,0.5688073394495412,-0.0010660980810236476,0.05243445692883908,-0.0791505791505791,0.017892644135188762,-0.009128847157016229,0.5575447570332481,0.0,-0.07005118130589871
54,2007-05-27,-0.03624415745159026,-0.1035742425327698,-0.04755275979355722,-0.13647490820073438,-0.017788636704601513,0.14189281798245612,-0.0031152647975077885,-0.0031152647975077885,0.02631578947368429,0.0,2.587270014917951,0.2342342342342343,-0.14850427350427353,-1.7771615008156607,0.4792756539235412,-0.056103108415466285,0.2319277108433735,0.230019493177388,-0.0010672358591248263,-0.053380782918149405,-0.3938304881701109,0.017578125,0.019215583048170396,0.04433497536945818,0.1785714285714286,0.03808094285078933
55,2007-08-26,0.010079844535507476,0.0025369556532162107,0.014698177205415996,0.017382222388004017,0.0027711710925395483,-0.1130982745686422,-0.0864583333333333,-0.0864583333333333,-0.07692307692307697,-0.05263157894736848,-1.2482672581092318,0.1599756690997567,-0.7898368883312421,-2.8337531486146093,-0.5941240478781284,0.05261044176706831,0.01772616136919325,0.012678288431061668,0.007478632478632451,0.05263157894736836,-0.14229249011857706,0.017274472168905985,-0.0072314049586775795,-0.011006289308176155,0.03030303030303028,-0.014620039629411384
56,2007-11-25,0.07064108140663161,0.15474126765895546,0.08638167192086099,0.2433730522456461,0.045434763687004935,0.18791446745161733,0.39566704675028497,0.39566704675028497,0.3888888888888888,0.3888888888888888,-0.4561697375767727,-0.04981646565285791,-2.616417910447761,-0.6101190476190477,-0.5707104557640751,-0.04921785578023652,0.03663663663663663,0.031298904538341166,0.04453870625662781,-0.05714285714285705,-0.0679723502304147,0.017924528301886733,-0.02341311134235169,0.006359300476947549,0.019607843137254832,-0.07125000000000004
57,2008-02-24,0.04589313478080825,0.09314444463617066,0.04419067155311507,0.10659629050806484,0.04872616767962712,0.004955853033323797,0.2626633986928104,0.2626633986928104,0.26,0.26,-1.6273100616016427,-0.6252759381898454,-0.9362880886426592,-1.0005871990604815,0.0007806401249024209,-0.05858747993579461,0.12224797219003493,0.11836115326251904,0.04873096446700509,-0.09848484848484862,-0.10506798516687266,0.017608897126969447,0.002663825253063301,0.09162717219589256,0.02884615384615397,-0.012171572356486693
58,2008-05-25,0.02209655852450565,-0.039952013385739726,-0.00037133753383966633,-0.02704647196759757,0.059323211273196286,-0.5435041378528511,-0.3487544483985765,-0.3487544483985765,-0.33333333333333337,-0.3492063492063493,4.196399345335515,2.004418262150221,-11.144927536231883,434.0,0.3393135725429017,-0.023017902813299185,-0.028394424367578774,-0.02578018995929443,0.06582768635043568,-0.0672268907563024,-0.1533149171270719,0.01730418943533696,0.03639744952178536,0.16063675832127355,-0.1588785046728972,-0.013269356080800931
59,2008-08-24,-0.15758816005846887,-0.3986024334100625,-0.19085451342704107,-0.328102319721743,-0.10557574849177498,0.9032718693735642,1.1977148534525583,1.1977148534525583,1.261904761904762,1.292682926829268,-2.390236220472441,-11.58627450980392,21.764285714285716,1.8666666666666667,0.726266744321491,-0.055846422338568964,0.27577045696068003,0.298050139275766,-0.029972752043596732,-0.11261261261261267,-0.07096247960848279,0.017009847806624734,0.06177903101768777,0.2743142144638404,0.011111111111111072,-0.10494086570210727
60,2008-11-23,0.021203682014176328,0.04997676135276263,0.03609087139387479,0.08910447152814571,0.00014663063742426097,0.06481602296450939,-0.6200271247739602,-0.6200271247739602,-0.6,-0.6063829787234043,-0.5573176257362936,-1.0734395258381182,-1.1190461248823345,-2.317562149157979,-0.5543184885290149,-0.17467652495378938,-0.06289046230737194,-0.04506437768240357,0.0,-0.15228426395939088,-0.3678665496049166,0.016725352112676232,-0.020762916465475567,-0.044031311154598914,0.0,-0.03588436514856785
61,2009-02-22,-0.031816289600448584,-0.09949225361281078,-0.06978173553837141,-0.1939069575957184,0.02381351317387836,-0.03970223325062039,0.14931588340273638,0.14931588340273638,0.13157894736842102,0.16216216216216206,-2.333162743091095,-0.4085750315258512,-1.999472851871376,-0.8606208155812538,-0.3323239969719909,-0.11310190369540872,-0.09644444444444444,-0.06629213483146068,0.02340823970037453,-0.11377245508982035,-0.06388888888888887,0.01645021645021649,0.057445759368836224,-0.07164790174002045,0.01098901098901095,0.11708640601085295
62,2009-05-31,-0.028334006072199488,-0.035218598195697386,-0.023894036478741217,-0.2688736187204012,-0.034245034060920936,0.04207739177592762,-0.09575569358178047,-0.09575569358178047,-0.09302325581395343,-0.06976744186046502,0.9205374280230328,0.2366737739872069,0.2320675105485233,-7.7685589519650655,1.7573696145124718,0.032828282828282866,0.004918839153959631,0.028880866425992968,-0.022872827081427242,0.0135135135135136,0.12908011869436198,0.016183986371379966,-0.0060620191186756545,-0.15214994487320846,0.2065217391304348,0.31961138444292225
63,2009-08-30,0.01418727931149699,0.06776359168015356,0.012310307915118779,0.04845367371562848,0.016712914910292476,-0.09343047817302397,-0.05037206639954206,-0.05037206639954206,-0.05128205128205132,-0.07500000000000008,-0.4751149310413752,-0.01637931034482754,-0.5599315068493151,-0.7,0.19120065789473692,0.19070904645476786,-0.2834067547723935,-0.2783625730994153,0.014981273408239737,0.21333333333333335,0.19579500657030224,0.0159262363788768,0.002580342481820264,-0.2769830949284785,0.0,0.018405776582189004
64,2009-11-29,0.029927696253027488,0.08117439020967243,0.02352813112306773,0.21592973955178674,0.03850160423350979,0.07131762004457354,0.4448462929475587,0.4448462929475587,0.4594594594594597,0.4594594594594597,0.5026656511805028,-0.02278702892199824,-0.16245136186770426,3.311827956989247,0.692095270969969,0.09034907597535936,0.08948087431693996,0.10858995137763383,0.03690036900368998,0.07692307692307687,0.4868131868131869,0.01650165016501659,0.008423022929340274,0.10971223021582732,0.0,-0.1108021687751981
65,2010-02-28,0.01556218389313968,0.03722838079908608,0.00019751135690304625,-0.0053798256537982425,0.035850419291417523,-0.02389207589989284,-0.042136003337505216,-0.042136003337505216,-0.03703703703703709,-0.05555555555555558,0.13862138874809934,-0.1847533632286995,-0.2915214866434379,0.4733167082294265,0.602611179110567,0.09369114877589467,0.032601880877743065,0.03801169590643272,0.031138790035587064,0.05612244897959173,-0.01330376940133038,0.016233766233766156,0.0199535962877031,0.050243111831442366,-0.009009009009009028,0.04283927454659153
66,2010-05-30,-0.0007236198016430384,-0.008810352163792445,0.03431461903025878,0.01978264135824115,-0.046365696356980964,-0.0801472487729269,-0.6054006968641115,-0.6054006968641115,-0.6153846153846154,-0.607843137254902,-0.18495437346984198,-0.5731573157315731,1.5344262295081967,-0.4326337169939065,0.21334012219959275,0.07318123116659493,-0.1129326047358834,-0.11690140845070407,-0.040552200172562565,0.03864734299516903,0.02621722846441954,0.015974440894568787,-0.04572338489535943,-0.07253086419753085,-0.054545454545454564,-0.028085957021489198
67,2010-08-29,-0.007692963026069144,0.006464483220120609,-0.010794378111644742,0.02072487967783121,-0.003411929568025385,-0.010882538790984995,0.6158940397350994,0.6158940397350994,0.6499999999999999,0.6499999999999999,-0.7028945931185144,-0.8350515463917526,0.3997412677878396,-1.6700477326968972,-0.11781368023499796,-0.06538307260328913,-0.032169746748802235,-0.035087719298245716,0.0035971223021582506,-0.023255813953488302,0.04963503649635048,0.015723270440251458,0.004290822407628125,-0.014975041597337757,-0.019230769230769273,-0.01393459481694781
68,2010-11-28,-0.003794740592563351,0.052211656672604516,-0.0124413563750817,0.0969976905311778,0.00806993947545398,0.121912265758092,0.3722677595628416,0.3722677595628416,0.3636363636363635,0.3636363636363635,0.9329044117647058,11.578125,0.977818853974122,1.6331255565449692,-0.3516470448329171,-0.05364806866952787,-0.05304101838755304,-0.05619834710743799,0.017025089605734678,-0.05714285714285716,-0.029207232267037583,0.017801857585139302,0.011868027533823877,-0.054054054054054064,0.0,-0.040830161130520966
69,2011-02-27,-0.011263842806049862,-0.03774619676665558,0.029585976728103706,0.010263157894736752,-0.06658984777730602,-0.0020246116858055885,0.06918865107018424,0.06918865107018424,0.1333333333333333,0.0888888888888888,1.9519733713742269,-4.329192546583851,0.2955607476635513,-2.142035847142374,0.6194057226705796,0.02176870748299331,0.00522778192681117,-0.015761821366024442,-0.0052863436123348215,0.005050505050504972,0.08309455587392534,0.017490494296577896,-0.05582922824302128,-0.0267857142857143,0.009803921568627416,-0.04751549418288581
70,2011-05-29,-0.005587127815354531,-0.03375046462644038,-0.021668662208334518,-0.07719024051402279,0.018235765490654643,0.004754810283069677,0.18668528864059586,0.18668528864059586,0.21568627450980385,0.2653061224489797,-0.3356958762886598,-1.344029850746269,-0.5794409377817854,-0.7349718685223572,0.10137048363348056,0.06657789613848197,0.2667161961367015,0.2597864768683273,0.013286093888396744,0.07035175879396971,0.0813492063492065,0.01718983557548559,0.02385093167701857,0.21834862385321108,0.03883495145631066,0.047031963470319786
71,2011-08-28,0.017705785935294927,0.04982945656912774,0.02689471956061018,0.09813699661272103,0.004658087844304992,-0.030823106287661276,-0.6653589642997254,-0.6653589642997254,-0.6612903225806452,-0.6774193548387096,-0.2359359844810863,0.6193058568329719,-0.8237564322469983,0.37206703910614536,0.12628547922665567,0.024968789013732676,-0.06627565982404693,-0.07344632768361581,-0.0034965034965034336,0.00938967136150226,-0.20305810397553525,0.016899338721528382,-0.01286095607862181,-0.09337349397590368,0.01869158878504673,-0.0439925861317052
72,2011-11-27,-0.011394661820562035,-0.02095954660934141,-0.013037032730655151,0.003812869505612104,-0.008997755853834109,0.10804036458333344,1.0140679953106684,1.0140679953106684,0.9523809523809524,1.0499999999999998,-0.4452554744525548,-0.5780308104487608,10.9683698296837,-4.165309446254072,-0.3549123447772097,-0.0064961429151441106,-0.02449748743718605,-0.03658536585365857,-0.0043859649122807145,0.0,0.06676899462778207,0.01734104046242768,0.0024582104228121353,-0.05647840531561455,0.018348623853211118,-0.024633631750014318
73,2012-02-26,0.023478882074156715,-0.0455112530565398,-0.024401019040746874,-0.07157184925952798,0.07297741887243903,-0.009048444431387527,0.5809080325960418,0.5809080325960418,0.6097560975609757,0.5853658536585367,0.6561784897025171,5.165079365079365,-0.9831266517584876,-0.7368150244404426,-0.14479830148619954,0.051900286064568764,0.055376690276883515,0.07278481012658222,0.06519823788546253,0.05581395348837215,0.07697841726618715,0.017045454545454586,0.04830799411476217,0.059859154929577274,0.018018018018017837,0.02806197018415668
74,2012-05-27,-0.026047208437252608,-0.15857165263763262,0.042399999999999986,0.022892341638319325,-0.11607765057242415,0.012006759360825292,-1.2238586156111928,-1.2238586156111928,-1.2272727272727273,-1.2307692307692308,-0.0583765112262522,0.19361483007209054,36.14457831325301,3.899315738025416,-0.8295266468056934,0.007381507381507334,-0.3947528981086028,-0.4041297935103245,-0.0992555831265508,-0.05726872246696035,-0.0788243152972613,0.016759776536312776,-0.0923976608187136,-0.41362126245847175,0.017699115044247815,-0.1774239408586864
75,2012-08-26,0.04253664164168547,0.07987448738660374,0.0539393851634109,0.16587273054107501,0.025678567406239416,-0.029792594328568067,-5.113486842105263,-5.113486842105263,-5.066666666666666,-5.066666666666666,0.18818782098312534,-0.21203623813632444,-1.1725591955887122,-1.0269353551476457,0.13106796116504849,-0.04087929039722327,0.36491935483870974,0.3440594059405941,0.025711662075298403,0.06542056074766345,0.6250906453952141,0.016483516483516425,-0.016237113402061798,0.3286118980169972,0.008695652173912993,-0.07376425855513291
76,2012-11-25,0.04995556896869702,0.16948128542248053,0.07498900857331292,-0.07940484909224066,0.010717030855385891,0.12790241251245504,-0.15393842463014795,-0.15393842463014795,-0.14754098360655732,-0.16393442622950816,-0.522383451682618,-0.777443197372023,4.37781954887218,25.68888888888889,3.092703862660944,0.08082026537997589,0.06720827178729682,0.0405156537753224,0.017009847806624734,0.05701754385964919,-0.2110664881749219,0.016891891891891886,-0.03720199109248101,0.03624733475479736,0.0,0.27033885654575296
77,2013-02-24,0.6852968182362569,0.2659286592865928,1.042854221517855,0.4330276765900432,0.09145427286356812,-0.9218846205327266,-0.43289224952741023,-0.43289224952741023,-0.4423076923076924,-0.4313725490196079,0.9592760180995474,58.70971709717097,15.771059070255154,-0.31446017207882315,0.518036912751678,0.1573660714285714,-0.22560553633217986,-0.352212389380531,0.06073943661971847,0.13692946058091282,0.08597285067873295,0.016611295681063117,-0.35238095238095235,-0.004115226337448541,-0.3534482758620689,-0.11656874265569915
78,2013-05-26,-0.033267795807177536,-0.14889234356781966,-0.058897501829989325,-0.00619430241051866,0.04801720019111322,26.93762851267992,0.6016666666666666,0.6016666666666666,0.5862068965517244,0.517241379310345,1.0801715605410758,-0.9660514172709296,-1.209349339335584,-3.1858299595141695,-0.7459242884774799,0.1198971391835424,0.4226988382484361,0.2814207650273224,0.04149377593361003,0.05474452554744525,0.4401041666666667,0.016339869281045694,0.08403361344537807,0.03305785123966953,0.2533333333333332,-0.14358872040436288
79,2013-08-25,0.0031119366047056567,0.017717704004749146,-0.0016819236419962635,0.018228324464175442,0.01905250360914823,-0.4845808493412821,-0.2492195629552549,-0.2492195629552549,-0.26086956521739124,-0.2272727272727272,-0.7365582870737509,0.07766990291262132,-1.0224987555998009,-1.0190776069642526,0.05600870038064176,0.005453501722158416,-0.17148241206030154,-0.23454157782515986,0.01354581673306776,-0.03460207612456745,-0.31500904159132004,0.016077170418006492,0.015891472868217127,-0.18399999999999994,-0.06382978723404252,-0.0005436048769124069
80,2013-11-24,0.015516297975455284,0.06689998653923812,0.013830991542918005,0.0768631074408801,0.020038399164911347,0.12085296777571508,0.7234927234927235,0.7234927234927235,0.7352941176470587,0.7058823529411762,1.3455749548464782,-0.2826576576576577,-12.676991150442474,-1.145631067961165,-0.007723995880535517,-0.07793320011418793,0.012130401819560488,-0.05013927576601685,0.023584905660377187,-0.08960573476702505,0.07919746568109809,0.01582278481012667,0.0045784051888591035,-0.004901960784313819,-0.045454545454545525,-0.009246309246309314
81,2014-02-23,-0.01698706846784437,-0.0494154260240558,-0.03344565081742168,-0.13111677168521252,0.028215343006469107,-0.0751443859351113,-0.0579010856453559,-0.0579010856453559,-0.050847457627118516,-0.06896551724137923,-0.0077002053388089955,0.0894819466248038,-0.2523683213338386,-32.0,0.24130773222625845,-0.031888544891640835,0.1303370786516853,0.1700879765395895,0.02611367127496167,-0.055118110236220486,-0.07289628180039143,0.015576323987538832,0.045955184200531685,-0.0566502463054186,0.2380952380952381,0.09403184063994983
82,2014-05-25,-0.0522137882769792,-0.0641065345308145,-0.0478610988413577,-0.1845702823638328,-0.06542139124871149,0.01832082099318133,-2.3836961160904826,-2.3836961160904826,-2.375,-2.4259259259259256,0.5750129332643559,-0.4935158501440922,2.0182463253928034,-2.206451612903226,-0.2345317725752508,-0.04253277902142627,-0.6302186878727634,-0.6240601503759399,-0.06811377245508987,-0.06666666666666654,-0.16833773087071235,0.015337423312883347,-0.014161220043572788,-0.5535248041775457,-0.16346153846153855,0.14774193548387093
83,2014-08-24,0.00034596001321873793,-0.12749361822823102,-0.027577937649880147,0.09752497729336973,0.07659979081487123,-0.16559576146995825,-2.4876619370758792,-2.4876619370758792,-2.4805194805194803,-2.4545454545454546,-0.6163573657415011,-5.716927453769559,0.0305625524769102,-0.11942959001782527,-0.269797924631349,0.02839011356045407,1.0878136200716848,1.1399999999999997,0.07068273092369481,0.1026785714285714,1.831218274111675,0.01510574018126887,0.07624309392265194,1.1812865497076022,-0.011494252873563204,-0.20498407344950356
84,2014-11-23,0.006638070313992106,0.1150512000866879,0.016279138042393226,0.17420088962449576,-0.016286012046703102,0.12131856255066208,-0.979266017001866,-0.9995853203400372,-0.9824561403508772,-0.9821428571428572,-0.2119006849315068,-1.2985524728588662,-0.8430829395470101,-0.7611336032388664,-0.08825729244577407,0.09645988957453723,-0.3905579399141632,-0.36137071651090336,-0.01875468867216801,0.024291497975708287,-0.4852084267144778,0.014880952380952328,-0.022587268993839785,-0.3672922252010724,-0.011627906976744208,-0.05043601225547945
85,2015-02-22,-0.08372603414061341,-0.046840455771239735,-0.0372871318590845,0.09150441958124113,-0.20042735810094991,-0.06585542168674696,-96.41,-4771.5,-113.0,-113.0,0.7533948940793047,0.01414141414141423,1.0851505711318796,-2.305084745762712,0.12633305988515175,0.04946682464454977,-3.1408450704225355,-3.0146341463414634,-0.20259938837920488,0.07114624505928857,0.6948193295602961,0.014662756598240456,-0.12745098039215685,0.0,0.0,-0.12674774551170676
86,2015-05-31,-0.01828316236589833,-0.06514923661203575,-0.029864294126913826,-0.10941913960558523,0.016416268050034818,0.058812907885572814,-1.2192642280683366,-1.2192642280683366,-1.21875,-1.21875,1.29275092936803,0.7310756972111554,1.5866533864541834,1.9740259740259745,0.3335761107064821,0.02286198137171902,-0.6585526315789474,-0.6707021791767556,0.011505273250239869,0.2804428044280445,0.0,0.01445086705202314,0.0353130016051364,0.0,0.0,0.04973945997157725
87,2015-08-30,-0.09735951020966582,0.009351909916296421,-0.04193408700762435,0.16213521841580558,-0.2568935041979673,-0.3193656052817502,-6.516730401529638,-6.516730401529638,-6.469387755102043,-6.408163265306122,-0.9097419267666532,-0.2779056386651323,-1.0271467077396996,-2.0087336244541483,-0.2523211359912616,0.14155629139072845,7.169556840077071,6.852941176470589,-0.2635071090047394,0.12968299711815545,0.0,0.01424501424501434,-0.17674418604651165,0.0,-0.0117647058823529,-0.13149819494584825
88,2015-11-29,0.010123592454355457,0.05686115613182064,0.007263981145933406,0.027736619095895417,0.020961555615020888,0.10698689956331876,-1.1342171388961095,-1.1342171388961095,-1.1343283582089552,-1.1320754716981132,2.760479041916168,-0.11155378486055778,-11.411347517730494,-0.8160173160173161,-0.062089116143170135,-0.011119168479574615,0.04292452830188687,-0.02808988764044951,0.018018018018018056,0.3443877551020407,0.0,0.014044943820224807,0.010828625235404843,0.0,-0.02380952380952384,0.028369531331185582
89,2016-02-28,-0.175521738586773,-0.09840255591054314,-0.2424057885079207,-0.3384257385673817,0.06398159473469622,-0.05451547191774175,0.3208521626856036,0.3208521626856036,0.2777777777777779,0.3142857142857145,0.5011942675159236,-23.362331838565026,16.00817438692098,-45.023529411764706,2.914330218068536,-0.005133219261793998,-0.6463138851198552,-0.6396917148362236,0.058154235145385424,-0.022770398481973264,0.0,0.013850415512465464,0.2901723334885886,0.0,0.012195121951219523,0.3627728375101051
90,2016-05-29,0.015424047561271468,0.013947554925584749,0.014923794514897447,-0.031809145129224614,0.016449979471739432,-0.031394275161588214,-0.4252199413489736,-0.4252199413489736,-0.4347826086956522,-0.4565217391304348,0.35852559002916995,-1.0517365845833,-0.9792133931432232,-0.11304115446285412,0.6603660962992439,0.08722358722358714,0.22250639386189253,0.2406417112299464,0.010752688172043223,0.02718446601941737,0.0,0.013661202185792254,0.0010830324909747446,0.0,-0.036144578313252906,0.04730831973898875
91,2016-08-28,-0.04142458142278915,-0.04741801101574072,-0.05830675920715313,-0.06618227768125096,0.001265618267987989,-0.05818592663206579,0.5833333333333333,0.5833333333333333,0.6153846153846152,0.6799999999999999,-0.3638493070466523,-3.8829457364341087,13.213872832369942,-1.1202169328110876,-0.047813061713600995,0.06327683615819213,-1.9555439330543931,-2.032327586206897,0.0035460992907800915,0.0510396975425329,0.0,0.013477088948786964,0.044716913090515835,1.440677966101695,0.03749999999999987,0.020107618238459413
92,2016-11-27,-0.10991827608504268,-0.01822664436030641,-0.2366123302679194,-0.261924898511502,0.19589597396659772,-0.2170946579194002,-0.3442534908700322,-0.3442534908700322,-0.3333333333333333,-0.3333333333333333,-0.33629947836759744,-1.5961279913955364,-1.8903348244543852,-17.238095238095234,0.8153788069468915,-0.11817215727948982,-0.11111111111111116,0.035490605427974886,0.20376914016490003,-0.1205035971223022,-0.2799897251477009,0.5776595744680849,0.3434587504314808,0.04166666666666674,0.0,0.3301637978900611
93,2017-02-26,-0.08105032822757108,-0.2409267563527653,-0.10196862949755003,-0.10341469004239713,-0.05068927519283961,-0.05133116261252635,0.4717444717444717,0.4717444717444717,0.4999999999999998,0.464285714285714,0.4068423485899213,-0.8240866035182679,-2.56227161997564,-2.1713227349899675,-0.5261005199306759,-0.06459387804290184,-0.07327586206896552,0.014112903225806496,-0.029354207436399268,-0.2229038854805726,-0.01819479129504109,0.006743088334457248,0.03314491264131547,0.05499999999999994,-0.04819277108433728,-0.15340464388207675
94,2017-05-28,-0.03835603390799125,-0.2071206332952621,-0.028459353005746764,0.0994312735638061,-0.05460403193329066,-0.4499293357561074,-0.15804117974401774,-0.15804117974401774,-0.1428571428571429,-0.14634146341463414,0.0811698981268485,6.705128205128204,-0.5496540298216548,-0.4304915008565028,-0.6322410766530134,0.014944601906724975,0.037209302325581284,0.13320079522862827,-0.03427419354838712,0.04473684210526319,0.05232558139534893,0.006697923643670389,-0.016911216115394256,0.2906793048973144,-0.11392405063291144,-0.2788289676425271
95,2017-08-27,0.012806671751037555,0.055533479038346815,0.05391708897565839,0.19360650973554194,-0.04936353613310618,0.6555331253440999,0.00793126239259756,0.00793126239259756,0.0277777777777779,0.02857142857142869,-0.5866261398176291,-0.8715474209650582,-0.7682319844189569,-1.0,0.0,-0.07108403148007103,-0.05701473414477898,0.005263157894736858,-0.030271398747390488,-0.03778337531486154,-0.13466850828729293,0.00698602794411185,-0.0614722995193524,0.06487148102815188,-0.05714285714285705,-0.1156311426373814
96,2017-11-26,0.017065013299953025,-0.03232941176470583,0.042661201324294414,-0.09899688352162063,-0.025330802888924087,0.20463363263496293,0.4655737704918033,0.4655737704918033,0.4864864864864866,0.5000000000000002,1.0933823529411764,7.484455958549223,0.15219421101774033,-inf,-0.6658711217183771,-0.06723148401202518,0.22350543478260887,0.19720767888307145,-0.0064585575888049815,-0.03926701570680624,-0.02713487629688749,0.0069375619425173785,-0.0417789757412399,0.15287356321839085,0.03030303030303028,0.07392732895245469
97,2018-02-25,0.006067249353371551,0.0008753586538929881,0.006063263578081513,0.07587958709398479,0.006165995078021513,-0.08231342596852853,0.6232662192393736,0.6232662192393736,0.6545454545454545,0.6666666666666665,0.48085704250087796,-0.5874809160305343,0.9246353322528362,-1.2921146953405018,0.5821428571428571,0.08350424846176363,0.3003886729594669,0.2594752186588922,0.02383531960996743,0.0926430517711172,-0.08613617719442157,0.006889763779527547,0.0002812939521801283,0.2562313060817547,0.014705882352941124,-0.06964815981283179
98,2018-05-27,-0.007043734230445797,-0.057917496720276025,-0.0031260802260396625,0.1735570402371025,-0.011907001747077041,-0.0141890198044623,-0.8081587651598677,-0.8081587651598677,-0.8131868131868132,-0.8,-0.7345825426944972,-0.4448556624722427,-0.8362105263157895,-1.1002044989775048,-0.036869826937547034,-0.011357490535424451,-0.0725875320239111,-0.09722222222222232,-0.005291005291005124,-0.03491271820448871,-0.23698384201077205,0.006842619745845546,-0.005061867266591746,-0.19206349206349205,0.11594202898550733,-0.1973111519489313
99,2018-08-26,0.009191972664709612,0.0554953839806076,0.005593330217551928,0.04160602688126014,0.01640280724661336,-0.06703285525378899,1.5603448275862069,1.5603448275862069,1.6470588235294117,1.5,-0.1537086684539768,-0.4866666666666667,1.8174807197943443,9.857142857142858,-0.415625,0.011487964989058908,0.035911602209944826,0.024358974358974272,0.014893617021276562,0.015503875968992276,0.09882352941176477,0.007119741100323652,0.007348784624081396,0.028487229862475424,-0.012987012987012991,0.013375105434389578
100,2018-11-25,1.1942584644730572,0.6004886391399951,1.3543478260869564,-0.08173748664420155,0.933386859360364,0.2994439598778893,-0.2615039281705949,-0.2615039281705949,-0.3111111111111111,-0.3111111111111111,0.7655755015839494,133.12987012987014,-49.9625912408759,-7.907894736842105,4.926470588235294,-0.04975662520281221,-0.2813333333333333,-0.31664580725907376,0.5597484276729563,-0.06361323155216281,-0.09100642398286928,0.006748071979434389,-0.11896745230078565,-0.1337153772683859,-0.21052631578947367,0.7429250891795482
101,2019-02-24,-0.012179007945476994,-0.10053733895096784,-0.027280542554207643,0.003222197359588286,0.02061156407026488,0.13567143516382085,0.8389057750759878,0.8389057750759878,0.6129032258064517,0.6129032258064517,1.9569377990430623,-0.980286599535244,-1.1027337271490598,-1.435646258503401,-0.3611549740581999,-0.2418895845190666,-0.30179344465058755,-0.31684981684981683,0.019489247311827995,-0.5135869565217391,-0.1472320376914017,0.00670284072773697,0.03312101910828025,-0.22932745314222716,-0.1166666666666666,-0.10342475098922088
102,2019-05-26,-0.022563867890489583,-0.07206136926784568,-0.03436966042775502,-0.0442075210777535,0.001573308015733188,-0.03468656495881206,-0.4772727272727273,-0.4772727272727273,-0.46,-0.48,-0.2532362459546925,-2.3585461689587426,0.007799746054779622,-0.7151780137414117,-0.16454802259887005,0.007132132132132041,-0.06554472984942428,-0.07238605898123329,0.0013183915622940745,-0.011173184357541888,0.2866022099447514,0.00665821179454662,0.024660912453760675,0.01716738197424883,-0.07547169811320764,-0.029143204991629926
