,Quarter end,Assets,Current Assets,Liabilities,Current Liabilities,Shareholders equity,Revenue,Earnings,Earnings available for common stockholders,EPS basic,EPS diluted,Cash from operating activities,Cash from investing activities,Cash from financing activities,Cash change during period,Cash at end of period,Price,ROE,ROA,Book value of equity per share,P/B ratio,P/E ratio,Cumulative dividends per share,Equity to assets ratio,Net margin,Asset turnover,Current ratio
0,1999-03-31,0.002714167311633986,-0.044920260210788536,-0.08173711761462242,-0.2602823741247975,-4.2649935270517965,0.0,0.0,0.0,0.0,6.4,0.0,0.0,0.0,0.0,-0.1099735549678882,-0.06398809523809522,-0.05726770929162839,-0.07604562737642595,-4.244897959183674,0.01767676767676774,0.3001497005988025,inf,-0.038051750380517335,-0.03830645161290325,-0.017857142857142905,0.2911090742438132
1,1999-06-30,0.002714167311633986,-0.044920260210788536,-0.08173711761462242,-0.2602823741247975,-4.2649935270517965,0.0,0.0,0.0,0.0,6.4,0.0,0.0,0.0,0.0,-0.1099735549678882,-0.06398809523809522,-0.05726770929162839,-0.07604562737642595,-4.244897959183674,0.01767676767676774,0.3001497005988025,inf,-0.038051750380517335,-0.03830645161290325,-0.017857142857142905,0.2911090742438132
2,1999-09-30,-0.014631901824658676,-0.020155850496588745,-0.011910059412187035,-0.0569374770240082,-0.053316321523211314,-0.0381196386154532,-0.5810583870337824,-0.5810583870337824,-0.7045454545454546,6.4,2.0240387807955376,-0.06361569552037727,5.339683391467668,-0.5748701973001038,-0.08688823804066381,-0.06398809523809522,-0.05726770929162839,-0.07604562737642595,-0.05031446540880502,0.01767676767676774,0.3001497005988025,inf,-0.038051750380517335,-0.03830645161290325,-0.017857142857142905,0.03904586113871922
3,1999-12-31,-0.019163890363502082,-0.055445190772629986,-0.02259794928020176,-0.05311380793486686,0.031777692996715734,-0.014577851586651147,2.403188216649576,2.403188216649576,2.5384615384615383,6.4,0.11201387821427787,0.6535227732565982,0.021584560690705912,2.8641914997557403,-0.36770174786165866,-0.031796502384737746,-0.05726770929162839,-0.07604562737642595,0.039735099337748325,0.01767676767676774,0.3001497005988025,1.0,0.05063291139240489,-0.03830645161290325,-0.017857142857142905,-0.0024596884394643137
4,2000-03-31,0.041249049104268964,0.01588141690281142,0.046551456863823004,0.2128975052409574,-0.033262729746349584,-0.01971799132196816,-0.3707883635566757,-0.3707883635566757,-0.3695652173913044,6.4,-0.7590837282780409,3.636964324559496,-3.034868947993482,-1.1547408343868522,0.08998676665196292,-0.07389162561576358,-0.05726770929162839,-0.07604562737642595,-0.025477707006369418,-0.1091811414392061,0.3001497005988025,0.4999999999999998,-0.07078313253012047,-0.03830645161290325,-0.017857142857142905,-0.1624657534246574
5,2000-06-30,-0.008545923633404895,-0.013144341783633329,-0.012837561961856259,-0.004935625903367824,0.05674112692334865,-0.037963049100414925,0.6037004788855029,0.6037004788855029,0.6206896551724139,6.4,2.207786885245901,-0.5894657213729043,-1.1011652290757568,-6.428921568627452,-0.4481991096721975,0.20035460992907805,-0.05726770929162839,-0.07604562737642595,0.058823529411764726,0.2311977715877438,0.3001497005988025,0.3333333333333335,0.06482982171799012,-0.03830645161290325,-0.017857142857142905,-0.008341511285574255
6,2000-09-30,-0.0226751029599016,-0.1315965298548798,-0.01932182987775644,-0.06573978644041467,-0.07032839062235674,-0.02457906727574433,-0.8888074490322231,-0.8888074490322231,-0.8936170212765957,6.4,0.6697457518845025,-0.2417580847903097,4.040316629771248,-1.3720090293453724,0.30216354968830217,0.3323485967503692,-0.05726770929162839,-0.07604562737642595,-0.07407407407407418,0.2601809954751133,0.3001497005988025,0.24999999999999975,-0.048706240487062284,-0.03830645161290325,-0.017857142857142905,-0.07042718126340086
7,2000-12-31,0.008844976581533714,-0.011981239822125178,0.0072539641180586764,0.042723540017861834,0.03269531068162479,0.04848351465331113,6.179443359375,6.179443359375,6.4,6.4,-0.6107076998416111,0.4633121715050017,-1.3555818781942082,-1.0335760517799353,-0.007791232516662028,0.22283813747228387,-0.06611368626494274,-0.07604562737642595,0.03333333333333344,0.31956912028725304,0.3001497005988025,0.2,0.024000000000000018,-0.06289308176100639,-0.018181818181818188,-0.052519517388218466
8,2001-03-31,0.02011718586046829,0.23313562912304064,-0.0007085132292704577,-0.033729944968519554,0.32461715615766984,0.1170401467445774,2.42775529635801,2.42775529635801,2.45945945945946,2.4324324324324325,1.5466910391729072,-0.3122674665602431,-3.6732791855372975,-57.9277108433735,0.4470198675496688,0.4179510426110609,0.6907001044932081,0.8353909465020577,0.3290322580645162,0.3727891156462586,0.5261945883707542,0.16666666666666674,0.2984374999999999,0.7874720357941836,0.03703703703703698,0.2762172284644193
9,2001-06-30,0.0015992277213872086,-0.07426057622621074,-0.006221555588027172,0.041348529582289066,0.08786524153505848,0.26044265975060177,-0.5104464285714285,-0.5104464285714285,-0.5,-0.5039370078740157,-0.03875185230921219,-0.0830572246869209,0.039357620901122825,-0.7185185185185186,0.08695652173913038,0.07864450127877243,-0.01745982694684789,0.0717488789237668,0.08252427184466016,-0.18830525272547086,-0.4107883817427387,0.14285714285714302,0.08664259927797846,-0.030037546933667118,0.10714285714285697,-0.11093176815847394
10,2001-09-30,0.08378393574689014,0.00973914088442207,0.10156282631788673,-0.06304786112660643,-0.0953626790502976,-0.2725580420820205,-1.2332259306543458,-1.2332259306543458,-1.234375,-1.238095238095238,-0.41758532923314096,-3.2186019924873435,1.4900650654021796,-3.7300751879699248,-0.21840601503759394,-0.3064611736810908,-0.14546312313256804,-0.11087866108786604,-0.09417040358744387,-0.3589743589743589,-0.3540332906530089,0.125,-0.16500553709856047,-0.09806451612903222,-0.016129032258064502,0.07757055619739228
11,2001-12-31,0.018071891004373786,-0.001956693712677593,0.03147191761413848,-0.267790210813084,-0.14634422359350294,-0.0037480567341317,-2.0920149448257885,-2.0920149448257885,-2.0666666666666664,-2.0666666666666664,-0.7182028729769224,-2.1057547204534584,-1.5535232221591064,-1.7127513081795651,0.19916884716022776,0.06495726495726517,-0.1198012513801987,-0.12705882352941178,-0.14356435643564358,0.1752380952380952,0.16451932606541142,0.11111111111111094,-0.16180371352785128,-0.10443490701001434,-0.03278688524590168,0.3631490274161433
12,2002-03-31,0.020308572657165902,0.18744454225660845,0.02555318073489188,0.18027992284018055,-0.0574460798574159,0.023012172340173283,-0.5623010821133037,-0.5623010821133037,-0.5625,-0.5625,0.5121569394843697,-0.34596276910018386,-0.4487567926814965,2.3678516228748068,0.5593633679887049,-0.02327447833065821,-0.609450135897972,-0.6415094339622642,-0.057803468208092575,0.13938411669367912,0.08425531914893614,0.10000000000000007,-0.07594936708860768,-0.6246006389776357,-0.03389830508474578,0.006067415730337089
13,2002-06-30,0.012738798304716692,-0.024545702914442247,0.016617690903150573,0.1237824986578726,-0.04983219968823127,-0.0285343685971583,0.6409743682966733,0.6409743682966733,0.5714285714285714,0.5714285714285714,0.4437398900032352,0.3394363509129079,-0.17442953139128736,-2.6158788435061955,-0.5796361840480698,0.018077239112571863,-0.693254817987152,-0.7293233082706767,-0.05521472392638027,0.08108108108108092,1.7394034536891678,0.09090909090909084,-0.061643835616438374,-0.6936170212765957,-0.1228070175438596,-0.13200804109895015
14,2002-09-30,-0.0006561984178277137,0.05681701194808975,0.0036433365749253275,0.04407947531045786,-0.07486307790990276,0.018877389277389245,-1.7739005206602414,-1.7739005206602414,-1.818181818181818,-1.818181818181818,1.3178864339174474,0.03416830526345782,-0.8441251637566308,-1.1296506674240272,0.17877423144703353,-0.3680387409200969,0.4101221640488657,0.2777777777777779,-0.07142857142857151,-0.33157894736842103,1.3616045845272209,0.04166666666666674,-0.07481751824817517,0.2777777777777779,0.0,0.01222336592897566
15,2002-12-31,-0.03259621399354995,-0.1077511306448078,-0.019394614390031983,-0.08215940748487605,-0.27978150819788705,0.004760484138125465,-1.5917549384483252,-1.5917549384483252,-1.6666666666666663,-1.6666666666666663,0.4557706065469169,-0.5664737760631946,-15.316202810691653,-1.2864184008762325,-0.043438538205980086,-0.08812260536398475,-0.34777227722772275,-0.4130434782608695,-0.2797202797202797,-0.017716535433070838,-0.3069643290463481,0.040000000000000036,-0.2564102564102565,-0.4239130434782609,0.0,-0.027964916740815915
16,2003-03-31,0.002924419308854009,0.0085833051022981,0.004238325119646946,-0.046326708274345485,-0.03057137743987859,0.019736818137106704,0.9731494920174166,0.9731494920174166,0.6666666666666667,0.6666666666666667,-0.7120505770942078,-1.5664646807068097,-0.4064981185098213,-17.11281070745698,0.7317009637926544,0.14005602240896375,0.3814041745730552,0.2222222222222221,-0.029126213592233,0.5831663326653307,0.9000350140056024,0.038461538461538325,-0.03183023872679047,0.2264150943396226,0.0,0.057669674382110576
17,2003-06-30,-0.024314660863526738,-0.1575528150236476,-0.023663037991892292,-0.058202427440089737,-0.04152317417071416,-0.005878790801862821,0.2944710064974869,0.2944710064974869,0.30000000000000004,0.30000000000000004,3.5143450184501837,-3.4182001795332138,1.2226077932186348,-1.7092678295953485,-0.2996891295627758,0.23710073710073695,0.2541208791208791,0.12121212121212133,-0.040000000000000036,0.2746835443037974,0.03095918179305257,0.03703703703703698,-0.019178082191780854,0.10769230769230777,0.020000000000000014,-0.10546488625123628
18,2003-09-30,0.02387870763859179,0.14824521788095854,-0.018879863560939958,0.03532892137630084,1.1741183502689778,-0.007830833863414988,-1.5582915048773558,-1.5582915048773558,-1.5384615384615383,-1.5384615384615383,-0.6021957474634978,0.16982970627813088,-2.122940773058235,-27.12531370252635,11.179995704159806,0.020854021847070303,-0.06790799561883909,0.08108108108108114,0.8958333333333335,0.0635551142005959,-0.08124050406649386,0.03571428571428559,1.1256983240223466,0.05555555555555558,0.019607843137254832,0.10905321354526598
19,2003-12-31,0.0041010494873920935,-0.22516390636930936,0.01367897833432008,0.08880951752185284,-0.11217111593764606,0.003294334975369351,2.497709923664122,2.497709923664122,2.2857142857142856,2.2857142857142856,-0.17605660934670653,0.20402469821374256,-1.888134514056277,-2.047735845431665,-0.9617148097203118,0.10603112840466933,-1.3960047003525264,-1.45,-0.10989010989010983,-0.4164332399626518,0.005447470817120603,0.034482758620689724,-0.11563731931668865,0.0,0.0,-0.2883848454636091
20,2004-03-31,0.0002449653598606272,0.15343003992863813,-0.023698341327112127,0.04211137777271135,0.3321084376731112,0.1748730547547832,-6.534652504971144,-6.534652504971144,-6.521739130434782,-6.478260869565218,0.4892764737055395,0.0376438548712994,-1.146716508533347,-1.1290486232083372,3.2416705051435586,0.10466138962181183,-11.080118694362016,-13.722222222222225,0.3271604938271604,0.24,0.0,0.033333333333333215,0.33135215453194644,4.578947368421053,0.03846153846153855,0.10683012259194392
21,2004-06-30,-0.02853749366903424,0.03629292867914735,-0.0361348794114027,-0.1924175281965824,0.048638805661741946,0.03645819729432831,-0.7703712791033921,-0.7703712791033921,-0.7716535433070866,-0.7698412698412699,-0.03622225245685462,0.015969605892562244,0.8156661348224971,0.5394306825178801,1.1765003981756317,0.22531847133757954,-0.050338534000588735,0.16157205240174655,0.046511627906976834,-0.07612903225806444,-0.7267801857585139,0.032258064516129226,0.0792410714285714,0.10377358490566048,0.055555555555555365,0.2832278481012658
22,2004-09-30,-0.006951564697755597,-0.10965882538988714,-0.0021810918226995435,0.06019957491264094,-0.051493752324558884,-0.0218030667789334,-1.441671436748712,-1.441671436748712,-1.4482758620689655,-1.4482758620689655,-0.916427764746764,-0.03302048936990243,0.033530138679115806,-2.461417758907144,-0.7899647418839808,0.1221572449642625,-0.08710477371357728,-0.045112781954887216,-0.053333333333333344,0.07262569832402233,-0.02160056657223797,0.03125,-0.0444674250258531,-0.08974358974358976,0.05263157894736836,-0.16029593094944514
23,2004-12-31,0.006726207229664993,-0.06168126192433888,-0.014779666537474978,-0.041137502854222574,0.21796746172922865,0.1993677600033945,-7.033523414549853,-7.033523414549853,-6.9230769230769225,-6.769230769230768,20.148388773388774,0.26270319182169755,-2.374933574237432,-0.8693235647066254,-0.4914878454351097,0.10017371163867984,0.6373514431239391,0.8543307086614176,0.20657276995305174,0.16145833333333326,0.15562794064422736,0.03030303030303028,0.2099567099567099,0.6784037558685445,0.10000000000000007,-0.02143906020557995
24,2005-03-31,0.028506932601711558,0.21683267080560387,0.013823092961662065,0.02713877686981303,0.14517686841314134,0.03228822618184202,0.07704204376217216,0.07704204376217216,0.07792207792207795,0.09333333333333327,-0.4121087749910911,-0.3265710044532409,-0.9631089725008212,-3.3903657161269534,2.310339458112737,0.13421052631578956,-0.2629614267938615,-0.19745222929936312,0.1439688715953309,-0.05941704035874429,-0.3780144065142499,0.029411764705882467,0.11359570661896255,-0.24055944055944045,0.06060606060606055,0.1847238895558223
25,2005-06-30,0.025178814960552298,0.06339612352018897,0.01752096223951538,-0.007660450629354831,0.07904496641296421,0.00019706531797281104,-0.4538903366484072,-0.4538903366484072,-0.4578313253012048,-0.4634146341463414,-0.35450022992349817,-0.058210240948592624,1.0890518596123626,-2.1166003909146056,-0.7792934757044075,0.11461716937354982,-0.003095104108047253,0.07936507936507953,0.0748299319727892,-0.02622169249106088,0.3982880161127895,0.02857142857142847,0.05220883534136545,0.0423572744014733,0.02857142857142869,0.07169094363521222
26,2005-09-30,0.11769273352928565,0.6985142680563523,0.023182640059995263,0.029967458419090987,0.5830049278082985,0.4773964111808251,8.178117543945074,8.178117543945074,8.088888888888889,8.181818181818182,-0.4669872417589535,-5.203448878845351,-1.7785857572718156,-22.037182350455726,74.28026427962489,0.3738551207327228,1.5396556590460064,2.0882352941176467,0.5696202531645569,0.2778457772337821,0.2643140079222181,0.027777777777777683,0.4167938931297708,1.7385159010600706,0.12500000000000022,0.6489776622148682
27,2005-12-31,0.028946770204776092,-0.03372900283929803,0.009007937113250096,0.0854584414058861,0.1176041654177462,-0.19730247098164175,-0.767646731143662,-0.767646731143662,-0.7701711491442542,-0.7673267326732673,5.643692475927219,-1.7476199771517806,-0.2473429951690821,-1.0360808325418982,-0.03560154580071628,0.008787878787878789,-0.15603467437208274,-0.01746031746031751,0.11895161290322576,-0.3572796934865901,-0.6866989461691826,0.0270270270270272,0.08566810344827602,-0.01677419354838705,0.0,-0.1098050458715596
28,2006-03-31,0.02141459360821063,0.012551827741612342,0.0016186040698922266,-0.037580760322518884,0.08544251947616233,0.017366331668144053,0.4207299670064959,0.4207299670064959,0.4361702127659577,0.4148936170212767,-0.3028616888490606,-0.4199863886760633,-24.35087719298245,1.9902982107355864,-0.11038926726162512,0.036948032442174934,-0.0870424018962338,0.035541195476575194,0.09549549549549564,-0.07302533532041733,0.005454545454545601,0.02631578947368407,0.06302729528535966,0.03871391076115471,0.0,0.052093397745571535
29,2006-06-30,0.0212323360534441,0.04265340498282444,-0.0010914965401144228,0.0527083791084515,0.095328244823512,-0.05439258820474535,-0.14875528341610011,-0.14875528341610011,-0.5703703703703704,-0.5714285714285715,0.28943571447309746,0.09468813649378638,-0.8893368272525699,-2.1230486929234367,0.13935592023416274,0.2778099652375434,-0.0620222126063753,0.056162246489859464,0.09375,0.16559485530546625,0.18173598553345394,0.02564102564102555,0.07236227824463115,0.07201516108654449,-0.012345679012345734,-0.009489553837912279
30,2006-09-30,-0.0023567262327165443,-0.10948369170816108,-0.010328292793363336,-0.008710961815415974,0.015519309108150468,-0.09537115599353396,-0.5224762588026507,-0.5224762588026507,-0.5172413793103448,-0.5263157894736841,-0.5411529541015625,0.168701420395176,6.707733068388807,-4.0712289841345015,-0.37564551492033693,-0.04126048515075942,-0.5066892203598339,-0.4785819793205317,0.01954887218045109,-0.12275862068965515,-0.13159908186687075,0.02500000000000013,0.01784936874183729,-0.417796110783736,-0.11250000000000004,-0.10167658193618168
31,2006-12-31,0.06967717588537847,-0.02583025830258301,0.13526928256118942,-0.08331970928763577,-0.1387985760686149,0.130806590842258,1.528683825564385,1.528683825564385,1.464285714285714,1.592592592592592,1.4968685222750602,0.17864723933457927,-0.7292843792295959,-1.0641027618004903,0.038567697581748835,0.4095530858358951,0.09975062344139653,0.07932011331444766,-0.13864306784660774,0.38207547169811296,1.6590308370044051,0.024390243902439046,-0.1946107784431138,0.11437246963562765,-0.02816901408450712,0.06269889051346
32,2007-03-31,0.023010305593950783,0.059984953460703976,0.011079402948141805,-0.010606330831049893,0.07138294669329204,-0.04035261747274732,-0.114559554707777,-0.114559554707777,-0.10144927536231874,-0.12857142857142856,-0.1859400665926748,-0.2742995570998605,2.2459328624712325,-1.7001443348568681,-0.0260001875979865,-0.43214225801040096,-0.033446712018140534,-0.05380577427821531,0.07363013698630128,-0.3401592718998861,-0.4913850231941683,0.023809523809523725,0.04726500265533717,-0.009082652134423276,-0.043478260869565084,0.07138232437682103
33,2007-06-30,0.0205566545562752,0.01669053140654797,-0.011334855406385349,-0.0725411526286609,0.13981541790982055,0.15823358118850295,0.3518832441595592,0.3518832441595592,0.3548387096774193,0.36065573770491793,0.4784721351170058,-0.07275130491078052,0.10415138624028164,-16.193781137261634,0.40558648457778057,0.2440177252584932,0.09912023460410556,0.08876560332871009,0.13875598086124394,0.1586206896551725,0.2762214983713356,0.023255813953488413,0.11663286004056815,0.08065994500458308,0.015151515151515138,0.09616256232059216
34,2007-09-30,0.02768206645136906,-0.2913901236998125,0.04887706280654247,0.3829337675991011,-0.046426889899159766,-0.1807758127845525,-1.0351626533957692,-1.0351626533957692,-1.0357142857142858,-1.036144578313253,-0.4778183937470261,2.5292586073979257,-3.566139674947965,-3.575771966125075,-0.7432472553465685,-0.08620280218475429,-0.12646744930629672,-0.15541401273885358,-0.04201680672268904,-0.19791666666666666,-0.18478815722307296,0.02272727272727271,-0.07220708446866486,-0.13146734520780326,-0.029850746268656688,-0.487630073737165
35,2007-12-31,0.021668672781449242,-0.021768236016822318,0.032653776717926464,0.08216561526790711,-0.021824947745295087,0.05788045731342172,-2.2605869242199113,-2.2605869242199113,-2.333333333333333,-2.0,-0.37839155158407795,-0.5856829038094571,-0.3441221136920581,-0.8373857046912107,-0.4707354884619295,-0.12422037422037413,-0.3323152107513746,-0.3273001508295625,-0.027777777777777683,-0.0853432282003711,0.0,0.03174603174603185,-0.04258443465491935,-0.3046875,-0.030769230769230767,-0.09603227975790184
36,2008-03-31,0.0289430404520552,0.17711646698040706,0.037278961642693835,0.1019788527514347,-0.0011997506626625356,0.1165780209396956,10.062619714159425,10.062619714159425,9.25,12.666666666666664,0.6601854587604263,-0.20915276492882506,-0.552249016589704,-1.5702254015386692,0.5071666946771987,-0.10801186943620188,-0.15462031107044827,-0.16143497757847525,-0.0015037593984963404,-0.08316430020283982,0.3074514715090795,0.030769230769230882,-0.02914110429447847,-0.1671348314606742,0.0,0.06829340871894063
37,2008-06-30,0.03185211241918351,0.061686022436028935,0.03686601547789081,0.09777616673571132,0.020395527642250944,0.1805200388795893,0.3453557443861379,0.3453557443861379,0.3414634146341464,0.3170731707317074,1.2169713812434546,0.6403023842317441,-3.0760709878356938,-1.3591175913652718,-0.1208442851453604,0.13339986693280115,-0.216991341991342,-0.24866310160427815,0.01807228915662651,0.13495575221238942,0.3160919540229885,0.029850746268656806,-0.011058451816745809,-0.25632377740303536,0.015873015873015817,-0.032869080779944215
38,2008-09-30,0.017370947933126324,-0.11902084665678092,-0.02741642386956189,-0.03990201388787229,0.1656894516527012,-0.031208295344934637,-0.10848216053538197,-0.10848216053538197,-0.10909090909090913,-0.09259259259259267,-0.3415389460424102,0.1579139076656455,-1.620561303197135,4.9170841022937,-0.8133323669571835,0.15115937775168775,0.4768486523842432,0.5017793594306049,0.1775147928994083,0.13060428849902528,0.5021834061135371,0.02898550724637672,0.14589989350372745,0.4308390022675737,0.046875,-0.08251728110599077
39,2008-12-31,0.0991281934810686,0.3080145663789997,0.12729226594945686,0.2805929690808979,0.013454627367399665,0.059334791570412326,0.9579585581984142,0.9579585581984142,1.0,0.979591836734694,0.6234356317257872,0.2484842665041937,2.6269072000364906,-3.856283556486288,12.445156280333915,0.21978582355940854,0.5465605989705196,0.5497630331753554,0.017587939698492372,0.03620689655172416,-0.21172480620155046,0.028169014084507005,-0.0780669144981413,0.5071315372424723,0.02985074626865658,0.0215036885889186
40,2009-03-31,0.004996840087820864,0.015433811675784169,-0.03308309246728292,-0.1017635307658724,0.14494931222887364,-0.01928121720881426,0.11057610508047766,0.11057610508047766,0.10204081632653073,0.11340206185567014,-0.27855537776340034,-0.3236464999827605,-1.3881304667702117,-1.5222447546993214,-0.4834021601016518,0.440426421404682,0.1718608169440241,0.2262996941896023,0.14444444444444438,0.41597337770382703,-0.12138905961893055,0.027397260273972712,0.1391129032258065,0.2218717139852786,0.0,0.13045482483097715
41,2009-06-30,-0.0067483546945055215,-0.07286701274677232,-0.02490310325587952,-0.06808454230797556,0.0454839229928381,-0.12158841305566105,-0.4212052967281009,-0.4212052967281009,-0.4166666666666667,-0.4259259259259259,0.2669789414684922,-0.25050095485328194,0.4350657766832999,-1.548949325686635,0.5136747956117671,0.3527789870846032,-0.06093467596178659,-0.004987531172069848,0.0453074433656957,0.18213866039953008,0.05876180482686255,0.026666666666666616,0.05265486725663715,0.052495697074010465,-0.05797101449275355,-0.005165148837841582
42,2009-09-30,-0.005214276976608256,-0.10394038462368982,-0.01469115869650339,-0.05221391949728471,0.02495092202601179,0.0223732328256574,-0.22912677895516986,-0.22912677895516986,-0.2380952380952381,-0.22580645161290325,-0.4882167436628263,-0.11684594939622885,-0.22021269389690445,-3.0652138426379367,-0.7008429430067121,-0.2036043767431882,-0.056915039868023036,-0.02506265664160401,0.023735810113519214,-0.2385685884691849,-0.22398414271556003,0.025974025974025983,0.03026481715006302,0.012264922322158478,-0.030769230769230767,-0.05451564421369026
43,2009-12-31,0.05553593370184773,0.13386847628847587,0.07735112753963347,0.1911096955578493,-0.004681855149566871,0.13113090066211866,0.63888062263935,0.63888062263935,0.6666666666666667,0.6041666666666667,0.3413208036452995,0.3649192234551153,-1.6711692147324533,-1.4374316615948044,1.02478242083822,-0.5726023706896551,-0.10145772594752198,-0.06940874035989697,-0.006048387096774244,-0.5822454308093994,-0.571306939123031,0.025316455696202445,-0.05711954304365574,-0.05654281098546032,-0.015873015873015928,-0.048121387283237116
44,2010-03-31,0.2781943616907394,2.1802694052087275,0.03275575424466437,0.13311834219290966,1.0915606861310927,0.0016299931666292624,-0.299743695395596,-0.299743695395596,-0.3125,-0.2987012987012987,-0.1985472489332223,0.15297508214082645,40.09087771522249,53.6122571901822,27.640343256054997,0.5540497951465491,-0.3640493186242699,-0.2403314917127073,0.6784989858012171,0.5625,0.6603773584905659,0.024691358024691468,0.6365209865858934,-0.18065068493150693,-0.06451612903225812,1.8067405495673297
45,2010-06-30,0.18365641257679832,-0.6512088555401256,0.4715520257623571,-0.006532172524968183,-0.18797257631510034,0.039745657468186917,-0.3351085579790364,-0.3351085579790364,-0.4545454545454546,-0.46296296296296297,0.9053012463385216,16.960616167624096,0.3620790663393758,-2.017257086136539,-0.9817387588231444,-0.1890083147434597,-0.21581632653061225,-0.21090909090909093,-0.18851963746223568,-0.516,-0.007775119617224769,0.02409638554216853,-0.3138551031200423,-0.14524555903866246,-0.08620689655172398,-0.6489073993942016
46,2010-09-30,0.0028804532750472678,-0.04127340867026108,-0.004601686196141763,-0.04248210558126775,0.02430238512845317,0.046493302423630034,0.130722385552289,0.130722385552289,0.10000000000000007,0.13793103448275867,0.12466689978657475,-0.9541836735977116,-1.0667619132775368,-0.9898460124009728,-0.545886398741002,-0.11927981995498882,-0.1392322706571243,-0.13364055299539168,0.023827252419955425,0.08264462809917372,0.02049427365883072,0.0235294117647058,0.021194605009633882,-0.0794621026894865,-0.056603773584905766,0.0012324757356338976
47,2010-12-31,0.029761064850511325,0.11415812566636795,0.0591906730523164,0.08112469672646405,-0.052089604227819615,0.005949782589845132,0.3857368372179404,0.3857368372179404,0.393939393939394,0.4242424242424241,-0.32353224976413075,0.32045710312268416,-1.308696781642373,-1.9189044898830816,1.1046078808882045,0.2135150482680297,-0.18216175359032494,-0.18617021276595747,-0.053090909090909084,0.1870229007633586,0.3083284111045481,0.02298850574712663,-0.07962264150943399,-0.1208499335989377,-0.07999999999999996,0.03062009539929212
48,2011-03-31,0.012686268548151249,0.10639763373470634,-0.003525607095748229,-0.017266493871580968,0.061601771723806875,0.0796097606977273,0.8394328984022745,0.8394328984022745,0.8478260869565215,0.7872340425531916,0.7245445396264394,-0.12346004074222915,-2.6332236226951418,4.513653265163839,2.8938525340001218,0.1813289658399626,0.3280961182994453,0.20261437908496727,0.059139784946236514,0.247588424437299,0.39864559819413103,0.022471910112359383,0.04838048380483806,0.2129909365558913,0.0,0.12570916691549727
49,2011-06-30,-0.0018507427472489453,-0.06711034013164296,-0.012669526867223444,-0.0561043739761864,0.02985288538009678,0.08363103829253493,-0.5972708679202078,-0.5972708679202078,-0.6,-0.5952380952380951,-0.17232862486329506,0.2690626383355468,0.6068242972462357,-2.066121537180852,-0.792325463017346,-0.009308774014656351,0.009046624913013224,0.013586956521739245,0.029731689630166706,-0.06443298969072164,-0.16333118140735958,0.02197802197802212,0.031677747360187684,-0.028642590286425906,0.04347826086956519,-0.011671087533156488
50,2011-09-30,-0.0031202058696587764,0.6526202372159708,-0.027902756727471445,-0.15628223650170858,0.06447763994411004,-0.041688917885445716,1.1623203763051793,1.1623203763051793,1.176470588235294,1.1470588235294117,0.26838293466282104,-2.0675713133364266,1.5204229968930822,-5.40819957302127,16.818281232323994,-0.11275489804078365,0.17448275862068985,0.1930294906166219,0.06408450704225355,-0.13774104683195598,-0.13541666666666674,0.021505376344086,0.06785443517816536,0.1692307692307693,0.02083333333333326,0.9588030059044552
51,2011-12-31,0.029815881677027086,-0.002072118776939913,0.020433123614617358,0.06561072428529324,0.05373674068933676,0.013457718161380859,0.1691637432841886,0.1691637432841886,0.16216216216216206,0.1643835616438356,-0.397703322893892,-2.0129325308726616,-0.9299483171989504,-1.2170092644909014,-0.2048302410676306,-0.11604326273096001,0.10980622431004106,0.1573033707865168,0.05228325612177365,-0.1693290734824281,-0.2646140116019634,0.02526315789473688,0.023429179978700757,0.13377192982456146,0.020408163265306145,-0.0635061999040899
52,2012-03-31,0.005581404632076348,-0.016460684191641928,-0.010467519516669688,0.008336232360052653,0.045204153552383934,-0.07485241938830556,-0.5031768344110206,-0.5031768344110206,-0.5,-0.5058823529411764,-0.16611797879375878,-0.1702907733603677,0.20369697703515355,-0.08641656420800314,-0.23533278685034176,-0.09380576089727256,-0.18941798941798935,-0.15533980582524276,0.04339622641509422,-0.1384615384615384,-0.2184466019417476,0.024640657084188836,0.03919528269164063,-0.14506769825918764,-0.020000000000000014,-0.024579370885150054
53,2012-06-30,0.00018141239833457945,-0.0996992074397276,-0.01064614982102252,-0.09075473706241056,0.025404386515291533,0.01942639668622137,0.5714535577595785,0.5714535577595785,0.5581395348837211,0.5952380952380953,-0.3966385749021727,-0.3199090546192964,-0.006001877682403456,-0.014894314827590072,-0.3031745866006759,-0.1285513361462728,0.0900783289817233,0.12873563218390816,0.02471368294153109,-0.1651785714285715,0.02795031055900621,0.02605210420841675,0.025367156208277786,0.16628959276018085,-0.020408163265306145,-0.009824508774561204
54,2012-09-30,-0.0032784839627189033,0.01779161656123951,0.0036740981238336796,0.04775252432012467,-0.01893105177763976,-0.2024067592216362,-1.0744276183554953,-1.0744276183554953,-1.0746268656716418,-1.0746268656716418,0.17153318937188988,-0.47545476817541493,-0.03214707370551528,-1.3530296420453238,0.15359602811090525,-0.0054874112330536295,-0.3089820359281438,-0.2973523421588594,-0.01941176470588224,-0.03208556149732622,-0.1283987915407856,0.0234375,-0.015624999999999887,-0.2453928225024249,-0.08333333333333326,-0.028629856850715837
55,2012-12-31,0.00910398154149128,-0.1002207510680938,-0.004850193786281376,0.040036679858019175,0.04136825182104165,0.1972883115002384,-14.186400422237858,-14.186400422237858,-14.2,-14.2,0.22040021206554306,3.0247735256054726,-1.2294716297225707,-7.799128483626549,-0.9052728201664372,0.07627393703343066,-0.1256499133448873,-0.1072463768115942,0.039592081583682985,0.09944751381215466,0.5199306759098787,0.04770992366412208,0.03174603174603163,-0.08097686375321334,-0.02272727272727271,-0.13481481481481486
56,2013-03-31,-0.006133340551968347,-0.06492261031489954,-0.011036158089947623,-0.02915941832558455,0.0047412711644923,-0.07150740733541118,-1.0104334136074662,-1.0104334136074662,-1.0151515151515151,-1.0151515151515151,0.3551822030045564,-0.4402195198607452,-6.096901579586878,-1.0152094891907404,0.1453514946521619,-0.024427020506634367,-0.26362735381565905,-0.2532467532467533,0.0028851702250434212,-0.06030150753768838,0.08494868871151673,0.0,0.011217948717948678,-0.23496503496503496,-0.023255813953488413,-0.036860129776496005
57,2013-06-30,0.012684153043302615,0.02339470195362336,0.012400939106549602,0.10436920600125353,0.01337004202351233,-0.05657392760770452,7.1924552429667505,7.008951406649617,4.0,4.0,-0.5336439540778289,0.008819134325521949,-5.629298527921806,13.742138364779874,1.8708596057147415,-0.02782071097372496,-0.5746971736204576,-0.5739130434782609,0.012082853855005736,-0.03208556149732622,0.3011035207566999,0.023679417122040025,0.0006339144215530278,-0.5502742230347348,-0.04761904761904756,-0.07336015720033684
58,2013-09-30,-0.0012433223178237587,-0.19649439416746275,0.005961135067579004,0.058093021723358174,-0.016763996680288495,0.012113291909129796,3.998751268243191,4.081510458246846,4.6000000000000005,4.6000000000000005,0.5634621225442396,-0.5962437495718884,-1.9794142259414227,-2.0847269624573377,-0.7068864855848092,-0.013036565977742498,-0.4272151898734178,-0.4285714285714286,-0.017055144968732283,-0.027624309392265237,1.2794830371567043,0.021352313167259718,-0.01552106430155198,-0.426829268292683,0.0,-0.24053317176613145
59,2013-12-31,-0.10547204255420717,0.22152106239796665,-0.27249958313857026,-0.2882732999618073,0.2648004820415521,-0.3728709504002703,-12.535980265109524,-12.608112991154892,-12.535714285714285,-12.249999999999998,-0.6433176048381737,-4.790183541686548,-0.205551027919449,-7.024345158499174,14.527838376173765,0.16623711340206193,7.613259668508288,8.535714285714286,0.2637362637362639,0.1875,1.0044294826364282,0.022648083623693305,0.4137709137709138,9.397163120567377,-0.10000000000000007,0.7161281744448875
60,2014-03-31,0.016746847173960692,0.009161644502736488,0.016408923974751355,0.044979736082452204,0.017177993519750908,0.2549601299047728,-0.8429990201226741,-0.8429990201226741,-0.8421052631578947,-0.8412698412698413,3.8172163219675803,-1.9385239022425136,-0.8845603381950247,-1.0435221152276808,-0.040721397593305286,0.06657458563535901,0.1051956382296344,0.20224719101123576,0.01372997711670476,-0.15311004784688986,-0.8785468045611243,0.011925042589437941,0.000455166135639562,0.2680763983628922,-0.02777777777777779,-0.03424498334237236
61,2014-06-30,-0.0015389562323713244,-0.15970335253585732,0.002279816912264421,-0.07406435869020045,-0.0064075335895247285,-0.032794615504466273,-1.2149513374654104,-1.2149513374654104,-1.215686274509804,-1.22,-0.34232762673236106,0.1617319609754353,-1.1433280779704744,11.502362559063974,-0.5307255632993406,0.13157213157213146,-0.06964596633778297,0.009345794392523477,-0.007674943566591374,0.11299435028248594,-0.042212518195050897,0.010101010101009944,-0.0050045495905367545,0.05433028509951576,-0.05714285714285705,-0.09249899719213794
62,2014-09-30,0.013166131896305,0.08095574109499082,-0.006554951914011231,0.15039689350777818,0.03852849342781672,-0.05627873731824151,-0.9340284740324843,-0.9340284740324843,-0.9090909090909092,-0.9090909090909092,0.3256305277206,-0.4875570574153472,-8.567499999999999,-1.4689430933326937,0.5303508307721534,-0.05516136415655748,0.012476606363069244,0.1049382716049383,0.03867151956323922,-0.045685279187817285,-0.03799392097264442,0.010000000000000007,0.025148605395519,0.18571428571428567,-0.06060606060606066,-0.06037835926449786
63,2014-12-31,0.003464051980832661,-0.11979895781057205,-0.005300467054930258,-0.07916040319384976,0.01424637731632794,0.05770752507302612,-45.78237082066871,-45.78237082066871,-33.0,-33.0,-0.7044303538276728,-0.4169658370009864,0.2381896266930954,-1.6213892797748497,-0.2153456018939276,-0.10489341085271307,-0.8059149722735675,-0.8044692737430168,0.013578624616732426,-0.13829787234042545,-0.17298578199052128,0.00990099009900991,0.01070472792149868,-0.8115318416523236,0.032258064516129004,-0.04412456486969607
64,2015-03-31,0.0018594280553729805,-0.2003137994598534,0.008335365451584309,0.6620634324685246,-0.0059538887444089425,-0.049240914216092335,0.07280057556300656,0.07280057556300656,0.0625,0.0625,1.6367929429966863,1.7472926667983475,3.2763073639274283,2.534215835632231,-0.9699529349281594,-0.17889039242219218,-0.23492063492063495,-0.2285714285714285,0.0004321521175452148,-0.1913580246913581,3.1394460362941743,0.009803921568627416,-0.007722859664607283,-0.2100456621004566,-0.03125,-0.5188976377952756
65,2015-06-30,-0.06614623598086344,-0.1192348351155874,-0.02521149676209566,0.09855690613757773,-0.11624457054884108,-0.2705206431712516,-8.633822599013032,-8.633822599013032,-8.764705882352942,-8.764705882352942,-0.7116740377457634,0.10255921326151984,-4.638473632983104,-1.027453675926627,0.8862354268522001,-0.08404746209624259,-4.651452282157676,-4.62037037037037,-0.11706263498920078,-0.08396946564885499,0.187355791416705,0.011326860841424093,-0.053813653546809004,0.0,-0.06451612903225812,-0.198240589198036
66,2015-09-30,0.01665727300631037,0.18132518240978104,-0.0035900728552201717,-0.1089326531264596,0.010913956848669136,0.2542596453595793,-1.1972149888695691,-1.1972149888695691,-1.196969696969697,-1.196969696969697,0.6716227503986636,-0.4054044092630815,-0.4079120652994033,14.486526628474431,7.276243644701426,-0.4364879453040662,-0.2477272727272728,-0.2583120204603581,0.010763209393346296,-0.3583333333333333,0.0,0.0016000000000000456,-0.005640423031727404,0.0,0.0,0.3258484307221228
67,2015-12-31,-0.0228391274813895,-0.17074153417808646,-0.03547271654411044,-0.09999769770675526,-0.0065425830969959575,-0.06389430153156628,-0.7444444444444445,-0.7444444444444445,-0.7307692307692307,-0.7307692307692307,-0.07724315877457577,-0.4569880937054468,-0.9891451045811828,-1.1430509124787636,-0.12576639082619645,-0.4163473818646232,0.16616314199395776,0.15172413793103434,-0.006292352371732757,-0.4285714285714286,0.0,0.0015974440894568342,0.016780902859844238,0.0,-0.0344827586206895,-0.07852193995381053
68,2016-03-31,-0.019582243280863776,0.4245722032449304,-0.016026009338627526,-0.0571145735979397,-0.02396774837745508,-0.26697658058724405,-4.2089719134381385,-4.2089719134381385,-4.071428571428571,-4.071428571428571,0.26461611169092025,-3.8185210878021794,-51.87833511205977,-34.91169428215688,4.878503127669542,-0.07221006564551424,0.52720207253886,0.5059880239520957,-0.025328787140769585,-0.06818181818181822,0.0,0.0015948963317384823,-0.004416550441655121,0.0,-0.1071428571428572,0.5106516290726819
69,2016-06-30,-0.08689103171277746,-0.5409802318998851,-0.07754256387467373,-0.27354629318247925,-0.1010456864073841,-0.4882849847989487,3.8151928832041984,3.8151928832041984,3.7674418604651163,3.7674418604651163,-0.2580386477943352,-1.0903992821893225,3.145984100014683,-1.9292460290562368,-0.7711801242236025,0.5872641509433962,-0.21882951653944027,-0.22067594433399595,-0.10144927536231883,0.6341463414634148,0.0,0.0,-0.015643240719122153,0.0,-0.07999999999999996,-0.3680353933360985
70,2016-09-30,-0.02240863007635241,-0.021520598966251137,-0.043168126976687586,-0.07046941102799342,0.005239725247103477,1.6087403778866343,-1.053945273589484,-1.053945273589484,-1.053658536585366,-1.053658536585366,0.7093253864153874,1.4357595809208714,-0.7227443252391204,-0.9471795027657892,-0.17801610226783848,0.2919762258543832,0.2649294245385452,0.2729591836734695,0.005561735261401468,0.4477611940298507,0.0,0.0,0.028462998102466882,0.0,0.0,0.052504922336469084
71,2016-12-31,-0.039884296618658666,0.2160045832807356,-0.006110332117800432,-0.1216808908639354,-0.08410945658713131,-0.4145709771479309,-13.075241665022688,-13.075241665022688,-13.090909090909092,-13.090909090909092,-0.4926425901029485,-4.764884826532345,2.36228102189781,0.1376949191553023,-0.2463892731192443,0.10638297872340408,0.7476394849785406,0.7314629258517036,-0.08462389380530966,0.09278350515463928,0.0,0.0,-0.04612546125461248,0.0,-0.08695652173913049,0.3845354396175431
72,2017-03-31,-0.01308931279365666,-0.01584951584232896,-0.016338256826647912,0.05620660968879188,-0.00910700440580825,0.6007702476385106,-0.8726796864533879,-0.8726796864533879,-0.8721804511278195,-0.8721804511278195,1.4818686703691606,-1.3293734755925692,-0.6833538666941651,-1.0400060691887518,0.013079785035138514,-0.10291060291060272,-0.02062868369351678,-0.02777777777777779,-0.011480362537764409,-0.018867924528301886,0.0,0.0,0.004110251450677005,0.0,0.09523809523809534,-0.06815793424410742
73,2017-06-30,-0.004256176431680858,0.3746728008893001,-0.042615217269066134,-0.1683397978947453,0.04823153602885166,0.2393600196934633,-5.350202740850999,-5.350202740850999,-5.352941176470588,-5.294117647058823,-0.567192702772537,-3.1013555144793594,-0.6994069554188163,299.7193426042984,3.882561290111971,-0.100231749710313,-0.8074222668004012,-0.8059523809523811,0.04828850855745714,-0.08653846153846156,0.0,0.0,0.05249217433180831,0.0,0.3043478260869563,0.6528113420331882
74,2017-09-30,-0.005055183313551703,-0.049358158598691526,-0.005936433259175145,0.04175663941345231,-0.003423281712056525,-0.2248034533091904,-1.1559848976461566,-1.1559848976461566,-1.148648648648649,-1.1506849315068493,1.0087184743796254,-1.4596208875640044,2.053684960798289,-1.056447035973582,-0.04488608822103735,0.0006439150032195863,0.3619791666666667,0.36809815950920255,-0.003498542274052441,-0.04210526315789465,0.0,0.0,0.0018302447952414085,0.0,-0.033333333333333326,-0.08743542255580461
75,2017-12-31,-0.22803491214722135,0.05863901262040794,-0.3822721482018436,-0.4865344016219635,-0.008121407049285656,0.0,-11.462690518512915,-11.462690518512915,-12.09090909090909,-11.818181818181818,-0.010458256695527357,1.7620470896783111,-3.753958621204765,-18.698294481269084,0.7821237067215479,-0.022522522522522515,-2.873804971319312,-3.0089686098654713,0.01989467524868349,-0.02197802197802201,0.0,0.4984076433121018,0.2847682119205297,0.0,0.0,1.0616321298867764
76,2018-03-31,0.1717153691917368,-0.5226485740829369,0.007357815630138821,-0.009074463581016934,0.11393679682473826,-0.2615201040395779,0.9070104538685098,0.9070104538685098,0.9508196721311476,0.9747899159663866,0.4696565285640615,0.8235492880636786,-1.8803339989354888,-2.7955141288109915,-0.837990286094739,-0.019749835418038098,1.397959183673469,1.558035714285714,0.14400458978772246,-0.0449438202247191,-0.8235522736105714,0.0,-0.04923569143263407,0.0,0.0,-0.5182633024195638
77,2018-06-30,0.010530237450827816,-0.2157495871667846,0.03749177804705006,0.08526952893840356,-0.008157926781686364,-0.1888229254290147,-0.9203621178892378,-0.9203621178892378,-0.9201680672268908,-0.9191489361702128,-0.2612400709493329,-0.501536318090556,-0.9741328517019482,-0.9352109441099472,-0.33511940841314103,0.08462055070517116,-0.1536170212765957,-0.11256544502617792,0.014042126379137264,-0.047058823529411715,-0.5726872246696035,0.0,-0.01850813236118909,0.0,0.0,-0.27737147773714765
78,2018-09-30,0.0001557063451431695,-0.01194124319277068,-0.0027196114660434922,0.1236970805762636,0.0004091625489317519,-0.012429001999383238,1.9758889893844909,1.9758889893844909,2.1052631578947367,2.1052631578947367,0.2489639333994467,-1.254219662427006,44.47997617984218,-0.5596151063521921,-0.22196696203916425,-0.0012383900928791824,0.15837104072398198,0.2133726647000982,0.046983184965381015,-0.012345679012345734,0.14948453608247414,0.0,0.00019047619047607436,0.0,0.0,-0.12070248548891215
79,2018-12-31,0.046672228018003636,0.5909619928013066,0.11081833937353047,-0.02018001071670794,0.0044991792257347285,0.09651596722450816,-0.18477313263322914,-0.18477313263322914,-0.1694915254237288,-0.2542372881355932,-0.18256167228748502,-6.7345907526006,-1.2904818176759227,1.0924921964843106,-0.5969722534683164,-0.1673899566026038,-0.2005208333333333,-0.220421393841167,0.031176192725554937,-0.2125,-0.30269058295964124,0.0,-0.04037326223576465,12.303468208092484,-0.27586206896551724,0.6237305348679758
80,2019-03-31,0.02155346088357191,-0.27252105898908874,0.08321637225328993,0.12528323533629715,-0.026430972309662067,-0.3605975359107141,-1.8568583397922045,-1.8568583397922045,-1.8979591836734693,-2.0,0.5779431913457802,-0.05320882972851715,-1.096304894127723,-1.2659181910968047,0.3938830096522852,-0.1355174981384959,-0.7703583061889251,-0.7765072765072765,-0.01191021530004577,-0.15873015873015872,0.045016077170418,0.0,-0.04683468942250446,-0.7393004562242016,-0.1428571428571429,-0.3534869175440426
81,2019-06-30,0.04207825108252927,0.2606489371612699,0.06420688001110841,0.059048929897450364,0.026128018108353638,1.1730051610632437,-2.8603455580109234,-2.8603455580109234,-2.9318181818181817,-2.9090909090909087,-0.18347848061894945,0.11800280910367775,-10.895155628364147,0.2753173900206673,0.3603787752377774,-0.2325581395348837,0.6619385342789599,0.6186046511627907,0.06907742234585057,-0.2264150943396227,2.5138461538461536,0.0,-0.015407037268374004,0.4666666666666666,0.11111111111111116,0.1902612060625604
