,Quarter end,Assets,Current Assets,Liabilities,Current Liabilities,Shareholders equity,Revenue,Earnings,Earnings available for common stockholders,EPS basic,EPS diluted,Cash from operating activities,Cash from investing activities,Cash from financing activities,Cash change during period,Cash at end of period,Price,ROE,ROA,Book value of equity per share,P/B ratio,P/E ratio,Cumulative dividends per share,Equity to assets ratio,Net margin,Asset turnover,Current ratio
0,1993-11-30,0.014822384266840238,-0.0018532680857852317,-0.03172079485838286,-0.015122079915575347,0.04588135681083783,-0.0030666574204634145,-0.03821796759941088,-0.03821796759941088,-0.0344827586206895,0.0,-0.26828874631804056,-0.6505772646536412,0.6981399110392237,-1.6954901229966457,-0.2895532052665659,0.11583421891604685,-0.0038440417353102774,-0.009708737864077666,0.04347826086956541,-0.047337278106508895,0.10732414793328493,inf,0.030510170056685437,-0.005882352941176339,0.0,0.01345852895148658
1,1994-02-28,0.014822384266840238,-0.0018532680857852317,-0.03172079485838286,-0.015122079915575347,0.04588135681083783,-0.0030666574204634145,-0.03821796759941088,-0.03821796759941088,-0.0344827586206895,0.0,-0.26828874631804056,-0.6505772646536412,0.6981399110392237,-1.6954901229966457,-0.2895532052665659,0.11583421891604685,-0.0038440417353102774,-0.009708737864077666,0.04347826086956541,-0.047337278106508895,0.10732414793328493,inf,0.030510170056685437,-0.005882352941176339,0.0,0.01345852895148658
2,1994-05-31,0.024581441471250853,0.04094631055456843,0.02681771017190293,0.11393329842804435,0.023199870469317485,0.0,0.0,0.0,0.0,0.0,-0.26828874631804056,-0.6505772646536412,0.6981399110392237,-1.6954901229966457,0.2834573902476074,-0.005714285714285783,-0.0038440417353102774,-0.009708737864077666,0.0185185185185186,-0.047337278106508895,0.10732414793328493,inf,-0.00129428895000816,-0.005882352941176339,0.0,-0.06551111797405795
3,1994-08-31,0.014418936590967046,0.019223040554880774,-0.01118866548598807,-0.02824537624065415,0.030295299239145868,0.09778567840166953,0.05351810734246998,0.05351810734246998,0.03571428571428559,0.0,0.10069482739605153,0.004701995170923956,0.3936182878914156,-0.8129689174705252,0.04130666351047463,0.005747126436781658,-0.0038440417353102774,-0.009708737864077666,0.03636363636363616,-0.012422360248447341,0.10732414793328493,inf,0.015713591446622432,-0.005882352941176339,0.0,0.04882885115875557
4,1994-11-30,0.03582679099564712,0.006012139471002653,-0.013227485355472246,-0.007221597300337446,0.06501521786147513,0.06726416356301533,0.14505813953488378,0.14505813953488378,0.1724137931034484,0.0,-0.45706412825651294,-0.1262332405767771,-0.7038017941050834,0.3237822349570201,0.05251193453057512,0.07904761904761902,-0.0038440417353102774,-0.009708737864077666,0.05701754385964919,0.041928721174004265,0.10732414793328493,inf,0.02807017543859636,-0.005882352941176339,0.0,0.013352239158690882
5,1995-02-28,0.1075534627468242,0.044330527993940105,0.2200287207520779,0.03286954157130228,0.04554484585387386,-0.0024671649372324245,-0.02798933739527798,-0.02798933739527798,-0.029411764705882363,0.0,1.137399649349451,7.4638100752750445,-12.301701759446207,7.393939393939394,0.4187904967602592,0.06266548984995568,-0.0038440417353102774,-0.009708737864077666,0.045643153526970785,0.006036217303823088,0.10732414793328493,inf,-0.056003723239217984,-0.005882352941176339,0.0,0.011077425373134496
6,1995-05-31,0.021230345999482703,0.018086896383042502,0.014439674976043369,0.04226680854331444,0.0255988740323716,0.12588531712704265,0.1695723147241266,0.1695723147241266,0.15151515151515138,0.0,-0.08086171912101192,-0.6802182390367381,-1.2308654263328485,-2.6640020629190304,-0.4911706500228346,0.024916943521594792,-0.0038440417353102774,-0.009708737864077666,0.023809523809523725,-0.01999999999999991,0.10732414793328493,inf,0.004272801972062368,-0.005882352941176339,0.0,-0.02318071733364091
7,1995-08-31,0.03934543368540755,0.07893646809321431,0.032535790231930095,0.06252894371237327,0.04367850163581677,0.000528625046254616,-0.09066547565877624,-0.09066547565877624,-0.07894736842105265,0.0,0.4458431188351339,0.6041076108466599,-1.0056378509838602,-1.130326979699365,0.12580403889304415,-0.0016207455429497752,-0.0038440417353102774,-0.009708737864077666,0.042635658914728536,-0.02448979591836742,0.10732414793328493,0.0,0.004254622811323827,-0.005882352941176339,0.0,0.01542699724517904
8,1995-11-30,0.03070018301008015,0.04342384606820504,-0.005267775085637916,0.0070428813408218716,0.0533427304619496,0.07059873314430297,0.15710952848722992,0.15710952848722992,0.14285714285714302,0.0,-0.4745630563316223,-0.4685916244331821,-23.490196078431374,-2.0832342449464925,-0.12104703693861285,0.1566558441558441,0.004961411245865355,-0.0008912655971478056,0.052044609665427455,0.10878661087866104,0.10732414793328493,0.0,0.021997718755091933,0.0,0.0,0.036121230912332436
9,1996-02-29,0.02953992806825534,0.0581588726590383,-0.0023391665511781623,0.031328690588605664,0.0484917936196454,0.003333899950101138,-0.017138006048707966,-0.017138006048707966,-0.025000000000000026,0.0,1.0657227649313712,0.6946291881039026,0.2746294681778554,-6.422612513721187,0.7467876039304611,0.0792982456140352,0.003291278113000562,0.016949152542372836,0.04946996466431109,0.024528301886792336,0.034708578912901134,0.0,0.01833545918367352,0.0,0.009009009009008915,0.02603426348470128
10,1996-05-31,0.01708675081023281,0.034440553969617316,0.00716865491955776,-0.021507119762706358,0.022697129522698308,0.06265268312410854,0.1619520621895918,0.1619520621895918,0.17948717948717952,0.0,-0.040465714884319486,-0.2118923321855678,8.071135430916552,-1.5038461538461538,-0.2154045867589788,0.11638491547464234,0.00874794969928927,0.021052631578947437,0.01683501683501687,0.06445672191528562,0.07246835443037969,1.1428571428571428,0.005479881008298104,0.015779092702169484,0.008928571428571175,0.05716368939117732
11,1996-08-31,0.03215942293371943,0.055703827201161626,0.0014419158673437682,-0.002807181706532491,0.04927158978991697,-0.008511579347976972,-0.08488199219475934,-0.08488199219475934,-0.08695652173913049,0.0,-0.19105399419819705,0.09005919383632444,-0.9833358467802744,-2.008437123342708,0.27685859254356937,0.02213162492719856,0.0021680216802169028,0.017182130584192382,0.04966887417218535,0.00519031141868509,-0.028917084685748162,0.0,0.016661476175646284,0.01359223300970891,0.0,0.05865921787709505
12,1996-11-30,0.044434850761080114,0.0645389303157855,0.028972079629397737,0.1044122534357712,0.05265622122269842,0.08186279086655679,0.15235822714118896,0.15235822714118896,0.1428571428571428,0.0,0.12562659057607786,0.13662026462095422,14.235294117647056,-1.2183266932270915,-0.04733932273669661,0.11623931623931627,0.004867495943753353,0.017736486486486402,0.05047318611987395,0.0636833046471601,0.06927985414767558,0.0,0.007811303415530491,0.014367816091953813,0.008849557522123908,-0.036092380859311435
13,1997-02-28,0.028998212058961807,0.02766910726676719,-0.006160972127583597,-0.00017700994795910582,0.04727133217675794,0.00663572551877567,-0.010749845801392157,-0.010749845801392157,-0.02083333333333337,0.0,0.14497122499314874,0.3599893830811816,-0.8271458271458272,4.5200729927007295,-0.2743017772941603,-0.01939765186319542,0.0043057050592034685,0.015767634854771728,0.03003003003003002,-0.06634304207119747,-0.06422279056550151,0.0,0.017781155015197614,0.012275731822474212,0.0,0.027846304619647988
14,1997-05-31,0.026927385296429133,0.03603079206624082,0.018013900168548647,0.027999079385312653,0.03132359394058937,0.0890251105014479,0.15752204506992062,0.15752204506992062,0.14893617021276606,0.0,-0.16565940641455246,-0.8277804109627234,25.618556701030933,-3.0555371900826445,0.7769586405098088,0.0010411244143675447,0.006966773847802976,0.01879084967320277,0.026239067055393583,-0.02772963604852674,-0.042818098997874254,0.6666666666666667,0.004330297147976836,0.00839552238805963,0.008771929824561429,0.007825086306098905
15,1997-08-31,0.029841577374271955,0.034384437109347576,-0.003916663660015972,-0.0034185531856265605,0.046276562524396166,0.02999435801664596,-0.07437189796468012,-0.07437189796468012,-0.07407407407407418,0.0,0.002904579194606738,3.4961955641897364,-0.8689000774593338,-1.295271791572853,-0.12910484494761265,0.1388455538221527,0.0031931878658859607,0.01443464314354448,0.042613636363636236,0.10873440285204984,0.09137055837563456,0.0,0.015908415105560625,-0.0018501387604070718,0.01739130434782621,0.03794082145303879
16,1997-11-30,0.0489945281222397,0.06559482910799397,0.04375981003742901,0.09552076312924472,0.051420758197829874,0.0699912102284066,0.16285643029345742,0.16285643029345742,-0.42,0.0,-0.0821653318077803,-0.5080473841500739,3.1221073362875438,-2.979847494553377,0.29350020185708514,0.14703196347031966,0.011140583554376526,0.02134387351778666,0.04632152588555849,0.09967845659164,0.10087209302325584,0.0,0.002341577637933412,0.005560704355885182,0.01709401709401703,-0.027313301483530283
17,1998-02-28,0.05950575701461491,0.02323583982383881,0.14589944590754333,0.0943536111176837,0.01975506206832933,0.04307019493301168,-0.010794967114669762,-0.010794967114669762,-0.0344827586206895,0.0,0.6168289832489287,2.5702261582375763,-1.8517677974199716,-1.0398899587345254,-0.00905118601747812,0.09992038216560496,0.014165792235047325,0.009287925696594312,0.01822916666666674,0.05263157894736836,0.04726696593609714,0.0,-0.03752372609140009,-0.004608294930875556,0.016806722689075567,-0.06501437942288435
18,1998-05-31,0.1672846167696329,0.2667995068308904,0.22263536363361047,0.1458645641143912,0.13866677801206695,0.70442137142031,0.5591891305918912,0.5591891305918912,0.3928571428571428,0.0,-0.4319101773323053,-0.5518450184501845,-1.9838732295610717,35.5448275862069,-0.1989291338582677,0.15237061165399934,0.09156751163993793,0.07745398773006151,0.0639386189258313,0.13055555555555556,0.11497730711043876,0.48,-0.024575242718446574,-0.05092592592592593,0.1322314049586779,0.1055469155002593
19,1998-08-31,0.03243155085888105,0.02296888916852313,0.003941168699634456,0.1324163002937273,0.048248106928732604,-0.20902485574293786,-0.21527729495469186,-0.21527729495469186,-0.17948717948717952,0.18518518518518512,1.0505131902621088,0.4948538493207082,0.4938711516533638,-1.97886393659181,0.4078792167964143,-0.017273869346733698,0.014691943127962181,0.0035587188612098424,0.04567307692307687,-0.0761670761670763,-0.11555857078245135,0.0,0.015396578538102725,-0.017560975609756113,0.02189781021897796,-0.09662696551939733
20,1998-11-30,0.049632391425575184,0.04125062706257943,0.022501480360550108,-0.01605718602119477,0.06405760345154278,0.03663661121223672,0.17542823390431184,0.17542823390431184,0.1875,0.15625,-0.4741969512069001,0.05303099850056614,-0.5733231561873867,-3.5955272797378064,-0.7519548704200179,0.11473314157877935,0.02055114432508165,0.013475177304964614,0.05977011494252892,0.0664893617021276,0.05343901815392482,0.0,0.013631490274161441,0.0019860973187686426,0.014285714285714237,0.058239324520728004
21,1999-02-28,0.03815677578100485,0.02994582321941142,0.00816925122793477,0.012170270895779378,0.05347813341588848,-0.018574730417312058,-0.04844221105527635,-0.04844221105527635,-0.05263157894736848,-0.054054054054054064,1.5698438299044095,0.22277112635127286,-1.1267889087656529,-2.769070786600312,5.362981310515648,0.258887614678899,-0.002745995423340864,0.002799160251924393,0.052060737527114716,0.18703241895261846,0.1842233009708736,0.0,0.014808099123602148,0.001982160555004775,0.0,0.017559922827899754
22,1999-05-31,0.2294398077354687,0.1371351045221232,0.4264648393350548,0.18285752527759347,0.13310439524717246,0.8568226704835453,-0.2763255175327418,-0.2763255175327418,-0.4166666666666666,-0.4285714285714285,-0.02084864070536374,0.19611198250867434,-48.2610229276896,-1.5525884872150146,-0.4407601387217779,0.010931450694602772,-0.16567232675539245,-0.17585484996510825,0.07835051546391769,-0.03886554621848737,-0.04570608731297388,0.4054054054054055,-0.07832042882668255,-0.21562809099901087,0.04929577464788748,-0.03865929686997893
23,1999-08-31,0.015190173729842991,-0.006918997297020391,-0.04435350814232053,-0.04066064112175094,0.051841642921979236,-0.3167307048784569,0.5749626007954172,0.5749626007954172,0.8571428571428572,0.8999999999999999,-0.06764531157177256,-0.4327240214583747,-0.4368399447699369,-2.215485145505661,1.0122761500980828,-0.12615453931065554,-0.007700770077007645,-0.012701100762066098,0.051625239005736116,-0.18907103825136615,0.0077319587628865705,0.0,0.036025848142164696,0.007566204287515755,-0.020134228187919437,0.03516630452950032
24,1999-11-30,0.040135656026470734,0.06960061578016008,0.008372935053179377,0.047662343406742025,0.057898819440125975,0.018527466520907417,0.11977296420711216,0.11977296420711216,0.10256410256410242,0.13157894736842102,-0.18925535304079544,0.676403628594445,-0.6117553508713802,-1.3356879414890293,-0.1688679245283019,-0.07605052848672322,-0.014412416851441234,-0.016295025728988,0.05272727272727274,-0.12129380053908355,-0.11871270247229325,0.0,0.0171526586620927,0.0050062578222778145,-0.020547945205479427,0.020925501340136377
25,2000-02-29,0.0385580179810503,0.06355664366792779,0.013223162879960393,0.04635245882413641,0.0520631266958107,0.01734467606456169,0.015040860659977229,0.015040860659977229,-0.32558139534883723,-0.32558139534883723,0.4136540370615487,0.05423813801892896,-0.4005803038061102,-3.678212290502793,0.5441543700340523,-0.1593191964285715,0.0,-0.0017436791630339732,0.051813471502590636,-0.2024539877300613,-0.19637243047158412,0.0,0.01303081404261852,0.012453300124533051,-0.013986013986013957,0.016447888660445775
26,2000-05-31,0.024262185500983247,0.006537534319962512,0.02813467218858534,0.05532342234097887,0.02227410986391254,0.06521862979475834,0.07669887081651794,0.07669887081651794,0.10344827586206916,0.06896551724137945,0.19509019355405036,-0.40416972195247625,10.461560364464694,-0.2094284522319566,0.2785945310202882,0.20511118486558266,0.10179977502812143,0.11790393013100432,0.016420361247947438,0.14615384615384608,0.13421606981643094,0.3653846153846152,-0.0019673123486684267,0.2509225092250922,-0.1063829787234042,-0.04621129609460084
27,2000-08-31,0.013570751930954916,-0.00308120919788768,-0.05142200250340778,-0.10182164219684607,0.04712832589876448,0.03391384959135402,-0.03740653099858027,-0.03740653099858027,-0.0625,-0.03225806451612912,-0.6533762608951131,0.3619823715283552,-0.7754204655553624,-2.9061565523306947,-0.4153347897742517,0.1688240154227485,-0.004594180704440953,0.010937499999999822,0.045234248788368125,0.15100671140939606,-0.012204828867073523,0.0,0.033055344958301765,0.004916420845624492,0.007936507936507908,0.10991843393148447
28,2000-11-30,0.04240760867530735,0.06100129718997783,0.01888103810469155,0.07905441198728624,0.05341178086582277,0.032747782871834774,0.11178194261440733,0.11178194261440733,0.13333333333333353,0.10000000000000007,0.8007769733356878,-0.013627039171632329,-0.2331858407079645,-1.1691966963502975,0.12019404110262545,0.07681432610744587,-0.003076923076923199,0.010819165378670892,0.054095826893354015,0.029154518950437188,0.03438087563792647,0.0,0.010568031704095038,0.003913894324853118,0.007874015748031482,-0.01672594726476373
29,2001-02-28,0.032426906587549535,0.020227434145523304,-0.004561691399847412,0.006780983439847788,0.04916060475402317,-0.004320547924875573,-0.0287088956892434,-0.0287088956892434,-0.058823529411764726,-0.03030303030303028,0.3384455470787817,0.4384253528101014,-0.2577899596076169,0.3643305154076901,0.14638927902621712,-0.02078774617067836,-0.014917695473250947,0.0,0.04692082111436946,-0.07082152974504252,-0.055310309010646486,0.0,0.0162672476397967,-0.0029239766081871066,0.0,0.01336322869955153
30,2001-05-31,0.015810883903368822,0.0528053144402858,0.00552459525873128,0.09237869255719787,0.020226132318726275,0.0488948675573806,0.09559278819887096,0.09559278819887096,0.125,0.09375,0.4566128417782727,-0.6217942097834693,7.336248785228378,5.904857085748551,0.8817223512596033,-0.06703910614525144,-0.0073107049608355235,0.0076452599388379125,0.016806722689075567,-0.1082317073170732,-0.08933479934029688,0.3098591549295775,0.004287551807917732,0.006842619745845546,0.0,-0.03622739475469805
31,2001-08-31,0.018859460890845003,0.023227640391864982,-0.046654981964220237,-0.10058468810655907,0.04657540921697545,0.0029024843418608004,-0.06015724995428784,-0.06015724995428784,-0.08333333333333326,-0.05714285714285705,-0.39210123933687424,2.0678560050971653,-0.9535322919095358,-1.2597481545809814,-0.12171070479084155,0.0,-0.015781167806417695,-0.0015174506828528054,0.04545454545454541,0.0,0.0,0.0,0.02718087377259137,0.004854368932038833,-0.0078125,0.13765343291805676
32,2001-11-30,0.05037277274585916,0.0973925402016671,0.06735117980854044,0.1822915281876756,0.04382988893924256,-0.013198724760892677,0.025557127697205532,0.025557127697205532,0.03030303030303028,0.03030303030303028,0.991262617905014,0.10491025070464333,3.6773707977922734,-5.070879304580409,0.5641302837021822,0.0,-0.03206841261357552,-0.022036474164133683,0.04347826086956519,0.0,0.0,0.0,-0.006234413965087171,-0.000966183574879098,-0.02362204724409456,-0.0718129473174407
33,2002-02-28,0.012352289010393092,0.017830426785079956,0.018892450377603787,0.11833450148611525,0.009775147084405631,-0.02092262738087547,-0.041407260498404715,-0.041407260498404715,-0.029411764705882363,-0.058823529411764726,-0.1687248612172988,0.1980612765500389,1.7694700708002573,-1.411246167323697,-0.1483229494761994,0.0,-0.026504693539480928,-0.020979020979021046,0.010101010101010166,0.0,0.0,0.0,-0.0025094102885822034,-0.0019342359767892112,-0.016129032258064502,-0.08986288662782271
34,2002-05-31,0.3270566941394739,-0.08919048168026611,1.02840573484401,0.047788856304985305,0.048195715952720215,0.10691652107917447,0.15396516983304553,0.15396516983304553,0.15151515151515138,0.15625,-0.03386018054764117,5.9280767420489955,-19.435488244180192,2.0374783650645716,-0.5289889516213178,0.0,-0.018718094157685883,-0.0793650793650793,0.0462499999999999,0.0,0.0,0.26881720430107503,-0.21006289308176096,-0.0009689922480620172,-0.08196721311475398,-0.13074497563461476
35,2002-08-31,0.006636144161280777,0.012650454145912704,-0.04125698897738428,-0.029388997997658595,0.043486292272779226,0.10253671252523544,-0.038898069907392974,-0.038898069907392974,-0.05263157894736848,-0.027027027027027084,-0.275894538606403,-0.9536265407136618,-1.1019668073680162,-0.8417453812268514,-0.17773456729349213,0.1089820359281437,-0.01387283236994208,-0.06551724137931048,0.043010752688172234,-0.05470085470085462,0.027467552067612425,0.0,0.036447275300778285,-0.02133850630455858,-0.044642857142857206,0.04330939469441586
36,2002-11-30,0.019278361735553414,0.04910861020966517,-0.01526927606854944,0.11576359549969363,0.043701406702551626,0.022880284080837976,0.02746281246451576,0.02746281246451576,0.0277777777777779,0.0277777777777779,0.6028951542605638,0.5061215947539153,0.060930127135233166,-3.4237640216036564,0.5239021761906186,-0.01835853131749443,-0.014067995310668269,-0.053505535055350606,0.043528064146620686,-0.057866184448463025,-0.039365452408930524,0.0,0.024069648344144712,-0.0287413280475719,-0.01869158878504673,-0.05973870899768219
37,2003-02-28,-0.002951051921568859,-0.016909438308350122,-0.02592913457391988,0.041589135609940486,0.012375217577207165,-0.025260001351037783,-0.0676507736027786,-0.0676507736027786,-0.054054054054054064,-0.08108108108108103,-0.3779029856734035,-0.15625651358299175,-0.18268334369173397,-1.499028682436293,-0.1715610206446797,-0.09482948294829484,-0.0214030915576694,-0.05263157894736848,0.010976948408342624,-0.1324376199616124,-0.11406727828746188,0.0,0.015335889314885831,-0.031632653061224536,-0.02857142857142858,-0.05613864714451133
38,2003-05-31,0.0022244959962565147,-0.015265702217813424,-0.07028910340720151,-0.135588606428379,0.048760724378068776,0.01866195008112914,0.10424180848361696,0.10424180848361696,0.08571428571428585,0.11764705882352945,0.12867583834909713,-0.2330368906455863,0.4436813839646405,0.1376230822074651,-0.2355898043864849,-0.16650461837627614,-0.030984204131227155,-0.002057613168724215,0.046688382193268214,-0.1769911504424777,-0.17811529168104934,0.22881355932203395,0.046461993104580435,-0.02212855637513178,0.029411764705882467,0.13917688959240215
39,2003-08-31,0.005102700559748374,0.022605134329446663,-0.05388132144084967,-0.14940345559459256,0.038659274071086484,0.002236210038098374,-0.028890831301467523,-0.028890831301467523,-0.02631578947368418,-0.02631578947368418,-0.08508233979608681,0.7144442058549854,-0.9756719832765458,-3.2821054750402583,0.7033406743385339,0.11431904345290178,-0.028213166144200663,0.0010309278350515427,0.03838174273858908,0.06451612903225801,0.1066778664426713,0.0,0.03341700658926894,0.0021551724137931494,-0.00952380952380949,0.2022093306006183
40,2003-11-30,0.038063252708073536,0.11152007898540316,0.022995030175546386,0.24279681443915235,0.04587193519448785,0.034904140153706235,0.09995736415746848,0.09995736415746848,0.10810810810810813,0.08108108108108114,1.462904882178245,0.9433670806805134,26.532476319350465,0.9264388092613008,0.7954619951196416,0.10442292593561907,-0.010967741935483888,0.014418125643666404,0.0449550449550451,0.06565656565656552,0.096774193548387,0.0,0.007438894792773709,0.01720430107526894,0.0,-0.1056114193250115
41,2004-02-29,0.02228655671010471,0.035665697869682544,0.04163922671740994,0.0707336827504026,0.012476948901207765,-0.006229778884913828,-0.04542257059592003,-0.04542257059592003,-0.04878048780487798,-0.025000000000000026,-0.37507888568337533,0.008023889061946177,-0.9531614774039762,-0.6530378645666407,0.1537182035782385,0.10071090047393373,-0.00717547292889753,0.011167512690355208,0.011472275334607929,0.05213270142180115,0.07854671280276837,0.0,-0.009493670886075887,0.016913319238900604,0.0,-0.03275934481310372
42,2004-05-31,0.02007002530667834,0.0011722773350679727,-0.023239066709592197,-0.056105725340173,0.0426551251096241,0.059135650127701174,0.09376926894560332,0.09376926894560332,0.07692307692307687,0.07692307692307687,0.3459416082087534,0.16105451600528542,34.0,-2.7415544998680392,-0.2320398762219565,-0.05145317545748118,-0.005913272010512616,0.007028112449799284,0.040642722117202316,-0.06306306306306309,-0.08213025344882907,0.2,0.022059942187737658,0.005197505197505281,0.0,0.0606900698086108
43,2004-08-31,0.013065167133580635,0.02437338227089758,-0.045188913271634434,-0.1403867528846804,0.04152398688749659,0.01056961013555435,-0.0008524914750852598,-0.0008524914750852598,0.0,0.0,-0.6460511947907526,-0.4145358762091815,-1.0831659421376103,-0.7951127107406706,-0.0619068878281076,-0.0063549704947798435,-0.0013218770654327414,0.010967098703888343,0.04087193460490468,-0.04326923076923084,-0.031457532331352615,0.0,0.028133373027686925,0.010341261633919352,0.0,0.1916488222698072
44,2004-11-30,0.05166149516651486,0.11898521026456164,0.06622956478687869,0.22902587475532574,0.04513709306257985,0.014590672908321613,0.012302865163900556,0.012302865163900556,0.023809523809523725,0.023809523809523725,1.7214725087536669,0.8977755482748351,0.5713770728190339,-6.814718934911243,0.3837264640203053,-0.014618547281863847,-0.021178027796161517,-0.012820512820512886,0.04450261780104703,-0.05527638190954776,-0.04474918801876582,0.0,-0.006225568264079828,-0.005117707267144334,-0.00961538461538458,-0.0895301516833148
45,2005-02-28,0.020516383080697143,0.005687847424315384,0.0379616475003568,0.11995652211820995,0.012545733316918994,-0.002112731885206886,-0.03028820010875477,-0.03028820010875477,-0.023255813953488413,-0.046511627906976834,-0.3629484870191739,0.06667712971146766,-1.4591649460885523,-2.320835718374356,-0.36628599144583096,0.027352804821511256,-0.017579445571331953,-0.00899100899100902,0.010025062656641605,-0.015957446808510526,0.0086890819795995,0.0,-0.00786713286713292,-0.003086419753086323,-0.009708737864077666,-0.10202008475068204
46,2005-05-31,0.0013814329003578596,-0.021563376229709608,-0.01950505787389734,-0.07493551450858682,0.01116389799817763,0.07150697591894506,0.16301239275500468,0.16301239275500468,0.1428571428571428,0.1707317073170731,0.3753998318795646,-0.7154174378354101,28.45365975518361,-0.3098832310099916,-0.3988867241859171,-0.06994584837545126,0.008258774948382452,0.013104838709677493,0.010752688172043,-0.07837837837837835,-0.08089887640449434,0.1839080459770115,0.00983847283406769,0.011351909184726505,0.009803921568627416,0.05769417240376229
47,2005-08-31,-0.005561903218046949,-0.02574870729265244,-0.00596896847978623,-0.14273692006025562,-0.005377031416710421,0.017583034083578974,-0.04128495660559306,-0.04128495660559306,-0.02083333333333337,-0.02083333333333337,-0.6267104803632092,-0.9536586029551825,-0.6176009092219876,-1.0084077588612894,0.005579220298175702,0.00679281901989337,0.0075085324232082576,0.006965174129353047,0.019639934533551617,-0.0029325513196482023,-0.028117359413202814,0.0,0.00014541224371100725,-0.003061224489795955,0.009708737864077666,0.13647475858696967
48,2005-11-30,0.025714112936886302,0.014138056342811732,0.00897773987925099,0.18983435755469613,0.03331054113084675,0.014948844834390853,-0.01966429873640541,-0.01966429873640541,-0.021276595744680767,-0.021276595744680767,2.3836699978736977,51.58426306517909,0.3401942953466708,37.00414937759337,0.21085710339111816,0.005783132530120527,0.0013550135501354532,0.003952569169960452,0.03290529695024058,-0.014705882352941124,-0.022222222222222254,0.0,0.00741494620529215,-0.010235414534288669,0.00961538461538458,-0.14767410594245767
49,2006-02-28,0.07734686076462838,-0.004004077825737973,0.2289153232411656,0.12564801394897285,0.010171863193827235,0.0007609612519965393,-0.002898513549909554,-0.002898513549909554,0.021739130434782483,0.0,-0.33920469541392784,2.2290538352447204,-3.9699622666490137,-1.4971066710339556,-0.0865655182903643,0.02036415908001921,0.008119079837618505,-0.004921259842519675,0.009324009324009452,-0.0119402985074627,0.0034305317324183626,0.0,-0.06234665896954816,-0.004136504653567741,0.0,-0.1151807685027446
50,2006-05-31,0.01869904626625796,0.02617512805324229,0.13536808698686476,0.006181315325264336,-0.044205369482053565,0.08549044081867874,0.18241687568332374,0.18241687568332374,0.19148936170212785,0.21739130434782614,0.4318577338215015,-0.7937959296595369,-1.5576210457101145,1.0050516143202284,-0.1900172761900797,-0.011505048133364726,0.030201342281879207,-0.0009891196834815874,-0.07005388760585063,-0.02114803625377637,-0.0380341880341879,0.16990291262135934,-0.061720794212713585,-0.002076843198338452,0.0,0.01985952151745285
51,2006-08-31,-0.0119746458420249,-0.04328917969996804,-0.003074912097296489,0.4156468234311412,-0.01767464270200192,0.0068661907840608105,-0.07576664092160079,-0.07576664092160079,-0.0535714285714286,-0.0535714285714286,-0.6291086360225016,-0.9855099200026832,-0.4111163297324846,-0.5674224997261474,-0.10148018707920026,-0.08004750593824239,0.02149837133550481,-0.00891089108910903,0.057119205298013176,-0.0092592592592593,-0.11772545535317648,0.0,-0.005741469816273104,-0.009365244536940652,0.0,-0.324185428611383
52,2006-11-30,0.015023546039103275,0.02523484644808893,0.004118029166747972,0.13200961230045127,0.022111991902719508,0.009959952349750223,-0.02865987147195215,-0.02865987147195215,-0.03773584905660377,-0.03773584905660377,2.0708760117470097,76.21296296296295,0.7106008925995692,-2.006330716637123,0.11365651365651375,0.045959204750839255,0.02168367346938793,-0.009990009990009985,0.02819107282693833,-0.012461059190031154,0.01460221550855989,0.0,0.006929549579277383,-0.011554621848739566,0.0,-0.09430448502405464
53,2007-02-28,0.021084032204349068,-0.020523552234491538,0.08417273496024369,0.032018364610244536,-0.019200901349543886,-0.019353035853156064,-0.07028002956608137,-0.07028002956608137,-0.058823529411764726,-0.058823529411764726,-0.44753046824887743,1.0146900107926609,-1.3202253878814334,-2.8573225968797185,-0.18955289041834664,0.01851394717353738,0.01248439450686645,-0.013118062563067578,-0.012947448591012932,-0.009463722397476282,-0.0059553349875929315,0.1618257261410787,-0.039488776011797344,-0.02125398512221044,0.00952380952380949,-0.05094813799405984
54,2007-05-31,0.01795900143949125,0.022087248031569032,-0.03347825787381231,-0.4082508192677684,0.05426574501291004,0.06480796290692048,0.17718664876770895,0.17718664876770895,0.22916666666666674,0.22916666666666674,0.34378265412748177,-0.466325406981935,-2.6042131350681537,-1.5151063541525538,0.1204765827999239,-0.07343674260785271,-0.014796547472256559,-0.01533742331288346,-0.03240740740740755,-0.060509554140127375,-0.08237643534697958,0.0,0.035653360627772024,-0.02062975027144409,0.009433962264151052,0.7272508425613866
55,2007-08-31,0.014101745423584557,0.014840032643576471,-0.01844458924021664,-0.3526392052362308,0.03516245966994158,0.0052412934678318646,-0.10251101614224667,-0.10251101614224667,-0.13559322033898302,-0.13559322033898302,-0.5512983646731703,-0.234915235333482,-1.062432411555693,0.4416096791162547,0.1550056561085973,-0.0026157467957099727,-0.03379224030037542,-0.028037383177569986,0.12599681020733655,0.03050847457627115,-0.01686615886833509,0.0,0.020754406193378427,-0.0254988913525499,-0.009345794392523366,0.5676655052264807
56,2007-11-30,0.02174970932079101,0.04579683823692271,0.1271616980264645,0.39199957073484826,-0.0429298904927492,0.015206453636671391,0.02208159086142869,0.02208159086142869,0.03921568627450989,0.03921568627450989,2.737982704897945,0.3586318743394439,-39.10021651716672,1.8825031928480205,0.3868416542200239,-0.08497246262785219,-0.0045336787564767,-0.01816239316239321,-0.010623229461756312,-0.1875,-0.07636967349197554,0.0,-0.06325641439406171,-0.014789533560864763,0.0,-0.2487108819345661
57,2008-02-29,0.016946779392915223,0.00908636979366495,0.02890614025931182,0.08118935647653558,0.008304510837072288,-0.008042770095490703,-0.01237130822058341,-0.01237130822058341,0.0,0.0,-0.5384431664918328,0.4586703147842648,-1.0749565669194174,-1.0610798151781755,-0.017037429378531033,-0.08942390369733455,0.002602472348731233,-0.0021762785636560977,0.008589835361488829,-0.08097165991902844,-0.09766327142001208,0.16428571428571434,-0.008440999138673577,-0.0034642032332562467,0.0,-0.06668244482574992
58,2008-05-31,0.012312487274996677,0.03512864682302008,-0.026518413216308767,-0.06476857452091422,0.040946439629769626,0.033816212272734784,0.09572517964510928,0.09572517964510928,0.13207547169811318,0.13207547169811318,0.7788532757028785,-0.3307925007125978,-10.963392180223112,-11.93160621761658,0.1894746295464751,-0.0752282027069563,-0.011680726800778696,-0.017448200654307522,0.04116394606103624,-0.07929515418502209,-0.09694555112881807,0.0,0.028318276580958868,-0.01274623406720743,0.0,0.1068213515912262
59,2008-08-31,0.004725619722307561,0.0035965612756718728,-0.012043976403533052,-0.06366101916447464,0.016290091392203943,-0.006715859478371168,-0.1229631612406732,-0.1229631612406732,-0.1499999999999999,-0.1499999999999999,-0.4961385336694767,0.046262073892911586,-0.7954061222715019,-1.7565646032799318,-0.1205152210678908,-0.033015656909462184,-0.012475377544320376,-0.021087680355160957,0.021813224267211998,-0.0717703349282296,-0.03749999999999998,0.0,0.011488427099172194,-0.015258215962441255,-0.009433962264150941,0.0718254195543846
60,2008-11-30,-0.01562954466877764,-0.03237659952072658,-0.061014567494146126,-0.05602521934607674,0.014795811687447147,-0.01695804841250914,-0.08644895467724711,-0.08644895467724711,-0.07843137254901966,-0.07843137254901966,-0.017376440489936362,-1.0085754057887273,3.2432389352319215,-1.5224909159253226,0.07159658671428337,-0.07004575853572681,-0.052526595744680986,-0.03741496598639449,0.01534356237491674,-0.09278350515463918,-0.06951871657754016,0.0,0.030900283948555037,-0.033373063170440975,0.0,0.02506279057339822
61,2009-02-28,-0.012569585092456648,-0.03481864735750406,-0.02953236549483551,0.1528382799647563,-0.00204753551570791,-0.07769614610062693,-0.0003758456527186427,-0.0003758456527186427,0.0,0.0,0.8959943780744906,-138.8575803981623,0.044777240740276884,-2.9573141486810552,-0.1307740374601445,-0.13398940196820594,-0.047017543859648965,-0.028268551236749095,-0.002628120893561125,-0.1477272727272727,-0.11001642036124792,0.14417177914110435,0.010531432274789363,-0.014796547472256559,-0.01904761904761909,-0.1627828172244813
62,2009-05-31,0.00040516808426205314,0.05686808295380241,-0.03280984495426087,-0.15163718670582482,0.02044107162715636,-0.032967988387027185,-0.943295595382323,-0.943295595382323,-0.9361702127659576,-0.9361702127659576,0.11681391194448842,-0.5811532864553826,-0.13436323977084785,-10.249448664543005,1.3915688190079445,-0.017045454545454586,-0.28350515463917525,-0.2703030303030304,0.020421607378129147,-0.013333333333333308,0.011992619926199266,0.0,0.020041686708353268,-0.2490613266583229,-0.029126213592233,0.24577352968647825
63,2009-08-31,0.015619394074256832,0.05509130714421229,0.00035979674069963613,-0.008983667490904512,0.024343913535852968,0.014665129517698716,12.257367387033401,12.257367387033401,10.666666666666666,10.666666666666666,-0.2116886013830025,0.2395173053971622,-0.9913882620072826,0.2923676053726123,0.7519827353655246,0.10271231658514912,-0.12127440904419318,-0.1063122923588039,0.023886378308586087,0.08108108108108114,0.5278030993618961,0.0,0.008645080163470764,-0.08333333333333326,-0.020000000000000014,0.06465398745407748
64,2009-11-30,0.02838740748385193,0.09320322864173504,0.02676013586119641,0.09836529323327392,0.029295999531554262,-0.007918624357733384,0.0591286307053942,0.0591286307053942,0.05714285714285716,0.05714285714285716,0.030277306168647437,-0.2701129750085587,1.210610932475884,0.17564520427198005,0.5046082239750826,0.15927419354838698,-0.08888888888888903,-0.0799256505576208,0.029634300126103238,0.13124999999999987,0.2995226730310263,0.0,0.0009350163627861453,-0.045454545454545525,-0.04081632653061229,-0.0046948356807510186
65,2010-02-28,0.018928052763159675,0.034518178777889215,0.0679425403682612,0.2711222363699501,-0.008371910411704708,-0.025660564222636517,-0.1433118791101161,-0.1433118791101161,-0.1351351351351351,-0.1351351351351351,-0.09557143909807676,1.0948346622889304,-1.1301818181818182,-0.4377740773998936,0.188556608793792,-0.07095652173913036,-0.13607188703465978,-0.13535353535353545,-0.008573178199632436,-0.09392265193370176,0.005050505050504972,0.12868632707774807,-0.02677876381753075,-0.1104761904761905,-0.021276595744680767,-0.1861320754716982
66,2010-05-31,0.0024816226837536264,0.006068962787276311,-0.03301226291000125,-0.12650455664099405,0.023772335677128442,0.055275396490185764,0.13262014617614626,0.13262014617614626,0.125,0.125,-0.019486868028500748,-0.2836031850431716,-418.268156424581,-0.9259098450898604,0.011753910795246236,0.003369524522650602,0.2912332838038634,0.2920560747663552,0.02408894379246429,0.012195121951219523,0.1443581544084056,0.0,0.02111662134058556,0.30192719486081376,-0.010869565217391351,0.15176191028167385
67,2010-08-31,-0.01985824750058951,-0.10019449894553502,-0.010295276125281805,-0.06308088469096806,-0.02527634845536497,0.015894239259155896,0.10452792097768482,0.10452792097768482,0.11111111111111116,0.11111111111111116,-0.7333645558719775,-0.461860019924599,0.7105273727758366,-26.248011720385094,-0.29331527593056816,-0.05298507462686575,0.028768699654775576,0.027124773960216952,0.025331724969843258,-0.07831325301204818,-0.27624750499002004,0.0,-0.005483315055616389,0.024671052631578986,0.0,-0.03960246571895831
68,2010-11-30,0.009609849022232277,-0.012613024932350836,0.0790020029192231,0.3040956495372469,-0.03030998656668193,0.013704887087836015,-0.08830393132823078,-0.08830393132823078,-0.05000000000000005,-0.05000000000000005,1.0944812737265566,0.21351047224944653,-0.43049913510382665,-0.7538608198284079,-0.10216208033139973,0.06737588652482263,0.004474272930648837,-0.008802816901408494,-0.030588235294117583,0.03921568627450989,0.030336458907887612,0.11638954869358666,-0.03954001260239448,-0.02086677367576251,0.01098901098901095,-0.24285452306725
69,2011-02-28,0.011143511370709236,-0.023551016130246568,-0.02221132259575187,-0.16459006602032866,0.032494917776322074,0.001346408048124692,0.05735151970787245,0.05735151970787245,0.07894736842105265,0.07894736842105265,0.3353802870243876,2.828033860787892,-0.2915200659703133,1.5670023237800157,-0.2920909129230168,0.059062384643780115,0.0456570155902003,0.04440497335701599,0.032766990291262184,0.0943396226415094,0.051927194860813534,0.0,0.02115794653108094,0.024590163934426142,0.021739130434782483,0.16881768796927446
70,2011-05-31,0.09563527329578793,0.28560597699967794,0.3669886760836967,0.10852679528950347,-0.06886251274797384,0.07918304761965689,0.1981716607414932,0.1981716607414932,0.2682926829268293,0.2682926829268293,0.34646395073232994,-0.14328579800742336,-5.501193039632192,-4.324171499042271,1.3715889590810422,0.04775182990589055,0.09158679446219377,0.04081632653061229,0.03113983548766175,0.01724137931034475,-0.013231552162849769,0.0,-0.15017667844522975,0.03679999999999994,0.0,0.15973949082297212
71,2011-08-31,-0.05148232742179348,-0.12827196040398006,-0.01751044629581644,0.4249952204247949,-0.08171631890053588,0.005032176087628848,-0.030207980106250695,-0.030207980106250695,0.0,0.0,-0.5745010569393143,-0.2490195005381346,-2.1298312301751485,-2.1358421312284164,-0.6569049499436209,0.016633399866932796,0.06926829268292689,0.014705882352941346,-0.07122507122507127,-0.016949152542372947,-0.07839092315626606,0.0,-0.03194103194103204,0.006172839506172867,0.010638297872340495,-0.3882734327139065
72,2011-11-30,0.021177879653828224,0.07368939340287263,0.049312434098024,0.16415688455110033,-0.005611768350212931,0.0019131323856151907,0.08321920801888161,0.08321920801888161,0.09615384615384603,0.09615384615384603,1.110887168063364,-0.2756509910610183,-1.0003967088424113,-1.1996566988887885,0.3822715418595988,-0.036976439790575855,0.10766423357664223,0.05475040257648955,-0.005521472392638005,0.04022988505747138,-0.10016787912702874,0.11489361702127665,-0.02616165560327988,0.04907975460122716,0.010526315789473715,-0.07769664093469641
73,2012-02-29,0.008980355428020559,0.021149994848819187,-0.026578873504101156,-0.09947223066893827,0.0447099545852101,-0.0068823678328293605,0.022663080026899873,0.022663080026899873,0.017543859649122858,0.017543859649122858,0.10352105598177497,-0.14121395036887996,-682.9134615384615,-0.8222937695788375,0.04914521687234075,0.16649677200135904,0.09555189456342683,0.04427480916030535,0.04380012338062933,0.17127071823204432,0.057213930348258835,0.0,0.03548516439454685,0.04385964912280715,0.0,0.1339637153327602
74,2012-05-31,-0.021692305992217054,-0.051655576991220135,-0.016906551781146972,0.034430069029744326,-0.02617285501817101,0.04097372622792728,0.033918590122969716,0.033918590122969716,0.034482758620689724,0.034482758620689724,0.2306688120465101,-2.7357179116716783,0.7992780496058884,10.93242581529723,0.5589518448686366,0.12146810369938832,0.046616541353383216,0.03801169590643272,-0.0005910165484634966,0.07547169811320731,0.034117647058823364,0.0,-0.004646660212971887,0.016806722689075567,0.02083333333333326,-0.0832269390360677
75,2012-08-31,-0.0020839211460196294,-0.011475977705816431,-0.011846544440493044,-0.42746139089658375,0.0071430741865285965,-0.0021422157933601578,-0.023927035896914032,-0.023927035896914032,0.01666666666666661,0.0,-0.4149480721316329,-1.688875140607424,-0.5652218208035862,-1.1691370791681028,-0.06064297800338414,0.0005194805194805864,0.02227011494252884,0.02676056338028188,0.020106445890005983,0.0,-0.03469852104664384,0.0,0.009336704921221628,0.017906336088154173,0.010204081632652963,0.7265645399947775
76,2012-11-30,0.015810039653343374,-0.002765971269334755,0.06978506572163656,0.4453608462137246,-0.034241777930435924,0.008618647896701859,0.016863670128888453,0.016863670128888453,0.03278688524590168,0.05000000000000005,0.3956464449480841,1.1282800738067635,0.4262513743939149,2.7233113354037273,-0.2403694038851314,0.10098650051921054,0.014757554462403231,0.010973936899862702,-0.021449275362318887,0.07894736842105265,0.06364172068355932,0.12213740458015265,-0.04933513201002127,0.0027063599458729826,0.010101010101010166,-0.310059738361102
77,2013-02-28,0.0008101222367056238,-0.00671859926746865,-0.02160966630763628,-0.0980350481556399,0.023839734236130727,0.014417391402753443,-0.04257500608763631,-0.04257500608763631,-0.04761904761904767,-0.04761904761904767,0.06557500868593191,-0.5146925685525326,0.2879927205631454,-0.6739606412094357,-0.1031684172759777,0.007073803348267127,0.003462603878116255,-0.0013568521031207534,0.030213270142180226,0.028455284552845406,-0.018282548476454386,0.0,0.022906953172511683,-0.020242914979757054,0.010000000000000007,0.10127137220517324
78,2013-05-31,0.029453729764226555,0.07643436160937878,0.025387687447424808,0.11084129469278214,0.03344496363330807,0.04965444921044848,0.1508868214978918,0.1508868214978918,0.1499999999999999,0.1499999999999999,0.3070952650978169,-0.5360293420178961,-0.8083010351763724,-6.388455850021986,0.6198694072745665,0.034652306251463205,0.01656314699792949,0.012228260869565187,0.035077630822311745,0.0039525691699606735,0.026523702031602925,0.0,0.0039635354736424775,0.00688705234159781,0.00990099009900991,-0.03098460721868368
79,2013-08-31,-0.007928651114498475,-0.03233392375552824,-0.01351311015138934,-0.07291786515561183,-0.0024896751839207365,-0.007743431412664758,-0.09564185770613076,-0.09564185770613076,-0.08695652173913038,-0.08695652173913038,-0.5522952197608525,1.2830857298623417,3.5520294825203464,-1.5460041690466828,-0.20893738662912,0.06313645621181263,-0.002036659877800329,-0.0067114093959731455,-0.004444444444444362,0.027559055118110187,0.02473886750962073,0.0,0.005527043031977818,-0.012311901504787892,0.009803921568627416,0.04378637452927081
80,2013-11-30,0.012576843864216205,0.029570263482095124,0.04834608725745393,0.19171409457140354,-0.02187557348301084,0.020895386502169492,0.0914165187643079,0.0914165187643079,0.12698412698412698,0.11111111111111094,0.6923775724027665,-0.20119694346606176,-0.3762720250075899,-1.4166134532559815,0.11003696128036757,0.12409535972754382,0.014285714285714457,0.0135135135135136,0.0,0.13026819923371669,0.11105150214592284,0.13095238095238093,-0.03415783274440498,0.0013850415512466352,0.009708737864077666,-0.13608186559086888
81,2014-02-28,0.008027446752850498,0.028494880718960225,-0.027517491000827118,-0.1004928721477608,0.04472171890508814,-0.011817236763531969,-0.003063797695081472,-0.003063797695081472,-0.014084507042253502,-0.014285714285714348,0.17013906284667302,-0.2410552472768717,0.4739138272940329,0.2889707800678321,0.12777450910666133,0.10869153569399724,0.016767270288396974,0.020000000000000014,0.0418526785714286,0.10847457627118627,0.07918879768227917,0.0,0.03658536585365835,0.019363762102351245,0.0,0.14343204252088082
82,2014-05-31,0.014091996688513797,0.08455236892827167,0.052488211878271684,0.13988552863412207,-0.02280492310050697,0.024102909389800642,0.5037942365428714,0.5037942365428714,0.4857142857142858,0.492753623188406,0.3590551277424721,-4.559858201422909,1.4899581692311457,3.1601265022137888,0.4713336906887884,0.006831767719897686,0.1253298153034299,0.11633986928104577,0.00910551687198713,-0.03363914373088684,-0.02684563758389269,0.0,-0.036470588235294144,0.11668928086838525,0.0,-0.0485423998937512
83,2014-08-31,0.02102386759566266,0.11478660959493947,0.006477810568762621,0.009331392996059451,0.036078943552204416,-0.04786436730169619,-0.13453436458529833,-0.13453436458529833,-0.09615384615384626,-0.09708737864077666,-0.3330167959819259,-1.2684485322084298,-0.7976264159470267,-0.5854441734730491,0.13280068889200616,0.08736217133163683,0.07678780773739735,0.0714285714285714,0.030785562632696495,0.07594936708860756,-0.03356321839080467,0.0,0.0146520146520146,0.08991494532199272,-0.019230769230769273,0.10448073701842532
84,2014-11-30,0.031012429026374688,0.06608761573194344,0.0919062153065977,0.3392284095715325,-0.030211613337124413,0.019328957958473003,0.09358084789479416,0.09358084789479416,0.08510638297872353,0.07526881720430101,-0.02583653281691756,-3.7049125428269662,-1.036191077236759,2.5981955549035427,0.4218242919032149,0.09001560062402514,0.08056614044638001,0.06775956284152995,-0.032955715756951665,0.058823529411764726,-0.0076117982873453735,0.2556390977443608,-0.0593662254312074,0.09253065774804914,-0.019607843137254943,-0.20394944707740925
85,2015-02-28,-0.09179744169912496,-0.20310301121166088,-0.11047747266999887,-0.3199630414058354,-0.07065111326743923,-0.012935972632566515,-0.2120137527821148,-0.2120137527821148,-0.2058823529411764,-0.2,-0.4107375391350123,-2.0405420849126683,-297.608316566063,-2.9097406542151334,-0.5665784469786772,0.1077715757835982,0.04634760705289676,0.030706243602866,-0.04685835995740162,0.14444444444444438,0.016778523489932917,0.0,0.023454157782516027,0.02857142857142847,0.0,0.17181980551696774
86,2015-05-31,-0.017318332830951855,0.015017615671369056,0.01862593974795823,0.07221125941118478,-0.05626454705015371,0.030424395791303963,0.10889200383630372,0.10889200383630372,0.12345679012345667,0.125,1.3818367754751804,-1.8060022515307663,-0.4785446010451268,-1.1254323191091449,0.1639679615985712,0.08359173126614983,-0.019258545979778496,-0.03475670307845091,-0.02067039106145241,0.13834951456310685,0.05186232909005173,0.0,-0.03979166666666667,-0.045634920634920695,0.010000000000000007,-0.05334643002303208
87,2015-08-31,-0.016580003148509492,-0.001068667196295392,0.0063163577071732036,0.5446641054458681,-0.04335728386948212,0.04928044614701954,-0.04784488903673434,-0.04784488903673434,-0.02197802197802201,-0.022222222222222254,-0.2938706015891033,-3.2922453243700533,-0.09059017388664847,-5.599135363300596,-0.6478793880208021,0.0,0.028473244968090224,0.002057613168724437,-0.02338847689674839,0.019189765458422103,0.03541012998655324,0.0,-0.027120850509871897,-0.043659043659043606,0.04950495049504955,-0.3532863429818598
88,2015-11-30,0.07951662754014177,0.17839478832170674,0.11079726330970674,0.17893291748581808,0.04103438744307386,0.01684057753421908,2.4447649753945364,2.4447649753945364,2.49438202247191,2.4772727272727275,-0.14766953446600928,-3.5518918865363465,-0.16793423581077538,-2.7020831714240248,3.1317240909709927,0.05556217956361032,0.5894988066825777,0.5564681724845997,0.03971962616822422,0.08158995815899582,0.0705627705627705,0.12574850299401194,-0.035682426404995526,0.5021739130434781,0.03773584905660377,-0.0004979253112034067
89,2016-02-29,-0.04933548905453233,-0.13921537919423674,-0.09704448941203292,-0.2406556785657761,0.013290531496553905,-0.0024584112609509212,-0.6599797160243408,-0.6599797160243408,-0.6559485530546623,-0.6568627450980392,-0.7366466044574184,-1.21643080387475,0.20398853868194844,-1.634166440180464,-0.4806793180451066,-0.01931548627583879,0.0477477477477477,0.03693931398416872,0.02359550561797752,-0.05609284332688591,-0.3776789324706834,0.0,0.06591119333950046,0.011577424023154979,0.0181818181818183,0.13362116683272451
90,2016-05-31,-0.029971804755613674,-0.09596696428977547,-0.008491502360260639,-0.05035956982035483,-0.05509803056859475,0.04549196066386907,0.11553506447021933,0.11553506447021933,0.1588785046728971,0.16190476190476175,4.252389700158794,-0.3416718988250067,0.2965929860635139,-0.39740253506543377,-0.557759682148796,0.035590877677954325,0.05101748351963331,0.04389312977099236,-0.029637760702524663,0.010245901639344137,-0.008447043534762888,0.0,-0.02603601648947706,0.011444921316165813,0.03571428571428559,-0.04804687500000005
91,2016-08-31,0.015288984266370154,0.002964085696226748,-0.0362513894206834,-0.12837392941003367,0.07855115895019105,0.017873926876172508,0.05495118336414606,0.05495118336414606,0.040322580645161255,0.03278688524590168,-0.06581856767699522,0.3707099745221194,-0.6438149987702315,-0.7715735751796494,-0.28809460594013936,0.16193971749527306,0.03545132260703565,0.05179768433881793,0.07126696832579205,0.1987829614604464,0.10222804718217572,0.0,0.06237469369570059,0.034653465346534684,0.01724137931034475,0.15069757899056202
92,2016-11-30,0.011382853248447013,0.0037084228981632,0.004189025953977188,0.05331296361163052,0.0192728999970817,0.002158206671663665,0.016554301149242168,0.016554301149242168,0.023255813953488413,0.023809523809523725,-0.0853808665634439,-1.0850943283700774,0.09292163086943983,-2.105011457606855,0.4471771714259796,0.06250598257873086,-0.2891756649986832,-0.26998841251448435,0.01847940865892284,-0.008460236886632777,0.0011890606420927876,0.14148936170212756,0.007758439924512528,-0.29118250170881754,0.033898305084745894,-0.047071409467772114
93,2017-02-28,0.013426014792936591,0.018291806764950902,-0.04384354695610615,0.2607134223786889,0.07530859626648499,-0.012173428954533105,-0.1593708371029442,-0.1593708371029442,-0.16666666666666666,-0.1705426356589147,0.26297933158957343,-9.5772690106296,-0.0139753309946814,-0.9172527274366604,0.02556887437052935,0.05927927927927934,-0.027047054464616416,-0.0007936507936506798,0.07205806117159153,0.04095563139931735,0.4483372921615203,0.0,0.06117353308364538,-0.011571841851494735,0.008196721311475308,-0.1923004958368416
94,2017-05-31,0.6023868434927808,0.1991096610245402,1.1698365812893652,0.19797705006949395,0.0571718318032115,0.13274010935615688,-0.2861743146476844,-0.2861743146476844,-0.2909090909090909,-0.28971962616822433,0.5388574850167822,28.20977801988289,-19.038446089401504,4.998910378643421,0.14956127244573625,0.046351420309576515,-0.1378522467631379,-0.21683876092136636,0.05609284332688591,-0.024590163934426142,0.042230422304223136,0.0,-0.34019607843137256,-0.11902439024390232,-0.11382113821138208,0.000926623038165264
95,2017-08-31,0.0011030007494092775,-0.015310993523590444,-0.05627045685958798,-0.0760992596732375,0.11424735093427853,0.11046773241050634,1.578631210304505,1.578631210304505,1.58974358974359,1.5789473684210529,-0.09196834315618874,-1.0338583991413948,-1.1651169374848898,0.005721551176096629,0.13084730542459802,0.06778834430626679,0.09010600706713777,0.024340770791075217,0.10531135531135538,0.0117647058823529,0.1797797010228166,0.0,0.11292719167904886,0.09856035437430766,-0.06422018348623859,0.0657871897240061
96,2017-11-30,0.01856426070033801,0.06177850129354723,0.032676618308454135,0.10487799041917324,-0.005007247023536943,-0.0031411669726957303,-0.36877506203645305,-0.36877506203645305,-0.3762376237623761,-0.3724489795918368,-0.509985611284527,-2.0856214370301007,-1.006139362238427,1.0131840346758172,0.2329401193225156,0.10207810002283613,-0.06037277147487841,-0.11683168316831682,-0.007042253521126862,-0.0033222591362125358,-0.049683227742580834,0.15097856477166816,-0.023230974632843737,-0.05745967741935476,-0.06862745098039225,-0.03897937024972853
97,2018-02-28,-0.007194359031014064,-0.031257447580047226,-0.08838511191729892,-0.2051316257944803,0.13355252360623626,-0.010771014933010248,1.2033199862882815,1.2033199862882815,1.2142857142857144,1.2032520325203249,1.2612982678529885,0.06246829020801625,-148.89173640167363,-2.871333094106037,-0.35355208854162257,0.1060920016576874,0.2384648555411817,0.202914798206278,0.1314142678347936,0.11333333333333327,0.119298245614035,0.0,0.14188080918534718,0.2652406417112301,-0.04210526315789465,0.2187323466274997
98,2018-05-31,0.0042751825659264045,-0.0008304808706510737,-0.02302783227862215,-0.15444656719410876,0.04233902108398868,0.05060101765863001,-0.3837335937370695,-0.3837335937370695,-0.3870967741935484,-0.38745387453874536,0.07607102943002597,-0.4542470005372172,-0.038614558172925584,-0.8341423075540215,-0.09071006731645292,0.08136630448357685,0.06406685236768794,0.1332712022367195,0.04646017699115035,-0.043413173652694585,-0.1849529780564263,0.0,0.03782619104620544,0.0997464074387151,0.0219780219780219,0.18170019467878
99,2018-08-31,0.047280810851750184,0.06392838580901672,-0.00011467168380652204,-0.12471757037701535,0.10921238537310796,0.01702554580575599,0.141504315924607,0.141504315924607,0.14619883040935666,0.13855421686746985,-0.4626206741928677,0.5483976812862299,-0.5861394151186317,0.4717826432545704,-0.14682390934517464,0.1460992088698967,-0.07133507853403143,-0.021381578947368474,0.10288935870331216,0.0938967136150235,0.00961538461538458,0.0,0.059284890426758885,-0.018447348193697092,0.0,0.2155016866713737
100,2018-11-30,0.016176163038663427,0.052980975851296686,0.11077819242491448,0.6414310831784702,-0.09525614112268854,0.011951294924837041,0.14350986989153713,0.14350986989153713,0.1479591836734695,0.1534391534391535,0.11410252477221827,-0.7760118669209578,0.7320634977068297,0.4668597800471328,-0.25243333671296764,-0.02917317478712145,0.08280479210711778,0.11008403361344543,-0.07476038338658142,-0.11874105865522178,-0.020190476190476203,0.16599190283400822,-0.1097560975609756,0.10728269381362554,0.0,-0.35849361042984385
101,2019-02-28,0.003860861519040304,0.0035588730385807117,-0.028246356250195562,-0.10795416825904336,0.05029260938332025,-0.020915247214055133,-0.1632793307353928,-0.1632793307353928,-0.1511111111111112,-0.1513761467889908,0.7961582095141588,3.817029328287607,0.3235371091645243,-0.7449543126819962,-0.08612213067507546,-0.057193273821880886,-0.12495932313699988,-0.12036336109008328,0.05006906077348061,0.017857142857142794,-0.16329704510108867,0.0,0.04623287671232879,-0.11669024045261668,0.0,0.12500628804265812
102,2019-05-31,0.00040208924982310096,0.005631912853748311,0.04225490170728508,0.13413975547869916,-0.05559724635256202,0.06621768618523127,0.11205700964914866,0.11205700964914866,0.11518324607329845,0.1189189189189188,0.21767591598957536,-0.049100479220677166,0.1942005048096496,-3.0716535433070864,0.1952287314955663,0.15473962347242098,0.048345109706210636,0.030120481927710774,-0.03650115093719164,0.10047846889952172,0.2857806691449816,0.0,-0.05588028992284322,0.028022417934347343,0.0,-0.11330710069754968
