,Quarter end,Assets,Current Assets,Liabilities,Current Liabilities,Shareholders equity,Revenue,Earnings,Earnings available for common stockholders,EPS basic,EPS diluted,Cash from operating activities,Cash from investing activities,Cash from financing activities,Cash change during period,Cash at end of period,Price,ROE,ROA,Book value of equity per share,P/B ratio,P/E ratio,Cumulative dividends per share,Equity to assets ratio,Net margin,Asset turnover,Current ratio
0,1994-04-01,0.031038162874241108,0.08683082223446625,0.016088173443194576,0.03536676288975138,0.051961790644573284,0.10004737976088783,0.32612885462555075,0.32612885462555075,0.3200000000000001,-0.3968253968253969,1.7656527750345643,-0.31205198633348963,-2.3290203327171906,0.20221306140160555,0.4870780590717298,0.05020920502092041,0.017757483510908226,-0.013530135301353052,0.04761904761904767,0.05685618729096986,-0.0056759545923632535,-1.0,0.02039836813054952,0.034003091190108366,-0.007751937984496138,0.04969355640218653
1,1994-07-01,0.031038162874241108,0.08683082223446625,0.016088173443194576,0.03536676288975138,0.051961790644573284,0.10004737976088783,0.32612885462555075,0.32612885462555075,0.3200000000000001,-0.3968253968253969,1.7656527750345643,-0.31205198633348963,-2.3290203327171906,0.20221306140160555,0.4870780590717298,0.05020920502092041,0.017757483510908226,-0.013530135301353052,0.04761904761904767,0.05685618729096986,-0.0056759545923632535,-1.0,0.02039836813054952,0.034003091190108366,-0.007751937984496138,0.04969355640218653
2,1994-09-30,0.043187617679775636,0.1214501528178802,0.03244391823838,0.06192507247179591,0.057711455170010424,0.02610647568865887,0.19889961590366445,0.19889961590366445,0.19696969696969704,-0.3968253968253969,-0.48966256025709703,-0.1556139838348427,-0.9449398674629796,-0.14744630933044578,0.27924572914819423,0.10756972111553798,0.017757483510908226,-0.013530135301353052,0.05681818181818187,0.05685618729096986,-0.0056759545923632535,inf,0.013875823142050605,0.034003091190108366,-0.007751937984496138,0.056099100520751184
3,1994-12-31,0.15148087123441112,0.009831048342049842,0.1750099427334224,0.3779019626935221,0.12043301759133973,0.08786222448266767,0.0718676941726557,0.0718676941726557,-0.4683544303797469,-0.3968253968253969,5.4334592779177155,18.009802790912236,-79.71025260029718,-5.162362404741744,-0.9085994177718221,0.08273381294964023,0.017757483510908226,-0.013530135301353052,0.096774193548387,0.025316455696202445,-0.0056759545923632535,0.0,-0.02690790999768033,0.034003091190108366,-0.007751937984496138,-0.26709002614867394
4,1995-03-31,0.04420582215286961,0.12495401183986088,0.03522701228369218,0.029686928211793532,0.05663095988237776,0.06038646662704927,-0.1175377655707246,-0.1175377655707246,-0.11904761904761907,-0.3968253968253969,-0.6517341511957976,-0.8989771527718796,-1.045439099901835,-1.7003509128820626,6.962082912032356,0.12292358803986715,0.017757483510908226,-0.013530135301353052,0.058823529411764726,0.02160493827160481,-0.0056759545923632535,0.0,0.011918951132300348,0.034003091190108366,-0.007751937984496138,0.09245667686034677
5,1995-06-30,0.030530447755148907,0.09118249076625773,0.015481269701634881,0.06169883185701885,0.0509340796959421,0.03980834200964667,0.24588062980593195,0.24588062980593195,0.21621621621621626,-0.3968253968253969,-1.1151395915308226,-0.1932500600528465,-10.20897382633984,-0.6496260257061941,0.3063686583275129,0.0798816568047338,0.017757483510908226,-0.013530135301353052,0.046296296296296065,0.02114803625377637,-0.0056759545923632535,0.0,0.01978798586572439,0.034003091190108366,-0.007751937984496138,0.02780628907343452
6,1995-09-29,0.2348263399312533,0.15925176840450606,0.3771117614700357,0.2395451219033591,0.0484239197253562,0.0332676018922482,0.058045554739162286,0.058045554739162286,0.06666666666666665,-0.3968253968253969,-13.0848928668294,11.354399285395264,4.039474871424703,-3.089948186528497,-0.4901331777972198,0.10684931506849328,-0.007477567298105669,-0.013530135301353052,0.04424778761061954,0.059171597633136175,0.025947067981318076,1.0,-0.15107415107415112,0.004484304932735439,-0.0546875,-0.06482069904675436
7,1995-12-31,-0.014651021228232362,-0.15663848651619572,-0.056741455231704714,-0.24732416400495405,0.05777703207369478,-0.2231283805832155,0.057222222222222285,0.057222222222222285,0.0625,-0.3968253968253969,1.272684426689409,-0.5718598051443342,-1.3068439192516002,-0.5861761205870686,-0.2432793136320305,-0.017326732673267342,0.0015067805123052393,-0.013530135301353052,0.06779661016949158,-0.06145251396648055,-0.06575619625695506,0.0,0.0737414965986396,0.08482142857142883,-0.09090909090909084,0.12047374041355186
8,1996-03-29,0.01176925028482678,0.09335862970823428,-0.08445002667615154,0.22421796515051784,0.15941539558357265,0.3032549792049182,2.5056161324224906,2.5056161324224906,2.5098039215686274,-0.3968253968253969,-0.6590792384262917,-2.658082130090912,3.212539386159412,-2.900071890726096,0.9988662131519276,0.05037783375314864,0.649949849548646,0.6845386533665836,0.1587301587301586,-0.014880952380952328,-0.0021656740660530587,0.0,0.1457171819564116,0.7434842249657061,-0.036363636363636376,-0.10682723964650842
9,1996-06-28,0.011972889562880784,0.007966369880337831,-0.02548373076670929,-0.04335698823453316,0.0573599027917937,0.0618717296981861,-0.6952847600221099,-0.6952847600221099,-0.6983240223463687,-0.3968253968253969,-0.1864843727370159,-1.1837633678492616,-0.9090720207218002,-1.8447471307857235,-0.4221339887817481,0.1942446043165469,-0.04954407294832841,-0.023686158401184376,0.0547945205479452,0.03021148036253773,-0.3309820944112859,0.0,0.04490157044901566,-0.0007867820613689512,-0.018867924528301886,0.053642448346105535
10,1996-09-27,0.1782618383009713,0.14962009951719768,0.2981172551516049,0.0724378937760668,0.04440919904837437,0.0825252875968332,0.032344350499615704,0.032344350499615704,0.03703703703703698,-0.3968253968253969,2.0009257610824283,8.94887072190661,-11.964734557087365,-2.908032248432368,1.3938270258479657,-0.0040160642570281615,-0.04924848097217771,-0.021986353297952843,0.038961038961039085,-0.05571847507331373,-0.030819140308191436,0.5,-0.11367485182049107,-0.0173228346456693,-0.00961538461538458,0.0719020438225002
11,1996-12-31,-0.0154119226664986,-0.07488675953766423,-0.07408736743207622,-0.06504106685159394,0.06603391546443937,0.05490805820891409,0.04026565803972959,0.04026565803972959,0.10714285714285697,-0.3968253968253969,-0.16677542981217594,-0.8911435773875016,-1.2953194031509627,-0.6482785602503912,0.20479292906282745,0.09879032258064524,-0.052135889673730285,-0.020930232558139642,0.0625,0.059006211180124175,0.07280334728033487,0.0,0.08287556723190836,-0.08092948717948711,0.06796116504854366,-0.010478399038048591
12,1997-03-28,0.01676077036996748,0.05769642298638655,0.012833575003653452,0.08957526028661555,0.02149548709733451,-0.06080094717066997,-0.09716854189928137,-0.09716854189928137,-0.16129032258064513,-0.3968253968253969,0.15918832324670704,0.7484646878198566,-0.3502693293816009,1.694104560622914,0.4579488730903041,0.04954128440366956,-0.3903477643718949,-0.3895486935866983,0.01764705882352935,-0.014662756598240569,0.01716068642745694,0.0,0.004631671812968641,-0.3818657367044464,-0.00909090909090915,-0.02925093307872562
13,1997-06-27,0.013654969359064406,0.012905378999318762,0.006791889029313492,0.010414188824618087,0.021859093316761724,0.07792625433870515,0.21319169177104813,0.21319169177104813,0.23076923076923084,-0.3968253968253969,-0.3309296840450101,0.07175959802917209,-0.4665846064731012,-1.2895127993393891,-0.09093738652279916,0.0,0.0052386495925493826,0.0,0.03468208092485558,-0.014880952380952328,0.5667177914110431,0.3333333333333335,0.008122941822173324,0.007052186177715082,-0.009174311926605559,0.0024141630901286515
14,1997-09-26,0.0525774476627725,0.06355794034646234,0.061616210897795565,0.1005822366154483,0.04193183069725581,0.027470768055784852,0.09208531548957087,0.09208531548957087,0.078125,-0.3968253968253969,0.5525934086110347,1.2597633136094673,-1.184878512284512,2.5037079292641184,-0.3504907555352659,0.18356643356643354,0.020845396641575142,0.04150453955901412,0.039106145251396766,0.1419939577039273,0.13313754282917278,0.0,-0.010235191637630649,0.03501400560224077,0.0092592592592593,-0.03362768709303365
15,1997-12-31,-0.018327657403263253,-0.007446490887318634,-0.07814241343786021,-0.08831708169643092,0.053451506792024935,0.09395258623192748,0.034728704435030185,0.034728704435030185,0.14492753623188426,-0.3968253968253969,-0.3148104349471393,-0.7400245734888311,-8.949339207048459,-1.8590849886030612,0.4635828501142154,0.08124076809453484,0.02098695405558693,0.04109589041095885,0.053763440860215006,0.042328042328042326,0.02419006479481656,0.0,0.07326732673267332,0.021650879566982528,0.018348623853211118,0.0887022337086949
16,1998-03-27,0.2612137890969757,0.1676345823245824,0.4672716848975318,0.5341726515780136,0.0448280638381644,-0.05435673119969142,-0.1200037009622502,-0.1200037009622502,-0.17721518987341778,-0.3968253968253969,0.8632574515455378,14.040675602386305,-13.801930359286967,-1.28048896048517,-0.08884353333133232,0.15437158469945333,0.0011111111111110628,-0.03349282296650713,0.04591836734693877,0.09390862944162426,0.08013496415014765,0.0,-0.17158671586715868,0.007947019867549754,-0.04504504504504503,-0.2389147944044085
17,1998-06-26,0.00023199654114258725,0.0010110887348093733,-0.03002175910392701,-0.037057345384057805,0.044847351153412866,0.1643900467424375,0.21391020923141624,0.21391020923141624,-0.4,-0.3968253968253969,-0.3847942274381941,-0.9449544119919642,-1.152218691042628,-1.8645270270270267,0.08429686727937535,0.08994082840236706,0.002774694783573839,-0.01856435643564358,0.043902439024390505,0.04176334106728552,0.046075751659508064,0.25,0.04454342984409787,-0.0065703022339027575,-0.009433962264150941,0.039545505179904065
18,1998-09-25,0.16864766844840862,0.2862794095671377,0.08315083458060069,0.10519417970903698,0.2856957318376816,0.16482850719381115,-0.3837425836906154,-0.3837425836906154,-0.4615384615384616,-0.4736842105263158,-0.00012045108932956516,7.168491484184916,-2.8190629665616034,-13.166471277842907,0.19352290679304907,0.028230184581976125,-0.1710016602102934,-0.16267339218158886,0.11214953271028016,-0.013363028953229494,-0.014557670772676444,0.0,0.10021321961620466,-0.15740740740740733,-0.00952380952380949,0.1638448349764252
19,1998-12-31,-0.011717009149515456,-0.04595508941777593,-0.0656139402926551,-0.19537416523742546,0.05044556271135869,0.4189495874256215,1.4687280393534787,1.4687280393534787,1.0,1.0499999999999998,0.3635651794184521,-0.911105128396066,-1.9573861045610288,-1.0846984004625169,0.06712314819528586,0.10454065469904973,0.06275033377837125,0.07530120481927716,0.05042016806722693,-0.009029345372460472,0.228409090909091,0.0,0.06287683031869085,-0.012558869701727038,0.09615384615384603,0.1857103397477211
20,1999-04-02,0.002719888706930185,0.003475009696652709,-0.023185789150354297,0.051640397557735085,0.029297301215906343,-0.2663270167523893,-0.2149302590378593,-0.2149302590378593,-0.02380952380952384,-0.04878048780487798,0.1559749538944044,-0.2169598556608029,-0.08002667102111903,8.955631399317406,0.6262194976504545,0.21223709369024849,-0.0006281407035176878,0.05462184873949583,0.028000000000000025,0.15489749430523925,0.19858156028368776,0.2,0.02653970826580232,0.015898251192368873,0.035087719298245716,-0.04581456747942236
21,1999-07-02,0.0021950619118158428,0.06744151031589253,-0.038238672264838465,-0.036004528697861304,0.041562098436435546,-0.016978756675810724,0.14218894468717713,0.14218894468717713,0.12195121951219524,0.15384615384615374,-0.21407759106585025,0.892198815009875,-1.0378954841954235,1.2790538224202948,0.8776108894625674,0.1869085173501579,-0.005028284098051561,0.04648074369189903,-0.007782101167315147,0.15581854043392496,0.12220221250321585,0.0,0.03927373199131612,0.04381846635367759,0.0,0.10734049479166674
22,1999-10-01,0.11937103225356373,0.27214823454118275,0.09974403745418957,0.14865803581531178,0.1370161605832465,0.05404447152652137,-0.01834862385321101,-0.01834862385321101,-0.0652173913043479,-0.06666666666666676,1.1704307871833521,2.772375402278856,20.307572209211553,1.4444277309800777,1.1884413474157864,-0.08504983388704324,0.08275426405559072,0.12309644670050755,0.13333333333333353,-0.07849829351535831,-0.12906923429619432,0.16666666666666674,0.015761488796050216,0.13493253373313352,-0.008474576271186418,0.10744469758212682
23,1999-12-31,-0.010923730915200491,-0.00532373064934788,-0.06599766624513914,-0.1162104029377108,0.03696596756966697,0.17539555960284806,0.31968114348543164,0.31968114348543164,0.2558139534883721,0.2380952380952381,-0.6997877428496222,-0.6327615226764428,-1.7569518226781462,-1.135769717274623,-0.07088292198844859,-0.11837327523602025,-0.01458576429404901,0.016949152542372836,0.04498269896193774,-0.2222222222222222,-0.23453540405369844,0.0,0.0484202654701813,0.08058124174372505,-0.05982905982905973,0.12548941535602887
24,2000-03-31,0.05201257207331245,-0.05739541159471163,0.12526479152547565,0.145708295592746,-0.005359460753273981,-0.055664671388450326,-0.1232586348432312,-0.1232586348432312,-0.07407407407407418,-0.05769230769230771,1.594254267325809,6.456851357714645,0.6690866850588064,7.4760537845596025,-0.6466434353640873,-0.0971993410214168,0.011841326228537508,0.022222222222222143,-0.006622516556291425,-0.1357142857142858,-0.15302613480055016,0.0,-0.05456490727532093,0.02689486552567244,0.0,-0.17724056603773586
25,2000-06-30,0.15738076097227416,0.16327559016203907,0.28859512298127243,0.17567008430390785,0.041115653367035376,0.026419403420188114,0.13569601855863156,0.13569601855863156,0.1399999999999999,0.14285714285714302,0.04994786610577795,0.04435500846180407,-3.808336958097724,-1.5450748325995638,0.9974883660244422,0.20529197080291967,0.015798712697483897,-0.01195652173913042,0.040000000000000036,0.21212121212121213,0.14129110840438486,0.1428571428571428,-0.10052810260279144,0.01904761904761898,-0.036363636363636376,-0.010534613730829869
26,2000-09-29,0.04845891564803706,0.042918311671365166,0.04979042283365653,0.05204264719283303,0.04699865949015414,0.10778367152198932,0.029015467532947037,0.029015467532947037,0.035087719298245716,0.03571428571428559,-0.23533843340570226,-0.12877609100510334,-0.6140811911756354,-1.3261573342344208,-0.16287361264581168,-0.034822104466313515,0.042626728110598984,0.009900990099010132,0.04487179487179471,-0.07045454545454555,-0.08822483102098899,0.0,-0.0012581253931641667,0.014018691588785215,0.0,-0.00869124357210116
27,2000-12-31,0.036465299942028295,0.07245341542615713,0.02559891144494686,0.014075027653242866,0.04841418106819506,0.046193399582077584,0.049494768310911715,0.049494768310911715,0.05084745762711873,0.034482758620689724,0.034671156929305225,-0.5671222608824399,-0.9864747354479658,-1.7731100862241829,0.1504184250053644,0.16470588235294126,-0.013812154696132615,-0.04793028322440085,0.046012269938650485,0.11491442542787288,0.07803355442840433,0.125,0.011547344110854452,-0.011520737327188946,-0.03773584905660377,0.0575728793745891
28,2001-03-30,0.11848636759027698,0.26903912756239196,0.18375845838841445,-0.01895458204881495,0.04827390565881329,-0.02623674287003963,-0.05910168178296338,-0.05910168178296338,-0.06451612903225812,-0.06666666666666654,0.5035837950138504,0.03769894289043041,411.0741839762611,20.28154584360005,2.782584612602021,0.017508417508417473,-0.0117647058823529,-0.04919908466819234,0.04692082111436946,-0.028508771929824595,-0.01918204849800931,0.0,-0.06288916562889169,-0.002331002331002363,-0.0490196078431373,0.2935405872193437
29,2001-06-29,0.02450825812340418,0.009706288563255505,0.010921929210631507,-0.025852803247287448,0.04101179855380166,-0.048386374782026564,0.14111677585768434,0.14111677585768434,0.12068965517241392,0.125,-0.2080382742063629,0.3999423179926662,-0.9898849515250584,-0.987649957546729,0.009085067913871205,-0.03176704169424216,-0.006802721088435382,-0.01684717208182906,0.03641456582633063,-0.0744920993227991,-0.061254612546125416,0.11111111111111116,0.016168327796234783,0.022196261682242868,-0.04123711340206182,0.03647724845118572
30,2001-09-28,0.02058856315998514,-0.010100512833542965,0.0045234680401584635,-0.0011814247160214508,0.03953904532032215,-0.05754823387247676,-0.06881035763557253,-0.06881035763557253,-0.061538461538461535,-0.0634920634920636,-0.1343641637406494,0.05023103184413436,-2.2411010915994307,-5.74407894736842,-0.04271223586204853,-0.11893369788106635,-0.030821917808219083,-0.035495716034271714,0.04054054054054057,-0.15121951219512186,-0.14465408805031446,0.0,0.018526591107236312,0.03314285714285714,-0.06451612903225812,-0.00891430926985115
31,2001-12-31,0.02236919015264438,0.0024512962619336327,0.03196881355500314,0.04632857153142544,0.011426844234022848,0.01923716819655974,-0.6226380689718051,-0.6226380689718051,-0.6557377049180328,-0.6101694915254237,0.496036144983036,-0.2164860339500767,0.12447418738049708,-3.0833795590070725,0.09295616474803016,0.06361520558572531,-0.18374558303886926,-0.19035532994923854,-0.041558441558441565,0.02298850574712641,0.0588235294117645,0.09999999999999988,-0.010699764605178741,-0.12942477876106184,-0.06896551724137923,-0.041956951232193014
32,2002-03-29,0.12717169628022762,0.03160809019451993,0.08642936042597382,0.221113070557774,0.17455597405709278,0.09279794369986027,-3.7487013771442377,-3.7487013771442377,-4.0,-3.5217391304347823,0.4777368616047872,6.3834921940664175,-74.05662302329536,-3.2482984707037423,-0.1912182846726176,0.21006564551422316,-0.6096681096681096,-0.603448275862069,0.17344173441734426,0.2640449438202248,0.4327256944444444,0.0,0.0421804023361454,-0.5832274459974587,-0.04938271604938271,-0.1551527649644544
33,2002-06-28,0.03888626729820421,0.101927846161165,0.032351141530295946,0.06124062271831888,0.04591650592776042,0.14152361017200632,-2.1389880788880955,-2.1389880788880955,-2.095238095238095,-2.137931034482759,-0.5054112677447417,-0.9781618034404878,-0.983588814977912,-1.9890161131547588,0.2338306629428193,0.030138637733574388,0.009242144177449285,0.02371541501976293,0.04618937644341803,-0.12222222222222225,1.38018782187216,0.09090909090909084,0.006641760066417479,0.024390243902438824,0.0,0.03834789311408016
34,2002-09-27,0.04428854090693357,0.054249611564240574,0.035686139474532474,0.041478988944903435,0.05342265111641131,0.004706340081268357,0.1192687985337384,0.1192687985337384,0.10144927536231883,0.1212121212121211,0.32092412384119684,5.633394332612432,5.469720607006098,-0.26582250061740864,0.13913838953302848,-0.12990052662375662,0.13186813186813184,0.14671814671814687,0.044150110375275935,-0.1696202531645571,-0.1588392516227567,0.0,0.0088659793814434,0.13988095238095255,0.0,0.012248685431487829
35,2002-12-31,0.0227902519525256,0.06261851305179222,0.0029211980665289072,-0.07842457472315856,0.04353218564171901,0.10701984247921148,0.39372053538339546,0.39372053538339546,0.3947368421052633,0.3783783783783785,-0.15737020519469944,0.5141531516468818,-0.2550747511947038,-0.925741312701956,0.00907021855678325,0.010087424344317421,0.6715210355987056,0.7003367003367005,0.0422832980972514,-0.030487804878048693,-0.1342109244968982,0.08333333333333348,0.020232985898221974,0.6553524804177544,0.038961038961039085,0.15302817331785112
36,2003-03-28,0.0437154853631816,0.05470441919752545,0.05088314600936705,0.08180907159657069,0.03652413494289442,-0.06177596789905392,-0.3622860393786485,-0.3622860393786485,-0.3679245283018868,-0.3627450980392157,0.4790157192343256,-0.3318739199328633,-0.8777882408333824,12.887439945092654,0.1248298811913684,0.06591211717709733,0.5963213939980638,0.6079207920792078,0.034482758620689724,0.022012578616352085,-0.3918210415938483,0.0,-0.007011217948717952,0.6025236593059937,0.0,-0.02507022844119366
37,2003-06-27,0.027347191481192912,0.06009786088186009,0.00532397996968359,-0.04115862790449632,0.04974928851279148,0.08628632812663284,0.2135058084285244,0.2135058084285244,0.22388059701492516,0.2153846153846155,0.09599880561361608,-0.8233991389354862,-17.970142065976404,0.5466739151922506,0.171644729841943,0.06495940037476577,-0.0012128562765311155,0.009852216748768685,0.0490196078431373,0.027692307692307683,-0.3617816091954023,0.0769230769230771,0.02178737139398823,0.011811023622047223,0.0,0.10563227139284548
38,2003-09-26,0.019400754857072045,0.04167163074174906,-0.018816432419961338,-0.026519881720733274,0.056630254348774,0.0077102918813758406,0.10766796650258904,0.10766796650258904,0.09756097560975617,0.10126582278480999,-0.2758522340280616,2.575780262973188,-0.1535252635611618,-0.7659911680310845,0.034282049601632725,0.05513196480938398,-0.0018214936247724636,0.01585365853658538,0.0523364485981308,0.005988023952095745,0.012606933813597454,0.0714285714285714,0.03652517275419554,0.012645914396887116,0.0,0.07002016029896252
39,2003-12-31,0.04549588769543722,0.05817277830188172,0.036191981107059464,0.08008499780852785,0.053912184509173455,0.13694823250354538,0.22600239507134726,0.22600239507134726,0.2333333333333334,0.2183908045977012,0.4236880625003674,0.9530738831165432,-1.2622156662252544,2.4254308108255733,0.11353845791765747,0.1511951083935521,-0.032846715328467065,-0.018007202881152432,0.051509769094138624,0.09523809523809534,0.10626945309026237,0.0,0.008190476190476081,-0.025936599423631024,0.012499999999999956,-0.020265612793529786
40,2004-04-02,0.05734022249475701,-0.14478726618722149,0.08002612121266317,0.16456630891382118,0.0371636453580475,0.03654876684099317,-0.14535205300507215,-0.14535205300507215,-0.15315315315315325,-0.15094339622641506,0.040014864669570833,4.542030150753769,-1.1738796905964328,-5.685280118632853,-0.4777198989396467,0.10960888459681306,0.02830188679245293,0.039119804400978175,0.03716216216216206,0.054347826086956534,0.09646302250803873,0.0,-0.019081806159078063,0.011834319526627056,0.024691358024691246,-0.26561913696060024
41,2004-07-02,0.05464269874773642,-0.02166948510928335,0.05621410645429359,0.060091282150201764,0.053187349064071736,0.050579610689798,0.25466800694004577,0.25466800694004577,-0.3723404255319149,-0.37777777777777777,-0.01987882926519402,-0.3366555924695459,14.840441176470588,-0.4228036142733167,-0.5279508035972769,0.04612706701479552,0.046483180428134485,0.05176470588235271,0.05211726384364823,0.010309278350515427,-0.02639296187683293,0.06666666666666665,-0.0013482280431433846,0.0399610136452242,0.012048192771084263,-0.07715398863128309
42,2004-10-01,0.03114168746744528,0.09252852060881334,0.010267297871104029,0.21998288408959896,0.050529936604424286,0.07650910257240584,0.10184763462161084,0.10184763462161084,0.10169491525423746,0.10714285714285697,0.09511927378488184,-0.9134802545727596,-1.0925126491203638,-1.6731259636616638,0.7528397382000429,0.04617304492512475,0.04675628287551148,0.049217002237136535,0.049535603715170407,-0.00765306122448972,-0.041039156626506035,0.0625,0.018707810993249918,0.02249297094657909,0.023809523809523725,-0.10450550211087273
43,2004-12-31,0.07212633326407891,0.08525168875141165,0.03649721546838358,0.05957685938325441,0.1039505510813008,0.1342445503169969,0.08435055006897653,0.08435055006897653,0.07692307692307687,0.08064516129032273,-0.023047815617475043,3.4305485338725985,-0.055444054189663805,-0.6605496550969013,0.14579296852956114,0.09701789264413517,0.005583472920156264,0.013859275053305087,0.1017699115044246,0.0462724935732648,0.003140950137416665,0.0588235294117645,0.029723589549413232,-0.007332722273143966,0.023255813953488413,0.024267717752531004
44,2005-04-01,0.01516489553141298,-0.0005941021485666997,0.0024683735604489328,0.0021091720148973536,0.025812599222197585,-0.07760838157588977,-0.13536949432783718,-0.13536949432783718,-0.12857142857142856,-0.1343283582089554,0.1812471603816448,0.10994308861915014,-1.1134130146082335,-0.17480162570156765,0.1049998768705418,-0.01413555636100039,0.0,0.013669821240799074,0.02543507362784481,-0.10565110565110568,-0.07436399217221146,0.0,0.01047986762272468,0.015697137580794163,0.0,-0.0027163661057871824
45,2005-07-01,0.005037400109617618,0.04223375326881862,-0.004885969162984227,0.011448477546420754,0.013170067154428144,0.056233255273425035,0.2165349311575726,0.2165349311575726,0.21311475409836067,0.2068965517241379,-0.09421105095980332,-0.6214066335119575,101.1569086651054,1.1199086886501868,0.2014390733829368,-0.04154411764705879,0.011660188784008874,0.029045643153526868,0.015665796344647598,-0.06593406593406602,-0.09260042283298088,0.05555555555555558,0.008005822416302655,0.015454545454545388,0.011363636363636465,0.030491034274040762
46,2005-09-30,0.04118755090214354,-0.07901287765406317,0.042467678776484614,-0.014619229395971822,0.04015712280321737,0.01957247305985033,-0.0008689197450004738,-0.0008689197450004738,0.0,0.0,0.08940261431432628,5.109919328377629,6.067100708374407,-4.931422080939352,-0.6591611997699884,0.039892596854622216,-0.009879253567508184,0.0010080645161290036,0.041131105398457546,0.0235294117647058,-0.016775396085740857,0.05263157894736836,-0.0009025270758121762,0.0044762757385854455,-0.011235955056179804,-0.06534508076358292
47,2005-12-31,0.015519542949604224,0.051815414550102634,0.013361373884411387,0.031379855280410096,0.01726060180835654,0.15123208950479938,0.09999956297717437,0.09999956297717437,0.10810810810810813,0.11428571428571432,-0.021158762176682444,-0.8082286907907772,-0.4834530320429229,-1.0749107936829545,0.14487285076246015,-0.004057543341940195,0.014966740576496829,0.019133937562940684,0.02592592592592613,-0.04310344827586199,-0.034123222748815296,0.049999999999999815,0.0016260162601626769,0.0017825311942960551,0.02272727272727271,0.01979575805184619
48,2006-03-31,0.02085198375354924,0.019051150434004068,-0.025206484144667862,-0.049977827598336584,0.057866288739949034,-0.053050375615018235,-0.1429621418894491,-0.1429621418894491,-0.14634146341463414,-0.14102564102564094,0.11904137727352683,1.3093405691441595,-0.031066705183436124,-2.3705985474580515,-0.17343630665090592,0.10629629629629632,-0.0016384489350083074,0.009881422924901129,0.0553549939831528,0.0780780780780781,0.06182531894013742,0.04761904761904767,0.036255411255411214,-0.008896797153024938,0.022222222222222143,0.07263903866892618
49,2006-06-30,0.273469566219501,0.08100162439085334,0.5208471581947749,0.17719272441115866,0.09027932965051844,0.096145332680867,0.4580171426717163,0.4580171426717163,0.4571428571428573,0.4626865671641789,-0.0676438666516419,7.068320280322638,-11.604273742473636,-1.4368878818886128,0.0916713633383559,0.0803481754268498,0.03774617067833708,0.0029354207436398387,0.08665906499429865,0.025069637883008426,0.04667282809611817,0.04545454545454541,-0.14377719756309834,0.04039497307001794,-0.0434782608695653,-0.0817235188509875
50,2006-09-29,0.00925995493214926,-0.0049102696764492535,-0.0299976589111145,-0.06795845956042622,0.04981208364777867,0.039560994210482425,-0.14768760213911902,-0.14768760213911902,-0.1470588235294118,-0.15306122448979598,0.37533356021258796,-0.9577619388431474,-1.2269659638760402,-1.8691342534504392,-0.07298416411164144,-0.002479082739386573,-0.014232999472851946,-0.035121951219512115,0.0482686253934943,-0.08152173913043481,-0.09183222958057392,0.04347826086956519,0.04025208375686118,-0.015530629853321876,-0.011363636363636355,0.06764682881051076
51,2006-12-31,0.07000026949317317,0.0516096597239839,0.059327176810213926,0.04012345026403175,0.08018715098375218,0.08905348662128287,0.207579335325343,0.207579335325343,0.2068965517241379,0.20481927710843384,0.07117617131492526,5.369897301873597,-1.2917390379400508,-3.5916943361724654,0.2040446747893556,0.10406958682820756,-0.0010695187165775666,-0.01718907987866536,0.07607607607607614,0.053254437869822535,0.05979581915410793,0.04166666666666674,0.009380496384600256,0.024539877300613574,-0.04597701149425293,0.011060650454145948
52,2007-03-30,0.017417939201739733,-0.02616511463364779,-0.02862227793239025,-0.14679925970378396,0.060512200774757385,-0.039175177125810416,-0.21288038626331016,-0.21288038626331016,-0.2190476190476192,-0.22,-0.3028942266590098,-0.3677740473424983,-2.0582534129614074,-3.2326488172602033,-0.3783581385104308,0.020540236353404632,-0.032655246252676684,-0.04218106995884763,0.0604651162790697,-0.053370786516853896,-0.04403669724770642,0.040000000000000036,0.04240077444336898,-0.007698887938408894,-0.036144578313252906,0.14141853220314404
53,2007-06-29,0.0044678351170495114,-0.00818553970661273,-0.03787800164694877,-0.03321570935360818,0.04077273713543983,0.045058762773665606,0.2211503744054253,0.2211503744054253,0.2317073170731707,0.23076923076923064,0.14205105017683595,-0.6849754129826764,1.5133451957295372,-0.8052409227749779,-0.11853880261586115,0.0041356492969395475,-0.057000553403431124,-0.026852846401718592,0.04385964912280693,-0.05341246290801194,-0.02639155470249521,0.0769230769230771,0.03621842496285277,-0.0336206896551724,0.012499999999999956,0.025833068867026517
54,2007-09-28,0.047794829635496194,0.03264428431490951,-0.015646773684090953,0.03136151956435152,0.09807571742683252,0.022438877932563942,0.5546031868463848,0.5546031868463848,0.5445544554455446,0.5416666666666667,0.03804851857275349,0.6377976363179172,-0.35931285788651746,-2.5003202527861994,0.2017628987338138,0.07935200439319058,0.108568075117371,0.14679911699779247,0.08991596638655475,0.034482758620689724,0.0852636766880237,0.03571428571428559,0.04785803907510311,0.1534344335414808,-0.012345679012345734,0.001237470610073066
55,2007-12-31,0.2683765373278826,0.19601406120931952,0.4656948204262135,0.3858860896818896,0.1281872601852323,0.12315796526812316,-0.3379964897120448,-0.3379964897120448,-0.3525641025641025,-0.3445945945945946,0.49247251154005894,15.798807168797426,-13.456162587886073,-0.15109858834244086,0.14252129911458766,0.07631645891630634,-0.0799364743250397,-0.08277189605389812,0.10023130300693904,-0.012121212121212088,-0.08946412352406896,0.06896551724137945,-0.1105029079712624,-0.03944315545243615,-0.03749999999999998,-0.1370040786058584
56,2008-03-28,0.02181137922044707,0.02605236301248937,-0.012856764175918078,0.028136253803209943,0.0538106745466056,-0.012596519526887229,-0.13652900304473414,-0.13652900304473414,-0.13861386138613865,-0.14432989690721654,-0.4168565797442387,-0.9814397808769282,-1.1241273414037856,-1.1773225600965571,-0.02211971159476056,-0.07846844717560864,-0.059263521288837724,-0.061909758656873086,0.053258584442887225,-0.16257668711656434,-0.07182044887780559,0.032258064516129004,0.03134615384615391,-0.02576489533011284,-0.038961038961038974,-0.002005012531328454
57,2008-06-27,0.007930982216904248,0.008772949454825206,-0.043256285282216034,0.03759151605731992,0.05218873487599218,0.0841966354493453,0.3144355436610549,0.3144355436610549,0.31034482758620685,0.3132530120481929,0.7462345193571818,0.5835984848484848,0.5609950918053117,-10.506712043864622,0.21504240459500726,-0.0017953321364452266,-0.039755351681957214,-0.03691275167785235,0.05056553559547572,-0.05128205128205132,-0.0134336378291241,0.0625,0.04381875815774738,-0.014876033057851238,-0.027027027027027084,-0.027767812298199024
58,2008-09-26,-0.020782107357234736,-0.016857252392629585,-0.05958360589131795,-0.026475656703154767,0.00972337380702415,-0.02305615739845524,0.023508177235808114,0.023508177235808114,0.017543859649122858,0.018348623853211118,-0.2527261538884649,1.0754777908005837,-0.4156051098363453,-0.9518903760863944,0.00851460753255906,-0.014902363823227072,-0.1273885350318471,-0.12775842044134722,0.007599746675110986,-0.06177606177606165,-0.04411764705882349,0.02941176470588225,0.03126116470167939,-0.11241610738255026,-0.01388888888888895,0.009889298892989062
59,2008-12-31,-0.007407219076165593,0.01602813446812057,0.031302649652388936,-0.08849761158287672,-0.035751723047742545,-0.009873196057205049,-0.17824576872620912,-0.17824576872620912,-0.1724137931034483,-0.1711711711711712,0.17162553508624634,0.4835051486985635,-0.4974845424171434,42.95824720959074,0.3711272201843507,-0.23187271778821086,-0.029197080291970882,-0.010652463382157085,-0.032683846637335034,-0.2386831275720165,-0.16125356125356127,0.05714285714285716,-0.028581326866447317,-0.018903591682419733,0.014084507042253502,0.11465945629932772
60,2009-04-03,0.01046224475887203,0.07407527705804395,-0.0014851138426721364,-0.0984817658538114,0.019818807282861558,-0.17275648149255818,-0.2223654338111657,-0.2223654338111657,-0.22916666666666666,-0.21739130434782614,-0.3782757050078923,-0.7278963355422108,-3.4946427206725263,4.483528471340574,1.4842435103117189,-0.0862478777589134,-0.039849624060150364,-0.026917900403768517,0.019493177387914118,-0.054054054054054064,-0.07404891304347827,0.027027027027026973,0.009272467902995851,0.0019267822736031004,-0.04166666666666674,0.1914377499508293
61,2009-07-03,0.036738460465993716,0.06479270474760201,0.006481222420711585,0.013484567159173231,0.05993938191870485,0.017454135562672723,0.2439170088173925,0.2439170088173925,0.2567567567567568,0.2361111111111112,0.5336192169357614,1.8958630731456632,-1.080346420606328,-0.515571325916538,0.28942819523641194,0.08955778520995916,-0.06499608457321847,-0.058091286307054076,0.05672402804333965,0.06857142857142873,0.1203228173147468,0.05263157894736836,0.022438162544169412,-0.003846153846153833,-0.043478260869565084,0.050624552908160585
62,2009-10-02,0.04581878670132511,0.08564211539232591,0.02998858789072867,0.0678693973109803,0.057345008411674,0.028831440947423518,0.1882655718411601,0.1882655718411601,0.17204301075268824,0.1797752808988764,0.03599806450948706,-0.15582098086867358,-2.8420330194074808,0.33757691191152217,0.30023577352709085,0.07469304229195095,-0.041876046901172526,-0.03817914831130675,0.05247285886610386,0.016042780748662944,0.13359528487229855,0.024999999999999908,0.010886469673405895,0.02316602316602312,-0.06060606060606066,0.016602943487141752
63,2009-12-31,0.022623687715424223,0.004201751794265629,0.0017438486762924033,0.03084323152566637,0.0374332915065827,0.13894644004256373,-0.24028711048118326,-0.24028711048118326,-0.23853211009174324,-0.2380952380952381,-0.01551432182975987,1.9125494157698348,0.21554097410527628,-0.7732015245354931,0.05236974485876389,0.1183751190098381,-0.07342657342657344,-0.05954198473282446,0.0303724928366762,0.06315789473684208,0.1374927787406126,0.048780487804878085,0.0145299145299147,-0.028301886792452824,-0.03225806451612912,-0.025811437403400198
64,2010-04-02,0.014555748230964172,-0.1301665240273775,0.0078119389688502405,0.03507692976356047,0.019174430378353646,-0.012982254096215229,0.12474197838425095,0.12474197838425095,0.12048192771084355,0.11250000000000004,-0.20483423574015525,1.6090096375735048,-0.8823309038893808,-11.684591954626615,-0.5317041442111132,0.06980703745743466,0.01132075471698113,0.024350649350649345,0.015572858731924375,0.03960396039603964,0.1066531234128998,0.046511627906976834,0.0045492839090142114,0.011650485436893288,0.01666666666666661,-0.15965942143952616
65,2010-07-02,0.00997507827461952,0.1109547360681178,-0.0008123358448766106,0.04692235932040178,0.017280766390245672,0.07072620964873133,0.2406231160465373,0.2407030539614232,-0.3870967741935485,-0.3820224719101123,0.3657062194227161,-0.8548213574894299,10.790303907380608,-1.4659134598580963,0.5289991666335965,0.05941644562334214,0.03078358208955212,0.03961965134706813,0.012048192771084263,0.04285714285714271,0.010096374483708148,0.04444444444444429,0.0072123448507213075,0.008637236084452882,0.016393442622950838,0.06117054751415973
66,2010-10-01,0.07066492547396752,0.08239795549235462,0.03801982484113165,0.029254310219489318,0.09238033473185037,-0.03646357010632384,0.7355077911060042,0.7353020134228188,0.736842105263158,0.7272727272727271,0.0768585838493614,-0.0624593088189368,-1.2381092658737465,-0.057348418071679126,0.32613614980826244,-0.0343014521782673,0.17828054298642534,0.19359756097560954,0.08982683982683981,-0.045662100456620995,-0.0872330758746025,0.042553191489361764,0.02031640299750204,0.1855375832540438,0.016129032258064502,0.05165460799430677
67,2010-12-31,0.033458950633866065,0.049241634150535514,0.014228128075492563,0.07317172967568307,0.04092618752312216,0.13136352565503095,-0.2669703837199409,-0.2669306930693069,-0.2828282828282829,-0.27368421052631586,-0.010332023056725093,2.5089683440321133,-3.4651786174545087,-1.0051255269146118,-0.0012605188493743926,0.12859735545760964,0.08448540706605212,0.09450830140485313,0.032770605759682166,0.03349282296650724,-0.07615729218516676,0.04081632653061229,0.007181328545780906,0.0898876404494382,0.0,-0.02233124682794796
68,2011-04-01,0.03680722937661174,0.07022918003676759,-0.01577051865599355,0.00577985532357328,0.06915384059963481,-0.07302477953978481,-0.0939061655861696,-0.0939061655861696,-0.08450704225352101,-0.08695652173913038,-0.23862427217320625,-0.09100928531549313,0.09702647317134372,18.127122755943716,-0.024140528359196108,0.1316333563059957,0.015580736543909348,0.032672112018669715,0.06153846153846133,0.0972222222222221,0.007004310344827625,0.03921568627450989,0.03127532004537348,0.051546391752577365,-0.015873015873015928,0.06408259791198012
69,2011-07-01,0.36807201218013663,0.06896859892509521,0.7997246363698491,0.2880513740822028,0.1248580837985538,0.109385713371962,0.5110094606365783,0.5110094606365783,0.4923076923076921,0.4920634920634919,0.5181553462563262,7.704061385420077,60.31632419656132,25.432003247000328,-0.6538672242445996,0.08424685343077543,0.05648535564853562,0.011299435028248705,0.08922101449275366,0.021097046413502074,0.013376136971642529,0.03773584905660377,-0.1777184160905091,0.11064425770308106,-0.096774193548387,-0.17009973980919346
70,2011-09-30,-0.028399115347083063,-0.036654360163544286,-0.06027494446564108,-0.03681151688647555,0.0004424028484557585,0.2172645011388392,-0.19319197736002613,-0.19319197736002613,-0.21649484536082475,-0.21276595744680848,0.05627866336476784,-0.9753146122048568,-1.2007705227934669,-0.9354927560711572,-0.12185836039181774,-0.10559820258378573,-0.10693069306930693,-0.13631284916201125,-0.0004158004158004713,-0.1776859504132231,-0.21436114044350585,0.05454545454545445,0.02961972100133758,-0.13808322824716268,0.017857142857142568,0.0001959503592423584
71,2011-12-31,-0.02184883846405683,-0.006679981971761007,-0.0767339962734076,0.011720798943665844,0.0247315977998388,-0.0006670961993001656,0.09033907242256813,0.09033907242256813,0.09210526315789468,0.08108108108108114,0.18180220646853607,1.0060302501070946,-0.17196833861332786,-1.7830543777430634,0.10866324777854852,-0.044588653966924914,-0.0051736881005174365,-0.023285899094437238,0.01996672212978368,-0.045226130653266416,0.022177419354838742,0.034482758620689724,0.04751299183370472,-0.012435991221653064,-0.01754385964912264,-0.01821981323058841
72,2012-03-30,0.015743596200624266,0.04318408534463192,-0.0345148003737803,-0.06219085777947798,0.05433503642134885,-0.0440424577664823,0.07393896067031824,0.07393896067031824,0.07228915662650602,0.07499999999999996,-0.21999823499473525,-1.6846838707557863,-0.4192822722249336,8.619098284346324,0.9427952648132872,0.14110429447852746,0.03417533432392261,0.018543046357615944,0.04934747145187601,0.11578947368421065,0.1012491781722551,0.03333333333333344,0.03809355067328135,0.02296296296296285,0.0,0.11241186643607826
73,2012-06-29,0.02464169522071935,0.010281171832291271,0.021796272665144167,0.029938153119972943,0.02685310047715617,0.054964529148189945,-0.020823543999791142,-0.020823543999791142,-0.033707865168539415,-0.023255813953488413,0.5637821367240534,-6.930490745294675,-1.2187370190403508,-0.8519461485891262,0.0718472360807183,0.015168970814132043,-0.04669540229885039,-0.018205461638491568,0.02293043140303141,-0.03301886792452846,-0.054925373134328326,0.04838709677419351,0.0022188086704217898,-0.0666183924692253,0.05357142857142838,-0.019134178426213788
74,2012-09-28,0.013308605745359305,0.04500495046134967,-0.013294296219305446,-0.023577927990190872,0.03191851607230633,-0.030288183115297573,-0.08566872559980943,-0.08566872559980943,-0.08139534883720922,-0.08333333333333326,-0.04740175882161135,-0.8751050550837558,-7.228738830249231,4.644502848299692,0.3783579553584204,-0.006052581804425915,-0.022607385079125845,0.003973509933774988,0.03571428571428581,-0.02439024390243893,0.02463676563487049,0.030769230769230882,0.01822207084468652,0.01629169899146632,-0.016949152542372947,0.07028773469885398
75,2012-12-31,0.042917903260428325,0.09840764331210193,0.09692705903288412,0.06897902223021958,0.006905295252812138,0.12674205641299374,0.1488314031363045,0.1488314031363045,0.1518987341772151,0.1558441558441559,-0.16799875981122492,6.6285670326822785,-1.6554623834823876,-0.6753305995107481,0.08912079463581901,0.02930542340627995,-0.0030840400925212785,0.0013192612137202795,0.010638297872340495,-0.010000000000000007,0.019728729963008677,0.02985074626865658,-0.034453922060545206,0.0,0.0,0.0275103947143589
76,2013-03-29,-0.01431954099754107,0.04246290097261385,-0.08205180016020662,-0.06647488171940752,0.03494859727079125,-0.10662492879651743,0.09755014244833472,0.09755014244833472,0.09890109890109876,0.101123595505618,-0.20404965529660246,-1.5888116238017045,-3.561892880065192,2.4360758848623387,0.2811699529397749,0.10057311887594757,0.007733952049497228,0.015810276679842028,0.03121597096188755,0.09090909090909104,0.07134220072551377,0.04347826086956519,0.04988740689416238,0.025954198473282286,-0.017241379310344862,0.11668514412416853
77,2013-06-28,0.019701687440135673,0.04058154235145395,0.001910362339918814,0.052464026486692905,0.03124825340047055,0.06587621211780315,-0.10854169677699088,-0.10854169677699088,-0.11,-0.11224489795918367,0.4127258444619011,-1.799891833423472,-0.6126671358198452,-0.6309322033898306,0.0809968847352025,0.02805308247942206,-0.019186492709132752,-0.007782101167315258,0.02710313269975351,-0.004629629629629761,-0.0073363431151241,0.0277777777777779,0.011384260023098449,-0.0037202380952381375,0.0,-0.011268304790270522
78,2013-09-27,0.018490440665680064,-0.02518527517920055,-0.030915539374156475,0.035547489413188194,0.049689349185311434,-0.01443799472295515,-0.032101167315175094,-0.032101167315175094,-0.033707865168539415,-0.034482758620689724,0.08029359430604988,0.5393283750281721,1.3081395348837208,-2.8903559127439724,-0.1416405006666953,0.09558823529411753,-0.011737089201877993,0.002614379084967311,0.0472926662097326,0.06976744186046502,0.08584422967595229,0.04054054054054057,0.03066884176182705,0.005974607916355401,0.0,-0.058640425745556835
79,2013-12-31,0.028201843350770476,0.1358475516283011,-0.010493587252234704,0.057952049352713024,0.050726134262084166,0.12799040500310555,0.32211055276381906,0.32211055276381906,0.3023255813953489,0.3214285714285716,0.1099444101297098,-1.028550512445095,-1.023772040302267,-4.399939265107804,0.5610342754058929,0.07546607009694273,0.019794140934283444,0.049543676662320735,0.04875654450261768,0.0260869565217392,0.054450261780104585,0.025974025974025983,0.021842355175688333,0.04677060133630295,0.0,0.07359999999999989
80,2014-03-28,0.010682910227790554,0.03188606164345975,-0.016938334642576547,-0.04925564341564692,0.02574904066507933,-0.1146828184631743,-0.26555175471937165,-0.26555175471937165,-0.2589285714285715,-0.2702702702702703,-0.5258764607679466,-15.6,-0.026490066225165587,-0.7934083601286174,0.07424884437596302,0.04479267785327967,-0.07763975155279501,-0.05962732919254654,0.02402496099843998,-0.004237288135593098,-0.015392254220456869,0.12658227848101267,0.015024783147459697,-0.052482269503546064,0.0,0.0853452558370591
81,2014-06-27,0.017393115807617043,0.010952436651319177,-0.012535584078309904,0.02376637858935049,0.03304633367738452,0.06453342483968516,0.16681041918233566,0.16681041918233566,0.15662650602409633,0.1728395061728394,0.9399452269170578,0.9824376536705304,-32.17006802721089,-1.1098140942498922,-0.007590019423278083,0.014600477833820012,-0.015151515151515138,0.0039630118890356955,0.03138330286410729,-0.008510638297872353,0.062027231467473465,0.1123595505617978,0.015260186174271384,0.011227544910179743,-0.01754385964912264,-0.012495422922006559
82,2014-09-26,-0.00325927504971657,0.05071892124998678,-0.01158203520129475,0.014614110331994556,0.0008515840728484657,-0.018796841002498232,0.006209343583678306,0.006209343583678306,0.01041666666666674,0.0,0.024604214984370376,-0.7358256555634302,-0.8797468354430379,-28.724409448818893,0.21203818012104425,0.0009157509157509123,0.0042735042735042575,0.01842105263157889,-0.0017725258493354046,-0.030042918454935782,-0.02089268755935414,0.101010101010101,0.004208627686757893,0.020725388601036343,0.0,0.03555040556199285
83,2014-12-31,0.04096702208189473,-0.05587867260623658,0.154880690443296,0.2069513095211468,-0.0152733491430328,0.11229287723548853,-0.02776961504554809,-0.02776961504554809,-0.030927835051546393,-0.03157894736842093,0.21976183446511174,15.405767940979212,-6.088929219600726,-2.4480261289406418,-0.2533227337092887,0.030061429878447177,-0.05702127659574462,-0.062015503875968984,-0.01982835158330876,0.030973451327433787,0.0004849660523762456,0.09174311926605494,-0.05403382727136663,-0.05366207396664247,0.0,-0.21775132038313486
84,2015-04-03,-0.02485422405566651,-0.06965105552786999,-0.06352875150458948,-0.08222148098732485,-0.0024424568292547018,-0.10040242191538062,-0.1388846909475593,-0.1388846909475593,-0.13829787234042545,-0.14130434782608692,-0.5775375181539455,-0.7176321491353583,-1.930099857346648,-0.514955379033049,-0.16455948895395267,0.07435604618703208,-0.007220216606498186,-0.011019283746556365,-0.004830917874396046,0.09871244635193133,0.13087736306349962,0.10924369747899164,0.02294303797468356,-0.014559386973180157,0.0,0.013675115866567555
85,2015-07-03,0.025351862786681112,0.10030315463165572,0.010503406510219635,0.020776546126355374,0.033454826122379044,-0.9657111197751009,0.22077922077922074,0.22077922077922074,0.2098765432098764,0.2278481012658227,1.089381207028266,-0.6425365571159694,-0.8519938650306749,-2.6801455721795393,0.3309438470728794,0.014763198299279525,0.002727272727272689,-0.002785515320334331,0.06978155339805814,0.01953125,0.020145735105015158,0.10606060606060597,0.007888631090487321,0.3227060653188181,-0.2500000000000001,0.07795213366448395
86,2015-10-02,0.34393621508213745,-0.07485628463410843,1.069802103817461,0.7061476382625207,-0.04101455529185272,29.062238180730105,1.0173950546290973,1.0173950546290973,1.0816326530612246,1.0721649484536078,-0.12925045703839122,54.70271364925071,-294.50518134715026,-2.815282791817088,-0.451376421304608,0.019669459962756042,0.28649138712602,0.16480446927374315,-0.04339194554736248,-0.049808429118773916,0.013865546218487346,0.08904109589041109,-0.2863720073664824,0.26455026455026465,-0.0714285714285714,-0.4577682358485625
87,2015-12-31,-0.029888609255269264,-0.12260686535748674,-0.07788765688562482,-0.2846410684474123,0.024990589589273467,1.0900784329338693,-0.5092282477018457,-0.5092282477018457,-0.5098039215686274,-0.5074626865671641,0.2928826369934916,-0.981065949247437,-1.1747415992161916,-0.3087835598276434,-0.5686937551131716,0.050907430658600594,0.004228329809724984,-0.058752997601918426,0.02223539875481761,0.10080645161290323,-0.1864898466639039,0.08805031446540879,0.05655913978494631,-0.2408182240818224,0.23076923076923064,0.22646064703042
88,2016-04-01,0.0033884808241846365,-0.011420623476718572,-0.02656368825179289,-0.13760858291196676,0.03437693908477302,-0.4868991266084406,0.10120516915928568,0.10120516915928568,0.10000000000000007,0.101010101010101,-0.3725235466060409,-1.031874039938556,-0.5501338586654544,-0.8786803490936991,-0.15996459281740005,-0.03801455414358645,0.043508771929824615,-0.014012738853503182,0.03190255220417648,-0.05860805860805862,-0.05196128374936315,0.08092485549132955,0.030734785263586195,0.03000612369871392,-0.04166666666666663,0.14637795275590548
89,2016-07-01,0.06444272676168117,0.44968504750103255,0.10815045046937022,0.508259259955274,0.022052912298456958,0.07384169884169878,-0.13409810126582278,-0.13409810126582278,-0.13636363636363644,-0.13761467889908266,0.6586438923395446,-21.987951807228924,-3.655176285650124,-28.140711462450597,5.1682974559686885,0.10217906740431304,-0.020847343644922574,-0.08397932816537458,0.019392917369308812,0.0661478599221792,0.036539494895217565,0.06951871657753994,-0.03969194312796198,-0.21878715814506544,0.17391304347826098,-0.03887629644893187
90,2016-09-30,-0.19816440372245106,-0.4218502359540557,-0.31649825268919096,-0.406496467685867,-0.07400649228791256,-0.2857216940363008,-0.4036850921273032,-0.4036850921273032,-0.4,-0.4042553191489361,-0.3616788890622562,-0.11825487944890932,-2.597834820484628,-1.9105525296362098,-0.7629344006247559,-0.18664208154066786,-0.2891483516483517,-0.2566995768688294,-0.07554452715743043,-0.2007299270072993,-0.1814411612234318,12.22,0.1548426896977173,-0.26407914764079143,0.0,-0.02587007789609086
91,2016-12-31,0.09680489133724812,0.026473849565699537,0.2320954245249014,0.4430868707225929,-0.008140878593973722,-0.618087655187435,0.90755873340143,0.90755873340143,0.8771929824561406,0.8928571428571428,-0.20679540454656564,31.054036458333336,-2.150486978615287,-0.9975369458128078,-0.00792670372658022,-0.01133501259445846,0.030917874396135362,0.039848197343453684,-0.01043841336116913,0.06849315068493156,0.38885370487650417,0.003403933434190653,-0.09579772079772077,0.564632885211996,-0.33333333333333337,-0.2886802142175923
92,2017-03-31,-0.0011082827578137169,-0.05194220641850833,-0.034408263384116844,-0.1266947919697411,0.03403933434190631,1.6650402382612,-0.3224899598393575,-0.3224899598393575,-0.31775700934579443,-0.3207547169811321,-0.13682588597842835,-0.9667512948106022,-1.1358868184955142,19.753246753246753,-0.16581923835218426,0.0588535031847135,-0.09184629803186506,-0.08394160583941601,0.032851115129596264,0.07264957264957261,0.038303693570451484,0.005277044854881341,0.0352500984639621,-0.03106411103767337,-0.05555555555555547,0.08560231023102305
93,2017-06-30,0.008878309474396051,-0.009859310956020773,-0.018756409061247314,-0.29992837034198994,0.033810088372054015,0.07237796324036427,0.10116577751432533,0.10116577751432533,0.09589041095890427,0.09722222222222232,0.8038200642627633,0.27794746487477084,0.5659387167767056,-0.5150187734668336,-0.0964050255006842,0.012752646775745946,-0.039215686274509776,-0.01195219123505986,0.03297344616282438,-0.019920318725099584,0.12692138779095294,0.005249343832020914,0.02472893285143618,0.04092769440654842,-0.029411764705882363,0.41430742922287656
94,2017-09-29,0.004480051175547839,0.0005753923856408606,-0.02759410211100344,0.04399657354970743,0.03193981293208625,0.0040132147845945996,0.026556612237573995,0.026556612237573995,0.024999999999999908,0.025316455696202445,0.061256803562592665,-0.2590822179732314,0.11232432432432438,0.0038709677419355155,-0.10710352422907488,-0.004514136374435872,0.058002148227712214,0.05645161290322598,0.03050847457627115,-0.036585365853658465,0.043257989088074884,0.005221932114882533,0.027287915351772885,0.0530799475753605,0.0,-0.04157990192785643
95,2017-12-31,0.01738881994621755,0.09421424235647424,-0.0092766734894264,0.09226210826210823,0.03873042395390813,0.12311735347378637,0.4972906834469499,0.4972906834469499,0.5,0.4938271604938269,-0.2216523685192092,1.035483870967742,-0.4616580814462047,-0.7647814910025708,-0.028214616096207238,0.0677804295942721,0.011167512690355208,0.03816793893129766,0.03591008771929838,0.033755274261603414,-0.011206574523720649,0.0051948051948051965,0.020961329960245575,-0.15370255133789668,0.21212121212121213,0.0018222596019064066
96,2018-03-30,0.010645549920040407,0.03286131386861313,-0.016636424598635124,-0.07290862425140332,0.03155374797975585,-0.07674459759718423,-0.33854774690637396,-0.33854774690637396,-0.3414634146341463,-0.33884297520661155,-0.006948604288966043,-0.6110935023771791,-0.4192092435457664,-23.69945355191257,0.6590512454386801,0.09890478319177463,-0.010040160642570295,0.012867647058823595,0.02990209050013237,0.061224489795918435,0.052512278050623314,0.0059062384643779895,0.020707964601770046,-0.002941176470588336,0.024999999999999908,0.114103819784525
97,2018-06-29,0.019314797688842145,-0.02289720286639063,0.044526008604350416,0.03657520988543528,0.0008238353212037808,0.06082548877624916,0.1891987292622661,0.1891987292622661,0.18518518518518512,0.18749999999999975,0.24984919773193395,17.277098614506926,-4.643456636617968,-1.3411169956668272,-0.13550731567371144,0.012610596969388821,0.02028397565922924,0.032667876588021734,-0.0007708119218911014,-0.015384615384615441,-0.01005025125628145,0.0058715596330274344,-0.018033639674007174,0.020648967551622373,0.0,-0.057394034536891625
98,2018-09-28,-0.006998114691670887,-0.011948329982207741,-0.0382643509317665,-0.030420810353063762,0.016944543460126527,-0.02567757478417987,-0.014989611160581728,-0.014989611160581728,-0.01041666666666663,-0.021052631578947326,-0.11245173745173742,-0.872157317399447,-1.6251173108096582,-0.0980945659844742,-0.14137168141592915,0.038063673797328564,0.011928429423459395,0.024604569420035197,0.015170995114425212,0.0390625,-0.005801305293690939,0.005837285662167124,0.02401553946671364,0.01661849710982666,0.0,0.019052694690560257
99,2018-12-31,0.0023680046940977033,0.03854769050581952,-0.02138831903285865,0.0842496584775938,0.0195494590473162,0.1051698914096144,0.12520717191502184,0.12520717191502184,0.11578947368421065,0.13978494623655924,0.34594888526373024,0.03732124171607954,0.2489422683226423,-1.0907668231611891,0.014944601906724975,-0.006191950464396245,-0.055992141453831024,-0.046312178387650116,0.01823708206686936,-0.022556390977443663,-0.036834427425237126,0.005803409503083,0.017244352474564684,-0.052594171997156984,0.024390243902439046,-0.042165130417728965
100,2019-03-29,0.08241049495635823,0.4210155346922664,0.03059808832080302,-0.04310647526593003,0.11845724169218565,-0.09016500419502194,-0.5530262453133369,-0.5617300482056775,-0.5660377358490566,-0.5660377358490566,-0.4317226890756303,0.676193678547411,-4.144792918806688,268.1551724137931,3.963188626554963,0.1148753894080996,-0.11238293444328827,-0.1097122302158272,0.040796019900497534,0.09615384615384626,0.15940931465354025,0.005769924269743987,-0.019155789116799386,-0.09902475618904727,-0.02380952380952384,0.4850532350532351
101,2019-06-28,0.02989122037145764,0.151115035117654,0.04469530874951122,0.08098773959592465,0.02042678869079695,0.056701981597983675,1.1228280407429598,1.1649862511457378,1.152173913043478,1.108695652173913,0.6657187544433385,-0.5408224674022066,-0.7897699631663075,-0.5120107616424316,0.3896675191815857,0.17263360111770876,-0.015240328253223856,-0.0121212121212122,0.019598470363288545,0.12631578947368416,0.2900065316786413,0.005736823234134159,-0.008123055651572786,0.00582847626977534,-0.02439024390243893,0.06484673008869879
