,Quarter end,Assets,Current Assets,Liabilities,Current Liabilities,Shareholders equity,Revenue,Earnings,Earnings available for common stockholders,EPS basic,EPS diluted,Cash from operating activities,Cash from investing activities,Cash from financing activities,Cash change during period,Cash at end of period,Price,ROE,ROA,Book value of equity per share,P/B ratio,P/E ratio,Equity to assets ratio,Net margin,Asset turnover,Current ratio
0,1998-09-30,0.03332960893854753,0.015268290901121471,0.0695941450432469,0.10655286343612323,0.030005488808928508,0.0,0.0,0.0,0.0,0.0,-7.745652173913044,-0.9693957564575646,-3.430327868852459,-0.8374098022678287,-0.573139619195961,2.5404040404040398,-0.21084337349397586,0.8888888888888891,0.125,0.8449161246148579,0.22389342501074336,-0.003165938864628681,-0.15767634854771795,-0.06451612903225812,-0.0825004864415474
1,1998-12-31,0.03332960893854753,0.015268290901121471,0.0695941450432469,0.10655286343612323,0.030005488808928508,0.0,0.0,0.0,0.0,0.0,-7.745652173913044,-0.9693957564575646,-3.430327868852459,-0.8374098022678287,-0.573139619195961,2.5404040404040398,-0.21084337349397586,0.8888888888888891,0.125,0.8449161246148579,0.22389342501074336,-0.003165938864628681,-0.15767634854771795,-0.06451612903225812,-0.0825004864415474
2,1999-03-31,0.18629369722002956,0.11126701445104037,1.253296840009953,1.253296840009953,0.08472970572562022,1.6293003478933126,7.89291101055807,7.89291101055807,0.5,1.5,-7.745652173913044,-0.9693957564575646,-3.430327868852459,-0.8374098022678287,-0.21830764391318025,1.0756062767475036,-0.21084337349397586,0.8888888888888891,0.0,0.8449161246148579,0.22389342501074336,-0.08564231738035266,-0.15767634854771795,-0.06451612903225812,-0.5068248857699202
3,1999-06-30,7.405725900539595,4.102953713995878,3.637643551236749,2.9955830388692584,8.150786026200873,0.4548368127021465,-0.8616010854816825,-0.8616010854816825,-0.8333333333333333,-0.8,-5.21640348050274,303.6119065561417,1171.4468802698145,-46.707204610951,12.986036217303825,0.5498281786941581,-0.21084337349397586,0.8888888888888891,8.000000000000002,0.5498237149749492,0.22389342501074336,0.08863336926578036,-0.15767634854771795,-0.06451612903225812,0.2771447000645022
4,1999-09-30,-0.01362706284584081,-0.07112116822281668,0.004047763610605104,-1.3818262215359313e-05,-0.01539825247073534,0.1828250368843347,0.6568627450980393,0.6568627450980393,0.0,0.0,-0.9977452516528452,-0.7345034881994954,-0.991017761675112,-1.3184503543416306,-0.29064631869096225,-0.35875831485587584,-0.21084337349397586,0.8888888888888891,-0.012345679012345734,-0.9287595785440612,0.22389342501074336,-0.0017603696776323785,-0.15767634854771795,-0.06451612903225812,-0.07110498928680742
5,1999-12-31,0.05969381361018944,0.04692128180317612,0.3217804759476861,0.2274241021460057,0.03291146909324438,0.4132422041862451,1.0443786982248522,1.0443786982248522,2.0,0.0,787.8813559322034,-0.16117369710862006,1.6611689351481185,-0.7341087957234074,-0.10894466573104344,0.34232365145228205,-0.21084337349397586,0.8888888888888891,0.024999999999999908,0.3591036414565827,0.22389342501074336,-0.025239722252838104,-0.15767634854771795,-0.06451612903225812,-0.14704913170988898
6,2000-03-31,0.07470988918420396,-0.09378166903708728,0.024480825297151787,0.05236138474528573,0.06325406144753988,0.036791198162253735,1.2749638205499276,1.2749638205499276,0.0,1.0,-0.7738484015125473,-0.9106551731798892,2.341897827787472,-3.1836628318254587,0.2669850099463307,0.1988665636269964,-0.21084337349397586,0.8888888888888891,0.048780487804878085,0.16982687551525122,0.22389342501074336,-0.01074174581637266,-0.15767634854771795,-0.06451612903225812,-0.13888620603063595
7,2000-06-30,0.034420314337067826,-0.11412973050802723,0.15263038072221646,0.1875240703496084,0.02076260854886813,0.13580865975534384,0.8431933842239185,0.8431933842239185,0.6666666666666667,1.0,1.6824054721641648,20.613577023498696,-0.9286447361313672,-3.433189544935295,-0.5127330866237919,-0.2350666093682853,0.916030534351145,0.8888888888888891,0.0,-0.2706131078224101,0.22389342501074336,-0.013144359355354962,0.6699507389162562,0.13793103448275867,-0.2540209515691245
8,2000-09-30,0.039687723960821764,0.4160736392424779,-0.008417214266722373,-0.0832935453357957,0.04720127798289675,0.16404685879731828,0.3124245038826574,0.3124245038826574,0.2,0.25,-0.04650256773508055,-0.6981212393147643,3.2752964925561443,-0.9496527899431708,-0.03733197661129173,-0.14943820224719107,0.5657370517928286,0.5520361990950224,0.046511627906976834,-0.14975845410628008,-0.6456004213483146,0.007180912670836427,0.3938053097345133,0.09090909090909084,0.5447601864381297
9,2000-12-31,0.06126396360979625,0.2921481793226144,0.1905199690485493,0.3506618579192013,0.04632260581558678,0.18979158030288332,-0.0003944513838669561,-0.0003944513838669561,-0.16666666666666666,0.2,0.2801797786197162,-1.5393688783871338,-0.4373487575990085,-11.063048016701462,0.5462323258628351,-0.1988110964332893,0.28753180661577593,0.2798833819241984,0.04444444444444429,-0.23409090909090915,-0.542171539536128,-0.014029438822447116,0.1841269841269841,0.08333333333333348,-0.04333184092192088
10,2001-03-31,0.06311384527948594,0.09456166427818502,0.09036970301489756,0.05049402657120816,0.03009785353535355,0.14229585974276282,0.3855310753041763,0.3855310753041763,0.5999999999999999,0.3333333333333335,0.08655157406064129,1.8637343225578518,-1.4573586489038075,0.5544306598619697,0.5567361658072154,-0.13849958779884594,0.26086956521739113,0.24145785876993164,0.03191489361702127,-0.17507418397626118,-0.4346461804804155,-0.03114065780265929,0.12779267202859712,0.10256410256410242,0.04195747278461704
11,2001-06-30,0.1739243883792656,0.15320753594098502,0.4587813831608021,0.22995941322325494,0.13414033891553154,0.1740216756441042,0.16808278350026118,0.16808278350026118,0.125,0.125,0.8560937833796198,-0.37822300081423177,-2.2490825688073395,0.11666518373520772,0.3993534078144738,0.20191387559808627,0.13322884012539205,0.11009174311926606,0.11340206185567014,0.16456834532374098,-0.16390430622009566,-0.03382689298182262,0.034072900158478525,0.06976744186046524,-0.062393813345831724
12,2001-09-30,0.04943560732609265,-0.04941420979604949,-0.03779943602254288,-0.05338881881250568,0.07321393742226756,0.07473535833724876,-0.23447659297789336,-0.23447659297789336,-0.2222222222222221,-0.2222222222222221,-0.11557109355892214,-3.2268055555555555,5.232831435916268,-1.1277748561775909,-0.03646493013313934,0.11146496815286633,-0.02351313969571245,-0.034710743801652844,0.07407407407407396,-0.0015444015444014971,-0.08698438859131075,0.022676302018439957,-0.08045977011494265,0.06521739130434767,0.004186453386653355
13,2001-12-31,0.08389604334734369,0.09047376980004396,0.04861035193205221,0.0715989601613296,0.09466493373257956,0.1284608460846084,0.3767385072725342,0.3767385072725342,0.4285714285714286,0.1428571428571428,0.3612746852327813,-0.5629906175655568,0.95837261371671,-7.250935395360439,0.2365662959108299,0.045128939828080084,0.04815864022662897,0.039383561643835614,0.06896551724137945,-0.02706883217324052,-0.02457002457002455,0.009868421052631636,0.0066666666666668215,0.020408163265306145,0.017609358471781578
14,2002-03-31,0.06582251483292811,0.030399239651280437,0.04818938935246253,0.1230272178706444,0.07610104162249609,0.11715990355558993,0.8347406978985927,0.8347406978985927,0.7,1.125,0.10264928360598936,0.28016555886310807,-0.6433546446032343,-0.4724461292897048,0.10092581813046198,0.013708019191226885,0.18243243243243248,0.18780889621087327,0.08064516129032273,-0.05166931637519878,-0.049658150413817936,0.009651345156231228,0.1531456953642385,0.040000000000000036,-0.08246708246708256
15,2002-06-30,0.101178079098319,0.029553999683749943,0.04785986710480517,0.05397897192796863,0.11244442396276423,0.08641567321893384,0.14130800268997978,0.14130800268997978,0.11764705882352945,0.11764705882352945,0.006144809424208697,0.6658703234746046,0.7432512232157922,-0.24329639574902615,0.06936973325867513,-0.042596348884381234,0.1508571428571428,0.16504854368932054,0.10447761194029836,-0.11399832355406535,-0.25271812625087897,0.010276018640219986,0.13783201722900218,0.01923076923076916,-0.023191754043007
16,2002-09-30,0.05611203524019781,0.11366957271119672,-0.060984959112149524,-0.08291397188832239,0.07593749643528924,0.0844652574102378,0.12327833836635492,0.12327833836635492,0.1578947368421053,0.10526315789473673,0.2056010340370531,-0.8686935321956116,-0.1459749812480341,2.2925829668132747,0.21358899081973906,0.0021186440677964935,0.18172790466732855,0.1964285714285714,-0.020270270270270285,-0.0927152317880795,-0.19442634817227653,0.018805440567711385,0.1684542586750788,0.018867924528301886,0.21436368598198866
17,2002-12-31,0.9823672896544928,0.4063520855500253,1.2081566005093016,0.9751460044389442,0.9659659497677886,0.4333729253165917,0.42609379866563946,0.42609379866563946,0.2727272727272729,0.2857142857142858,0.6337466943034809,-2.700669870394641,3.2989007252946507,1.7375603388081002,0.481804593233176,0.06624383368569431,-0.009243697478991564,-0.0019900497512438386,1.1586206896551725,0.0875912408759123,-0.16335699523766745,-0.0083584861852799,0.11123110151187897,-0.09259259259259267,-0.287969586875913
18,2003-03-31,0.10874944598593173,0.37128470817687664,0.14052301966121505,0.203589108910891,0.10204042244058796,0.15114705939197148,0.19765276564439735,0.19765276564439735,0.1785714285714286,0.18518518518518512,0.03906771226389294,0.4946268784518559,0.4306483714922167,0.2340375391610525,0.4012438328947736,0.30469266358228664,-0.04240882103477528,-0.040877367896311134,-0.022364217252396124,-0.3950143815915628,0.009558586617978815,-0.00597049871224542,0.03012633624878513,-0.08163265306122447,0.13931774545645847
19,2003-06-30,0.10277860692437636,-0.0050430208663369,0.0963237745915304,0.14550343655548506,0.10457036423116173,0.06878814334763228,-0.11827317138716398,-0.11827317138716398,-0.5757575757575757,-0.5625,0.09829163289580324,-19.403208249785163,0.1751398114963285,-1.3658934408735015,-0.10477297612353953,0.2112462006079028,-0.09654561558901686,-0.09563409563409564,0.0915032679738561,0.2377179080824088,0.027765957446808542,0.00153103285832068,-0.0386792452830188,-0.044444444444444516,-0.13142342675100427
20,2003-09-30,0.09076282094373188,0.05364910440080672,0.2790218268300617,0.1414722822647434,0.059237427936881686,0.04255707690827437,0.12389515391648898,0.12389515391648898,0.1428571428571428,0.1428571428571428,-0.0032058347150208943,-0.8158940067491003,-0.6225475015386304,-2.18087203197819,0.138203465614416,0.13759933082392295,-0.06666666666666654,-0.07701149425287357,0.05389221556886237,0.04225352112676073,0.19801262809232997,-0.028809971777986942,-0.018155053974484803,-0.06976744186046502,-0.07694352159468433
21,2003-12-31,0.05807267228462454,0.01652103309985864,0.017124701514966256,0.06490344276157978,0.06912055500193602,0.2212124864862828,0.379777239709443,0.379777239709443,0.375,0.3125,0.2855831125939243,4.0195806560703415,0.2504699492143281,-2.052226000686363,-0.12776387025491276,0.06102941176470589,0.05672268907563005,0.05105853051058529,0.053977272727272714,0.007371007371007154,-0.05011232071885263,0.01041288291560738,0.019490254872563728,0.024999999999999908,-0.04540742873596315
22,2004-03-31,0.10963871278565064,0.23881928270054,0.1945173245357683,0.4787586748156891,0.09395791579452784,0.16632813741049035,0.40458508233774615,0.40458508233774615,0.4090909090909092,0.4285714285714286,0.36956001465869903,-0.3045917576753869,0.4280422577323013,-1.5939603285201769,0.0870024386306898,0.16632016632016633,0.125248508946322,0.11611374407582953,0.08894878706199473,0.10609756097560984,0.02055666727305816,-0.014140203714799291,0.0779411764705884,0.048780487804878085,-0.16227792356649484
23,2004-06-30,0.057949325559912175,0.0864096661099325,-0.06088500867611146,-0.06281362147592108,0.08265928526311582,0.022708429477982458,-0.04850074962518736,-0.04850074962518736,-0.06451612903225812,-0.06666666666666654,-0.2816284181354012,-0.13942476536481985,0.053826290260669214,-0.2761346145846333,0.05793736199048016,0.21212121212121213,0.09805653710247353,0.09766454352441613,0.07673267326732658,0.11356119073869884,-0.017201426024955446,0.02333779020299009,0.06821282401091389,0.023255813953488413,0.15921938573434646
24,2004-09-30,0.059876206312275075,0.01418076028680759,0.11084877442561457,0.08849083989378426,0.057984773192892185,0.041975040470021215,-0.04225951311746634,-0.04225951311746634,-0.0344827586206895,-0.0357142857142857,0.04432915241353097,0.4177169232501197,-0.5943420696810653,-2.756255387621401,-0.09618036737913016,0.025490196078431504,0.04585679806918752,0.05029013539651839,0.055172413793103565,-0.04752475247524757,-0.2012333363562165,-0.0017816842855444823,0.020434227330779157,0.02272727272727271,-0.06824041000155301
25,2004-12-31,0.1034923078473946,-0.006102376116541297,0.0967717278860276,0.1110667313927789,0.10488844385320563,0.16119849703924682,0.12629627801633125,0.12629627801633125,-0.4642857142857143,-0.4444444444444445,0.3874029618252821,0.4716365347240281,2.0069928167174576,-0.3071798328566847,-0.07372676560508662,0.2480879541108985,0.0030769230769229767,0.004604051565377576,0.08932461873638342,0.1829521829521832,0.11864214350590375,0.0013089005235602524,-0.007509386733416723,0.022222222222222143,-0.10547369824654984
26,2005-03-31,0.07484710083817503,0.012676438066206773,0.07257565078284013,0.05921078101523691,0.07592079110740313,0.10252601567459084,0.24789291991878426,0.24789291991878426,0.26666666666666683,0.26666666666666683,0.29960625067220703,-0.1271876930714172,-0.7690769411743414,0.06997591271902892,-0.08516478765756041,-0.10091918805055522,-0.0076687116564416735,-0.0018331805682860747,0.07200000000000006,-0.1748681898066784,-0.171318380188775,0.0009506833036245775,-0.010928961748633892,0.0,-0.043936796601326544
27,2005-06-30,0.051688884987329375,0.25161564314333673,0.0809604888537101,0.03281855633857966,0.04621663069447402,0.05290077578887376,0.13761310385460268,0.13761310385460268,0.1578947368421053,0.10526315789473673,0.0022465831952347415,-1.1350960787980606,0.574980407523511,-6.640152551799635,0.5250589264052756,-0.2362087326943557,0.047140649149922886,0.045913682277318735,0.042910447761193904,-0.2875399361022364,-0.2858542559706063,-0.005223791998100524,0.030174245643858955,0.021739130434782483,0.21184954199961026
28,2005-09-30,0.06563854667301072,0.08162033569044412,0.0919931065620856,0.06738522671546954,0.06054111170900822,0.01768567333423543,-0.12549389491013851,-0.12549389491013851,-0.13636363636363635,-0.1428571428571429,-0.009725455761159352,-4.302539755176753,0.5514697650117557,-0.4913747090598034,0.17511339698402018,0.08365867261572779,0.0066420664206641175,0.004389815627743543,0.030411449016100267,0.03886397608370706,-0.02709655290687718,-0.0047738393603055105,0.0,0.0,0.01334834351881642
29,2005-12-31,0.22469700166517012,-0.20239474236111168,0.08902725312586203,0.17220111904716795,0.2517161299774122,0.20202710953718395,0.09510885551690196,0.09510885551690196,0.0,0.11111111111111116,0.07023345393459057,4.557963107300598,0.727585432736253,-3.668166389187226,-0.3976056109379171,0.09135357694287173,-0.035190615835777095,-0.030594405594405624,0.2395833333333333,0.05899280575539567,0.02414947999294914,0.02206499580285404,-0.019389438943894444,0.0,-0.3195683224884939
30,2006-03-31,0.06612519516097493,0.2252443032045681,0.1152954758889262,0.13237818490371622,0.05760550303588353,0.04632545665115706,-0.1108047030846534,-0.1108047030846534,-0.05263157894736848,-0.15000000000000002,0.11015379002236636,-0.909073854198804,-0.5174161449171776,-1.649183753970506,0.4284885579865712,-0.00047158688988435665,-0.10030395136778104,-0.0991884580703336,0.056022408963585464,-0.19293478260869568,-0.06454388984509463,-0.007978411357503101,-0.07993268826251576,-0.021276595744680767,0.08200774362084262
31,2006-06-30,0.05423989351185332,0.165627116054051,0.012897743512889193,0.022537507998772632,0.061793954906463,0.014646664063134862,0.006895385086313155,0.006895385086313155,0.0,0.0,-0.1175805027011112,-1.5967879028830732,0.2694608474869684,0.3466138643413745,0.4039294747377207,-0.18589289926869546,-0.12753378378378374,-0.12512512512512508,0.057029177718832764,-0.22895622895622905,-0.16448942042318315,0.00721466587817865,-0.0983081847279379,-0.0434782608695653,0.13994395343824095
32,2006-09-30,0.016065129634148082,0.05025131818040851,0.20005908137111492,0.2915427139039377,-0.01600615484311918,0.026831180393313225,0.12361096666319993,0.12361096666319993,0.11111111111111116,0.17647058823529416,0.01280278091920084,-1.912982552864018,-5.668149034819237,-1.2007053263618697,-0.05774563360425089,-0.24195885250651986,-0.048402710551790906,-0.05148741418764302,-0.0012547051442910462,-0.28384279475982543,-0.19995595683770093,-0.03158759981211845,-0.038032454361054624,0.0,-0.1868310578268597
33,2006-12-31,0.0022946393250062873,0.041029530127968616,0.09707781079215727,0.1340622375528271,-0.017854397427259142,0.18725464005130327,0.23343515037593976,0.23343515037593976,0.2,0.25,0.19889947195338945,-5.619157849711274,0.428946552695086,-2.186762115116616,0.07273018063802428,0.16590214067278294,0.04272634791454722,0.02895054282267795,0.0012562814070351536,0.16768292682926833,0.134599504541701,-0.020128531587243814,-0.0057986294148656406,0.02272727272727271,-0.0820426956885727
34,2007-03-31,0.031572525026102305,0.025957301613934503,0.044213303653115384,-0.10634709805252952,0.028570886206888968,0.02800917029526695,0.0886347040266462,0.0886347040266462,0.16666666666666674,0.08000000000000007,-0.09819940858935304,-1.1706326617878162,-0.7442804184970992,0.6850859944055171,0.11424737643796436,0.03213114754098356,0.09951219512195132,0.08675263774912079,0.03136762860727749,0.031331592689294974,-0.033236293061620466,-0.002846182403168029,0.04772004241781547,0.04444444444444429,0.14804681562547484
35,2007-06-30,0.03168853332505761,0.074665920465667,0.04355396573200432,0.034689863150284994,0.02882815701984986,0.03752953779083912,-0.003584533480391117,-0.003584533480391117,0.0,0.0,0.15960013605152956,-1.0470869912210694,0.04588798038701891,0.4836120269412951,0.1521195250840155,0.04542566709021578,0.0940550133096718,0.07874865156418552,0.032846715328467065,0.012658227848101113,-0.0720200752823088,-0.0028543062794738057,0.031882591093117314,0.042553191489361764,0.03866013504567722
36,2007-09-30,0.029639325020957674,0.16082381938757484,0.3871849868232098,0.4054825063352348,-0.057787193914067066,0.02986814970762008,-3.489556281663757,-3.489556281663757,-3.464285714285714,-3.555555555555556,-0.038343377865365125,-1.8437288135593224,0.17129887170950653,0.09505472592723896,0.14458500287711984,0.08477666362807668,-0.8807785888077859,-0.884,-0.054181389870435866,0.05000000000000005,-0.02487831260140605,-0.08487865588052279,-0.8886709171162335,0.04081632653061229,-0.1740811557255152
37,2007-12-31,0.03917172951140513,0.11958248601682152,-0.06455729512636299,-0.05294685057474069,0.07651370976019556,0.1542361397825558,-1.567407161980901,-1.567407161980901,-1.5652173913043481,-1.5507246376811594,0.2590367379099774,252.498192044998,-1.1561915396551474,-0.3756095192233764,0.07887356485766084,0.003921568627450967,1.0884353741496602,1.0517241379310347,0.09713574097135758,0.061904761904761914,8.938990571270104,0.03590371277029791,1.0,0.03921568627450989,0.18216894742257428
38,2008-03-31,-0.020807707283276744,-0.09329737220261693,0.0064641322323077954,-0.006177290528810553,-0.02933888738805468,0.005327418158071584,-0.13405514554913855,-0.13405514554913855,-0.1282051282051282,-0.10526315789473684,-0.03291165433930654,-0.4700700681662934,-28.4615848846386,-3.1257582631237852,-0.15540850911508153,-0.1819196428571429,0.23452768729641704,0.2142857142857142,-0.0204313280363223,-0.2533632286995515,-0.6443080357142856,-0.008664828672705904,0.17180616740088084,0.018867924528301886,-0.08764524130728057
39,2008-06-30,-0.0016402698203977772,0.009661359239417022,-0.009639893376114594,-0.024086881320542042,0.000954476471767718,0.001568271111105135,0.0013638795957522376,0.0013638795957522376,0.02941176470588225,0.02941176470588225,-0.036603249737103716,-0.630781515897393,-0.5915687600371904,-1.1994576293922796,0.03670107164234526,0.02933151432469305,0.20052770448548807,0.18339100346020776,0.012746234067207318,0.05105105105105112,-0.21085660495764047,0.002516223016818975,0.14473684210526327,0.03703703703703698,0.034581445265919435
40,2008-09-30,-0.05202286703336023,-0.07852923453776595,-0.028254491819467376,-0.050395611253149286,-0.059650743586510235,-0.03558381735614013,0.0692393748167135,0.0692393748167135,0.08571428571428585,0.08571428571428585,-0.060947417887425186,0.823349776838149,0.2625021988141925,-3.7002048209345335,-0.09559207884788756,-0.18687872763419489,2.7846153846153845,2.8099415204678357,-0.042334096109839965,-0.1971428571428572,-0.358051689860835,-0.0079260237780715,2.673234811165845,0.03571428571428559,-0.029644997694790343
41,2008-12-31,0.09496257660642372,0.046309583369533065,0.271289809393136,0.2978751427891855,0.03648533084214578,-0.03857558637866454,-0.2540068546724121,-0.2540068546724121,-0.21052631578947367,-0.236842105263158,-0.013960135736361123,5.105927196154563,-1.987647116677048,-0.5647206002643563,-0.04600718517301938,-0.3247758761206193,-0.07142857142857151,-0.08825786646201073,0.032258064516129226,-0.2953736654804271,-0.8230102198823165,-0.053528628495339466,-0.0688421993741618,-0.017241379310344862,-0.19385185537131167
42,2009-03-31,-0.029799827980728333,-0.019972035714115318,-0.11012356215847073,-0.14713905503433522,0.002873457960215653,-0.007495655368824572,-0.027448855094882263,-0.027448855094882263,-0.06666666666666654,-0.0344827586206895,-0.02222537489597398,-0.9621232625550046,-2.019909580365264,-0.14318319255603462,-0.04132078240712866,-0.2335546167773085,-0.05253283302063783,-0.058922558922558925,0.0,-0.2575757575757576,-0.1828521434820647,0.0337647720877885,-0.03792606817090738,-0.01754385964912264,0.1491129840278187
43,2009-06-30,0.09509004853122273,0.014423877550424182,0.15768304719746373,0.1805233290420909,0.07249786270904758,0.038308688667545,-0.08336576937832008,-0.08336576937832008,-0.1071428571428572,-0.1071428571428572,0.09302690841207606,25.43394994141263,-1.0502164290828615,2.6696188026015224,-0.1581671087437716,0.2078740157480317,-0.09042904290429032,-0.10196779964221814,0.06944444444444442,0.2108843537414966,0.2633832976445396,-0.020685900925421885,-0.06886227544910184,-0.0357142857142857,-0.14068831102220858
44,2009-09-30,0.04769221398950596,0.035790492647882484,-0.008506869202149492,-0.02243373568906415,0.06958771880084269,0.0666637432363899,0.06841163064929033,0.06841163064929033,0.08000000000000007,0.08000000000000007,0.010295353337402393,-0.5615231174493596,-7.428659386240642,-0.9674113107031034,-0.0061229001828942975,0.3200782268578879,-0.1320754716981133,-0.13645418326693226,0.0670995670995671,0.2303370786516854,0.4305084745762711,0.0209838799332962,-0.10503751339764188,-0.03703703703703709,0.05956786439059325
45,2009-12-31,0.060608749340011814,0.3068810228394243,0.0033585909856346237,-0.0012915864795300935,0.08128518746558644,0.05946773960029539,2.8740821648329025,2.8740821648329025,2.888888888888889,2.7777777777777777,0.04383256958093629,-2.4620508154637317,-0.1752628766722787,-92.50647290265263,0.5637367032350102,0.16839506172839513,0.6120401337792643,0.6343713956170702,0.07606490872210947,0.09589041095890403,0.28613744075829395,0.019463726691166583,0.6389221556886227,0.0,0.3085849481748535
46,2010-03-31,0.01531144612870694,-0.021603487762948625,-0.012033531053491808,-0.015089918417734547,0.024475603090534426,-0.0737579146091073,-0.7065087910157606,-0.7065087910157606,-0.7047619047619047,-0.7058823529411764,-0.4572255385413964,-1.794569258671503,-0.9548324399650394,-1.282126606928491,-0.1017083777311868,0.05409974640743888,-0.04149377593361003,-0.03458009880028223,0.018850141376060447,-0.02083333333333326,-0.3689543988945188,0.009078771695594012,-0.0029229082937524127,-0.03846153846153855,-0.006629358588032708
47,2010-06-30,0.0030714528240447514,0.048067409263590884,0.002896779873425848,-0.0063423279159166,0.003127905066077741,0.008798496578185322,0.03656202769751515,0.03656202769751515,0.0,0.03333333333333344,0.7366602751385496,-0.8078859407477363,-8.815020297699592,-2.0924842987598793,0.12369569410323344,-0.05332798716920617,-0.007575757575757458,0.0043859649122806035,-0.0009250693802035359,-0.07234042553191489,-0.06350364963503641,0.0,0.021619640894100508,-0.020000000000000014,0.05477552435430755
48,2010-09-30,0.06403374429473163,0.08981981399403116,0.07334982710805105,0.06863919336995794,0.0610235896771405,0.015396462636867003,0.047883025386227684,0.047883025386227684,0.06451612903225823,0.06451612903225823,0.028545704102128425,3.12202783182095,-6.358145897182831,-0.6771997956974973,0.035533637387236805,-0.06353240152477768,-0.008178844056706658,-0.0029112081513826826,0.06759259259259243,-0.05963302752293598,-0.09275136399064687,-0.002778512834083036,0.031205164992826436,-0.020408163265306145,0.01980279375513549
49,2010-12-31,0.10305261734197546,0.17037444915282918,0.36374297685644,0.18577629447172408,0.017823590230965136,0.109296871110226,0.2946271262175033,0.2946271262175033,0.303030303030303,0.2727272727272727,0.14307187390411635,0.6064543674348808,-5.826294478250051,8.734109364653401,0.3340193886159151,0.25689733152419714,-0.3243540406816933,-0.3379562043795621,0.02254986990459673,0.17560975609756113,0.21821305841924388,-0.0773517314581399,-0.3158260869565216,-0.04166666666666663,-0.012972363226170349
50,2011-03-31,0.045496674614095456,0.04062144328532935,0.05354913906162162,0.054695944704256316,0.04198835034395376,0.020141062376019425,-0.14900560993013068,-0.14900560993013068,-0.13953488372093026,-0.1428571428571429,-0.18078933964086866,-0.3309996882492391,-1.2267116261754332,-1.0807938967593362,-0.020229637012585174,0.12270600935588337,0.011391375101708734,-0.009922822491730932,0.04156064461407971,0.09958506224066377,0.6177715091678422,-0.003307448950244374,0.005083884087442758,-0.021739130434782598,-0.0133469387755103
51,2011-06-30,0.07950902548418037,-0.14361795069800432,0.2214626071125525,0.28964181957611856,0.016649656528590958,0.08432756169545286,-0.4044382335326195,-0.4044382335326195,-0.4054054054054054,-0.3888888888888888,0.1188176269635941,4.37916063918414,-1.5087302712409034,18.487507644311304,-0.4023649018351266,0.0054487179487179285,-0.09895414320193074,-0.13140311804008908,0.02442996742671011,-0.03773584905660377,-0.037053182214472624,-0.05828884720819516,-0.11886697015680325,0.0,-0.3359533363670211
52,2011-09-30,0.0026811276206761825,-0.010013799688715965,0.012887067733200695,0.0003060258442080244,-0.002748693667233404,0.07444442109732585,0.7307370671860611,0.7307370671860611,0.7272727272727273,0.6818181818181819,0.033640972179636464,-0.6998312902648811,-1.1401725379095744,-0.8786240947153754,-0.0817177645104179,-0.021676761236850476,0.015178571428571262,-0.02051282051282055,-0.004769475357710662,-0.043137254901960735,0.04481665912177446,-0.005362341044890417,-0.03559127439724441,0.0,-0.010341390480936965
53,2011-12-31,0.09717384809813544,0.29696850500571337,0.07499853180421168,0.09585637588785434,0.1091566603729488,0.13967713514339142,3.035881533854023,3.035881533854023,3.052631578947368,3.0810810810810816,0.21406358921623392,-2.517796856508108,25.838310209153036,-7.340588887723137,0.5642478200703579,0.009775171065493636,0.7150395778364118,0.6897905759162304,0.11261980830670935,0.016393442622950838,-0.019930675909878515,0.010936537276648116,0.6499999999999999,0.04444444444444429,0.18355784967896271
54,2012-03-31,0.03245881859361455,0.03376752780525849,0.011465081292592272,0.03427220203011383,0.04345377902438719,-0.03047624119455272,-0.7120647884534951,-0.7120647884534951,-0.7142857142857143,-0.7086092715231789,-0.459409932197178,-1.6107933268264123,-0.6620427739652568,-1.3114379272298984,-0.11236189542710763,0.10100032268473692,-0.012307692307692351,-0.021688613477924057,0.04020100502512558,-0.012096774193548264,-0.3868258178603007,0.010665854030169177,-0.03174603174603163,0.0,-0.0004786724816508992
55,2012-06-30,0.0018080618286240304,0.014439605775842248,-0.01600336913034328,-0.023689877961234784,0.010850392859051759,0.03692401586817207,0.21403508771929824,0.21403508771929824,0.2272727272727273,0.20454545454545456,0.4463276836158192,-0.3493840985442329,-0.0182648401826484,-0.760910815939279,-0.030259365994236287,0.1570926143024618,0.0809968847352025,0.0878859857482186,0.013112491373360902,0.11020408163265304,0.12040374909877438,0.009045680687471693,0.06780923994038733,0.021276595744680767,0.03900388442505176
56,2012-09-30,0.15018755750583912,0.3111914444946529,0.3469933661459448,0.038382352941176416,0.05292935702199664,0.0017657445556209515,-0.13728323699421965,-0.13728323699421965,-0.14814814814814814,-0.15094339622641506,0.5026041666666667,-0.2598967297762479,-12.702325581395348,-27.13492063492064,0.8155027241208519,0.13272543059777098,-0.022574447646493856,-0.039301310043667985,0.048365122615803946,0.1213235294117645,0.009652509652509744,-0.08456596444046016,-0.004884856943475291,-0.04166666666666663,0.2627778346819625
57,2012-12-31,0.1406682665682113,0.2290637564618037,0.28755262530780845,0.547089647358731,0.047807964646211065,0.1730317273795534,0.256281407035176,0.256281407035176,0.26086956521739113,0.2666666666666666,0.20017331022530335,3.323255813953488,-1.052066772655008,-1.1560886729426056,-0.07011321784204061,0.10733452593917714,-0.345945945945946,-0.3727272727272728,0.04548408057179976,0.05573770491803298,0.07711918419375396,-0.0814427941896525,-0.34992987377279106,-0.021739130434782598,-0.20558056535669375
58,2013-03-31,0.02497707288126461,0.0438358725114496,0.041890307853661664,0.07286708165507139,0.011838006230529665,-0.06135737540696218,-0.09733333333333337,-0.09733333333333337,-0.10344827586206884,-0.10526315789473673,-0.3234657039711192,-0.6132329209252286,2.137404580152672,-0.44163424124513617,-0.04210063077600112,0.08360258481421634,0.010518407212622094,-0.033816425120772875,0.011187072715972636,0.03416149068322971,0.5952662721893494,-0.012793176972281441,0.007551240560949245,-0.044444444444444516,-0.02705738207065556
59,2013-06-30,0.014473684210526416,0.049695558739254915,0.0006513500710563225,-0.004266211604095571,0.025530503978779876,0.034418356456777044,-0.05465288035450522,-0.05465288035450522,-0.05769230769230771,-0.03921568627450989,0.07897545357524005,-0.4840055632823366,-0.14355231143552316,-2.132404181184669,0.04977029096477792,0.01118151323145744,-0.05130111524163583,-0.08874999999999987,0.02765826674861693,0.0,-0.022997032640949544,0.010799136069114423,-0.05085653104925048,-0.046511627906976834,0.054202959387134035
60,2013-09-30,0.03935149156939044,0.0012795359549604426,0.023729214746434742,0.030676949443016355,0.051544963281141776,0.003868970853752929,0.07656250000000009,0.07656250000000009,0.08163265306122458,0.08163265306122458,0.3194856577645895,6.827493261455525,-0.7414772727272727,-5.846153846153847,-0.2297592997811816,-0.010504976041282754,0.0,-0.016460905349794275,0.052033492822966654,-0.03603603603603611,0.009111617312072884,0.01175213675213693,0.002256063169768563,-0.02439024390243893,-0.028520232940122518
61,2013-12-31,0.03546559512816039,-0.008221162037825858,0.03127167630057803,0.05079813767874963,0.038652435542671386,0.16392600205549845,0.2336719883889695,0.2336719883889695,0.2452830188679245,0.2264150943396226,0.2841079460269864,-0.3050964187327824,4.494505494505495,-0.5009523809523809,-0.1488636363636363,-0.024771838331160367,0.003918495297805746,0.008368200836820217,0.0386583285957931,-0.07165109034267914,-0.06207674943566587,0.0031678986272438703,0.0016882386043894915,0.024999999999999908,-0.05615329439491745
62,2014-03-31,-0.022729463941380645,-0.039685607524803546,0.17347682304803547,0.2454308093994777,-0.17076161880999707,-0.05916114790286975,-3.7364705882352944,-3.7364705882352944,-3.757575757575757,-3.8,-0.3146526561587858,-1.263627353815659,2.5860000000000003,-0.8994910941475827,-0.01757899421450826,0.06073338426279595,-1.0523028883684622,-1.0511756569847857,-0.15325670498084287,0.020134228187919545,0.022061772964300008,-0.15157894736842106,0.0,0.0,-0.2289653674953859
63,2014-06-30,0.027007029226784995,0.0008497696676952328,0.0828238440962934,0.1141604726510388,-0.0325870773624356,0.02440168934772413,-1.2906276870163371,-1.2906276870163371,-1.2967032967032968,-1.2912087912087913,0.272572402044293,-4.12218045112782,-0.7518126045733408,6.354430379746836,-0.13159682899207248,-0.06121714079942385,-0.22388059701492544,-0.2702702702702703,-0.012281835811247643,0.10855263157894736,0.0,-0.057899090157154665,0.0,0.024390243902439046,-0.101661503801746
64,2014-09-30,0.0681075888568683,0.14639377960496924,0.08804587560652855,-0.059698939445774875,0.04428044280442811,-0.002977553825011414,-0.004437869822485174,-0.004437869822485174,0.0,0.018867924528301886,-0.08433734939759041,0.5749548464780252,-6.125842696629213,-2.645438898450947,0.2493479394887845,0.02435749904104334,0.1923076923076923,0.11111111111111116,0.04384816753926701,0.03857566765578624,0.0,-0.02238805970149249,0.0,0.0,0.2191222570532916
65,2014-12-31,0.014749527835236975,0.03418570203477045,0.0227033163058461,0.06306470195864411,0.004846037354871324,0.1304847231794164,0.5200594353640415,0.5200594353640415,0.5370370370370368,0.5185185185185184,0.19956140350877186,-1.4097859327217126,-1.4669004822446294,0.6087866108786609,0.3210855949895617,-0.013293390750795608,-1.3870967741935485,-1.3666666666666667,0.03134796238244508,-0.05714285714285716,0.0,-0.009654243376740037,-0.9853932584269663,0.0,-0.027127796348675792
66,2015-03-31,-0.006447753257112443,-0.000640759865817353,0.0030524062475223435,0.004563344931834967,-0.018486888375364163,-0.09611867506604344,-0.38807429130009774,-0.38807429130009774,-0.3855421686746987,-0.3780487804878049,-0.2985984156002438,-1.6753731343283582,-0.07511737089201875,-1.5559167750325098,-0.1351137800252844,0.07988614800759009,62.875,60.9090909090909,-0.022492401215805532,0.048484848484848575,30.907378335949765,-0.012242121967807829,62.73076923076921,-0.02380952380952384,-0.00522003435971985
67,2015-06-30,0.018219932650922255,0.07675190465414494,0.021736552977907664,-0.03128726364204193,0.013665677141979636,-0.015512589928057596,-0.8674121405750799,-0.8674121405750799,-0.8627450980392157,-0.8627450980392157,0.004344048653344812,1.3425414364640882,-1.0071065989847716,-0.43157894736842106,-0.08879956148364697,0.04568617114742568,-0.20613176777560335,-0.2158590308370043,0.01119402985074647,0.06936416184971095,-0.9694956949569496,-0.0043607987147118435,-0.19794809897404952,-0.02439024390243893,0.11152441049485208
68,2015-09-30,-0.5983617328836129,-0.709972328277698,-0.541793989092175,-0.7399765533411489,-0.672203988891694,-0.5206668189084266,5.493975903614458,5.493975903614458,5.428571428571428,5.428571428571428,-0.40657439446366783,-0.4882075471698113,-337.2857142857143,4.292181069958849,-0.5157409264086625,-0.2406318265837675,0.1355792933442892,0.10486891385767773,-0.6672816728167281,-0.2486486486486488,-0.06088709677419357,-0.1839557399723376,0.07825432656132447,0.024999999999999908,0.11539380901159313
69,2015-12-31,-0.030155960301014306,-0.04541062801932372,-0.0537734256289043,-0.4898557258791705,0.012939001848428777,-0.9999988937589328,-0.1150278293135436,-0.1150278293135436,-0.11111111111111104,-0.1333333333333333,0.5160349854227406,-0.6278801843317972,-0.4808836023789295,-0.7733281493001556,-0.24140786749482396,-0.4069484399203364,-0.047033285094066464,-0.07627118644067787,0.031423290203327126,0.7805755395683456,-0.37784456848432796,0.044350282485875685,0.10188415910676896,-0.14634146341463414,0.8712563621751943
70,2016-03-31,0.10250210851841436,0.22760627530364366,0.18574359889374611,-0.06893504197967304,-0.03938564476885642,920326.3040482342,0.01048218029350112,0.01048218029350112,0.049999999999999815,0.0512820512820511,-0.3836538461538461,2.328173374613003,-2.0,-2.46483704974271,0.4661572052401746,-0.09216417910447773,0.225512528473804,0.1449541284403668,-0.01433691756272404,-0.11919191919191917,0.1821946169772255,-0.12848255342169326,0.16212792906903095,-0.02857142857142847,0.31849285652933257
71,2016-06-30,0.019634842921256727,0.02174585179841282,0.018734481980287487,0.04698623635500709,0.021529206902010545,0.04351895180159104,-0.0975103734439834,-0.0975103734439834,-0.09523809523809523,-0.07317073170731703,0.19032761310452415,-0.1646511627906977,-1.4394435351882158,-1.8021077283372369,-0.2550260610573343,-0.010686395396629631,0.8537794299876087,0.6362179487179487,0.040000000000000036,0.004587155963302614,0.06421482778750742,0.0018621973929235926,0.6288828337874659,0.0,-0.024103711102907543
72,2016-09-30,0.025458910618716638,-0.013213637280613309,0.010561299852289485,0.7058023572076155,0.05671780567178052,-0.005829596412556093,-0.05057471264367819,-0.05057471264367819,-0.02631578947368418,-0.05263157894736848,0.051114023591087854,-0.3374164810690423,-0.06331471135940414,-0.637956204379562,-0.12393803098450773,0.1769837972579975,-0.07687165775401072,-0.0910871694417238,0.06643356643356646,0.13013698630136994,-0.04662643993417448,0.03035935563816605,-0.08163265306122447,0.0,-0.42150819963952746
73,2016-12-31,0.16315481416447186,-0.09281406521516923,-0.0274062705547029,0.02232261493489229,0.5455345358556973,0.08028867839422649,13.372881355932204,13.372881355932204,13.513513513513516,13.75,-0.22693266832917705,-1.9411764705882355,0.8409542743538767,-1.2540322580645158,0.03593839132915,0.058242146134839475,2.4927588703837795,2.7306034482758625,0.5901639344262295,-0.008080808080808133,0.12025316455696199,0.3286229705351773,1.9479052823315115,0.2647058823529411,-0.11262404800369265
74,2017-03-31,0.04029857005074011,-0.04304225352112678,-0.0071385632702134485,0.15232648817260208,0.10019925989183044,-0.07432150313152397,-0.8256401617250674,-0.8256401617250674,-0.8212290502793296,-0.8229755178907721,-0.06129032258064515,-1.2053571428571428,-0.5485961123110151,1.5873015873015874,0.08975770925110127,0.06804536357571722,-0.08427490411526906,0.013287117273252493,0.10412371134020626,-0.3279022403258657,-0.7452491011813045,0.057705363204344724,0.06660899653979224,-0.046511627906976834,-0.1695275249241439
75,2017-06-30,0.1078281199613027,0.2841163310961969,0.21160977824869454,0.03676968193097219,-0.010435532557136695,0.05006765899864685,-0.9739130434782608,-0.9739130434782608,-0.96875,-0.9787234042553192,0.2010309278350515,16.48695652173913,-5.6220095693779895,3.030674846625767,0.3319858514401213,0.06464709556527183,-0.16991170477699802,-0.12571265678449262,0.0009337068160597539,-0.036363636363636265,-0.016129032258064502,-0.1067608044501498,-0.062333449194763024,-0.07317073170731703,0.23853019468657036
76,2017-09-30,-0.05603463959538624,-0.2794791857693013,-0.08426510088075456,-0.3059181897302001,-0.01664633083493117,0.03479381443298979,18.37037037037037,18.37037037037037,15.333333333333332,23.0,0.2546494992846924,-1.3063152660367976,-2.243271221532092,-2.333333333333333,-0.3323216995447648,0.06512173657964215,-0.08604936588026724,-0.039126181936745885,0.0074626865671640905,0.0660377358490567,0.12295081967213115,0.041676646706587,-0.005931051526010146,-0.02631578947368418,0.038096843524800805
77,2017-12-31,0.0014647496434490035,-0.01463476711631462,0.22223738062755796,0.10940438871473357,-0.2853850926172118,0.0846824408468243,-5.9732313575525815,-5.9732313575525815,-6.163265306122447,-6.270833333333332,0.1265678449258838,-0.6525974025974026,-0.6269775187343879,-1.4109589041095891,0.20454545454545456,0.010465436518865223,-1.1429424052521635,-1.1323379708177808,-0.2620370370370371,0.0029498525073745623,-0.007299270072992692,-0.2865026442860428,0.0,0.0,-0.11180124223602483
78,2018-03-31,-0.05488626303837418,-0.12656593051788712,-0.05352159839267778,-0.2743712913252331,-0.0579188887510852,-0.012629161882893205,-1.156478277585544,-1.156478277585544,-1.158102766798419,-1.158102766798419,-0.4989878542510121,6.934579439252336,1.0368303571428572,0.12777777777777774,0.2009433962264151,0.14990460615971646,0.7870563674321502,0.6230769230769229,-0.04140526976160608,0.5558823529411765,0.0,-0.0032226877215597587,0.0,0.027027027027026973,0.2037113213583801
79,2018-06-30,-0.023091020158827136,-0.08561289368623393,-0.006898991685830525,0.015576323987538832,-0.059241706161137435,0.023255813953488413,0.5773955773955775,0.5773955773955775,0.5999999999999999,0.5999999999999999,-0.2484848484848485,-1.0889281507656066,-0.42904109589041095,-3.2413793103448274,-0.3574234092694423,-0.06897369044797341,-0.29497663551401865,-0.3522906793048972,-0.054973821989528826,-0.02835538752362954,0.0,-0.036857419980601436,0.0,0.07894736842105265,-0.09963547995139732
80,2018-09-30,-0.01400700350175088,0.12597024579560154,-0.007065669160432275,0.5360429447852761,-0.03036663867898126,0.003409090909090917,0.1230529595015577,0.1230529595015577,0.15625,0.140625,0.5,-7.132450331125827,-0.021113243761996192,-1.510989010989011,0.2842298288508558,-0.09699592668024447,-0.07373653686826842,-0.17317073170731712,-0.0027700831024930483,-0.044747081712062216,0.0,-0.01644847264182614,0.0,0.048780487804878085,-0.26699561403508776
81,2018-12-31,-0.03521900896330121,0.023409449949734373,-0.011062608383663242,0.11183225162256603,-0.0935199884543224,0.08607021517553792,0.054091539528432715,0.054091539528432715,0.08108108108108114,0.0547945205479452,1.2096774193548383,-0.5453563714902807,0.4813725490196079,-0.7462365591397849,0.056163731556401635,-0.14575697772765714,-4.237924865831843,-4.141592920353983,-0.045833333333333386,-0.14256619144602856,0.0,-0.06040955631399314,-0.7073958980733375,0.046511627906976834,-0.07951211092572341
82,2019-03-31,-0.02147333362548753,-0.0646926747123211,0.03555448059015598,0.010327795240233415,-0.17162872154115585,-0.0813347236704901,-0.3184210526315789,-0.3184210526315789,-0.2750000000000001,-0.2597402597402598,-0.5539334955393349,0.3254156769596199,0.06221045665122426,-5.296610169491525,-0.22848129788192886,0.1006600660066006,0.14171270718232054,0.06948356807511735,-0.13100436681222716,0.15201900237529675,1.4136029411764706,-0.15365056302215752,0.03780798640611716,0.04444444444444429,-0.07425464091505718
83,2019-06-30,-0.05195037843163597,0.026856714178544742,-0.003678617307018573,0.15755555555555545,-0.21083990005765907,-0.9950813469542188,-0.22393822393822396,-0.22393822393822396,-0.18965517241379304,-0.1929824561403508,0.3527272727272728,0.3046594982078854,0.02990654205607468,-0.6232741617357003,-0.1115654205607477,0.13913043478260878,0.031938059520929096,-0.06321334503950837,-0.17922948073701828,0.31134020618556724,0.06778370144706769,-0.1673819742489272,0.20098239869013512,-0.23404255319148934,-0.11288906893525084
