,Quarter end,Assets,Current Assets,Liabilities,Current Liabilities,Shareholders equity,Revenue,Earnings,Earnings available for common stockholders,EPS basic,EPS diluted,Cash from operating activities,Cash from investing activities,Cash from financing activities,Cash change during period,Cash at end of period,Price,ROE,ROA,Book value of equity per share,P/B ratio,P/E ratio,Cumulative dividends per share,Equity to assets ratio,Net margin,Asset turnover,Current ratio
0,1993-12-31,-0.009200196454464682,-0.07280898268398273,-0.011001880552493406,0.07653875833041046,-0.004536925142665349,0.04160545936342008,0.07133521203375626,0.07133521203375626,0.06666666666666665,0.05263157894736836,-0.2976180041197353,-0.0920493951497534,-1.2242302078265102,8.868280784172011,0.02512826603325413,-0.16091954022988508,0.020390070921985748,0.012461059190031376,-0.005259203606311047,-0.1897810218978102,0.040856031128404746,inf,0.004664513814137239,0.025200458190148826,-0.02777777777777779,-0.13869176180191298
1,1994-03-31,-0.009200196454464682,-0.07280898268398273,-0.011001880552493406,0.07653875833041046,-0.004536925142665349,0.04160545936342008,0.07133521203375626,0.07133521203375626,0.06666666666666665,0.05263157894736836,-0.2976180041197353,-0.0920493951497534,-1.2242302078265102,8.868280784172011,0.02512826603325413,-0.16091954022988508,0.020390070921985748,0.012461059190031376,-0.005259203606311047,-0.1897810218978102,0.040856031128404746,inf,0.004664513814137239,0.025200458190148826,-0.02777777777777779,-0.13869176180191298
2,1994-06-30,0.01545048747990596,0.14968172382136855,0.01950143397235915,0.062478577563231275,0.005033578830035967,0.04160545936342008,0.07133521203375626,0.07133521203375626,0.06666666666666665,0.05263157894736836,-0.2976180041197353,-0.0920493951497534,-1.2242302078265102,8.868280784172011,0.2530985057196944,-0.19506849315068495,0.020390070921985748,0.012461059190031376,0.005287009063444037,-0.1897810218978102,0.040856031128404746,0.7142857142857144,-0.010357142857142955,0.025200458190148826,-0.02777777777777779,0.08203474834318447
3,1994-09-30,0.0464272999024713,0.17150180134127213,0.01793216605076564,0.08682564585037844,0.026997949779753668,0.4485386827359459,0.9244938400456972,0.9244938400456972,0.90625,0.05263157894736836,1.056168265605907,0.2027598507575568,-14.65484763221899,-2.4965577852643914,-0.3022719582257017,-0.08917631041524843,0.020390070921985748,0.012461059190031376,0.02704733283245675,-0.09009009009009017,0.040856031128404746,0.4166666666666667,-0.018404907975460127,0.025200458190148826,-0.02777777777777779,0.07796722396954148
4,1994-12-31,-0.005252214990986825,-0.07529619554148903,-0.01159911562003202,-0.10922579108763053,0.003634089777879046,-0.2702536146380935,-0.5092067028461079,-0.5092067028461079,-0.5245901639344263,0.05263157894736836,-0.5866571243601935,-0.09746933941872617,-1.3034102438283302,-1.9553379171968288,0.4151730936902891,0.06576980568011948,0.020390070921985748,0.012461059190031376,0.004389173372348232,0.029702970297029733,0.040856031128404746,0.2941176470588236,0.00882352941176445,0.025200458190148826,-0.02777777777777779,0.03808353808353804
5,1995-03-31,-0.011160741402411745,-0.1869728209934396,-0.017766747634875957,-0.14812860310421286,0.0053500976562499405,-0.06734575591788095,0.14639718673704796,0.14639718673704796,0.1724137931034484,0.05263157894736836,0.9110395291497652,0.17655750601636688,-3.6975654676258993,-2.5962246511836384,-0.4669044943820224,0.09607293127629736,0.020390070921985748,0.012461059190031376,0.0058266569555718295,0.09615384615384603,0.040856031128404746,0.2272727272727273,0.016763848396501357,0.025200458190148826,-0.02777777777777779,-0.04571005917159754
6,1995-06-30,0.022379065759878136,0.2540161383285302,0.030630043868768775,0.052302817252295915,0.005071985476141627,0.009330498271258758,0.04121267380898108,0.04121267380898108,0.0588235294117645,0.05263157894736836,-0.4176480475096645,-0.07446884630283468,-1.6838822962137991,-2.2404566678968565,1.0862498375328884,0.06781829814459384,0.015638575152041808,0.012461059190031376,0.007965242577842034,0.061403508771929786,0.040856031128404746,0.18518518518518512,-0.016845878136200643,0.02681564245810053,0.0,0.19175321655557287
7,1995-09-30,0.02828987948445416,0.22952514985857556,0.027299339762274052,0.1866715382476232,0.025945523662253226,0.4442358838971181,0.7987339951086174,0.7987339951086174,0.8055555555555556,0.05263157894736836,1.0902161603500784,-0.05653466270343765,-2.422303821399714,-1.1596890300298164,-0.08314545065743506,0.029958058717795,0.010265183917878451,0.012461059190031376,0.02729885057471271,0.016528925619834656,0.0037383177570093906,0.15625,-0.002551950419248939,0.02285092491838969,0.0,0.03616024973985432
8,1995-12-31,0.02878748977914713,-0.09124892527382156,0.042224218104410786,-0.02212516261933484,-0.001456209694195909,-0.2415712027182523,-0.5200699658168996,-0.5200699658168996,-0.5230769230769231,0.05263157894736836,-0.497583600835844,1.855770426212462,-2.2964788408009635,-0.2393276630214661,-0.06890301348529615,-0.043630017452007015,-0.003386960203217604,-0.012307692307692464,0.002797202797202747,-0.06504065040650409,-0.06703910614525144,0.1351351351351351,-0.0292397660818714,-0.0010638297872340716,-0.02857142857142847,-0.0706753703238765
9,1996-03-31,0.014557045017957073,-0.007919374742904162,0.014665428167020432,0.0682423873325213,0.008883176100628942,-0.07533696411057078,0.21067580590234256,0.21067580590234256,0.22580645161290325,0.05263157894736836,1.0150581596222503,-0.6482289151858155,-1.3363126960440963,-6.7384058356850005,0.4254378698224852,0.07238442822384418,0.00849617672047587,-0.003115264797507677,0.013249651324965141,0.06956521739130439,0.05988023952095811,0.11904761904761907,-0.005647590361445798,0.012779552715655118,0.0,-0.07132243684992567
10,1996-06-30,-0.012946548619500951,-0.10381847523041376,-0.0208909594123502,-0.08675331546235178,0.0046572140530884995,-0.08473502585598591,-0.06798173428532095,-0.06798173428532095,-0.07894736842105265,0.05263157894736836,-0.4519176938054729,-0.3030506739272294,-0.37605831484583696,-0.7674231950488527,0.06936655334116515,-0.06409529211571185,-0.0143218197135635,-0.021874999999999974,0.011699931176875513,-0.07317073170731714,-0.08568738229755167,0.1063829787234043,0.017796289284361944,0.01051524710830698,-0.029411764705882363,-0.018763636363636427
11,1996-09-30,0.037272062629388765,0.4449190418643043,0.04947247724803061,0.28886735868514823,0.007435490926690712,0.4563482432220207,0.7775573107301097,0.7775573107301097,0.8,0.05263157894736836,0.6184005024351515,0.12855096151905876,0.003442743229405965,4.561069996608885,0.3607296837071121,0.0115151515151517,-0.0196581196581197,-0.028753993610223683,0.019727891156462674,0.0,0.01750772399588052,0.09615384615384626,-0.028645833333333263,0.007284079084287187,-0.06060606060606066,0.121108805217907
12,1996-12-31,-0.012657395292194118,-0.17643186222460738,-0.012649233217907674,-0.1673996520418325,-0.014984189241292968,-0.20477921165682997,-0.5760334370111878,-0.5760334370111878,-0.5555555555555556,0.05263157894736836,-0.5279933692207663,0.20530471538202955,0.1227421739409913,-1.554049400606926,-0.14702218503057218,0.1420011983223486,-0.028770706190061057,-0.03289473684210531,0.016677785190126748,0.11403508771929838,0.15485829959514152,0.08771929824561409,-0.0022979701263883268,-0.02272727272727271,0.0,-0.01084225836308339
13,1997-03-31,-0.02494246508408326,-0.17345489891135302,-0.023455800630191925,-0.03629203025014538,-0.029518836954822606,-0.09128666956814437,0.23389171963667965,0.23389171963667965,0.24999999999999975,0.05263157894736836,0.8716314741159461,-0.3508866663304149,2.9195531445910743,0.056604017894716474,-0.18239464882943146,0.11804826862539343,-0.023339317773788167,-0.030612244897959107,-0.006561679790026198,0.10236220472440928,0.1384750219106048,0.08064516129032251,-0.004606525911708403,-0.023255813953488413,0.0,-0.14236064697232995
14,1997-06-30,0.02112815275491076,0.14455560395395015,0.08352758213728029,0.11932441715450914,-0.03739154610506679,0.08762646713078492,-0.03998287434742975,-0.03998287434742975,-0.02857142857142847,0.05263157894736836,-0.32027556575187144,1.5200175516379244,-1.5543786870968272,-1.994748838862269,0.22136183650762487,0.07648991083998125,-0.0055147058823528106,-0.028070175438596582,-0.005944517833553542,0.08571428571428585,0.0969976905311778,0.07462686567164177,-0.057462398765908085,-0.05303030303030309,0.032258064516129004,0.02259975062344144
15,1997-09-30,-0.001740730207797303,0.05453683881306004,0.009205789806953302,0.227961830103568,-0.03564453688775249,0.31972604656384096,0.990987038022759,0.990987038022759,1.0588235294117645,0.05263157894736836,0.31318893029244776,-0.4555417104239331,-2.8082048309433323,-2.913930210354492,-0.3468841858715226,0.11421098517872695,0.02957486136783727,0.007220216606498298,0.003986710963455042,0.11842105263157897,0.12070175438596498,0.06944444444444442,-0.033960720130932875,-0.011428571428571456,0.0,-0.14128943758573387
16,1997-12-31,0.0283157796717608,0.4018587782198615,0.04965937708228485,-0.18137738963471814,-0.0409545547457566,-0.18632058995876769,-0.4964612288694358,-0.4964612288694358,-0.4714285714285714,0.05263157894736836,0.08118020877245448,-0.4446665334132853,-2.6503630117773915,-5.253304453892127,2.259717616491744,0.029342723004694763,0.07091561938958701,0.025089605734766932,-0.008603573792190566,0.0235294117647058,-0.013775829680651277,0.06753246753246755,-0.06734434561626422,0.01734104046242768,0.0,0.7126375576854809
17,1998-03-31,-0.008233138121987227,-0.1612994161801501,-0.0007840531561461582,-0.035218079399141684,-0.035163560702008316,-0.1805056284751857,0.0332556053811659,0.0332556053811659,0.05405405405405417,0.05263157894736836,-0.15281821382869998,2.43628074385123,-1.514671458007525,-1.4130952939449477,-0.2865395909805978,0.05017103762827824,0.037720033528918506,-0.010489510489510523,-0.01735647530040052,0.057471264367816126,-0.0031746031746032748,0.06326034063260333,-0.027247956403269824,0.007954545454545547,0.0,-0.13068711783604514
18,1998-06-30,-0.0124430693884634,0.12854621742332786,-0.0017575753235605784,0.039621520463023474,-0.05199871508561127,0.18474150006563184,0.008978543156725305,0.008978543156725305,0.02564102564102577,0.05263157894736836,-0.4746596380962036,-2.5140076951545662,0.7821728249984454,-1.5408894082822897,0.217034931708719,0.06659428157799496,0.051696284329563864,0.007067137809187329,-0.028532608695652217,0.08695652173913038,0.04840764331210212,0.05949656750572085,-0.04014939309056953,-0.0011273957158962624,0.0,0.08547925608011453
19,1998-09-30,0.01750674752277637,0.07550156332379232,0.02001721726030348,0.19923652403954414,0.007644757247752931,0.5899690345790072,0.4885928026262363,0.4885928026262363,0.5249999999999999,0.4999999999999998,0.7022125652712543,-1.7493744710388741,-0.6979121294306485,-2.557467040986688,-0.2777444953075743,-0.06549032914828634,-0.056835637480798784,-0.09122807017543866,0.009790209790209614,-0.03500000000000003,-0.0953827460510328,0.05399568034557234,-0.009727626459143934,-0.1512415349887133,0.0625,-0.1031301482701812
20,1998-12-31,-0.012671370356011513,-0.1454690743919831,-0.016223397013816254,-0.044200060568190265,0.0009801714053396804,-0.2654797077728228,-0.24922675765267202,-0.24922675765267202,-0.24590163934426226,-0.21666666666666667,-0.3910107875990224,0.08558763023017146,-0.3008870354216704,0.33168299609050544,-0.5116869043458193,-0.025417574437182292,0.05700325732899025,0.03861003861003876,0.01731301939058172,-0.03626943005181338,0.030221625251846795,0.05327868852459017,0.014243614931237712,0.003989361702127603,0.0588235294117645,-0.10592701445015916
21,1999-03-31,0.08379743299052557,0.043968999680409133,0.10997084205688612,0.4690188987400841,-0.016242792704451836,-0.25321922820476395,-0.1181045630888602,-0.1181045630888602,-0.10869565217391307,-0.14893617021276584,0.7512825667716547,1.9430740817908785,-10.304415451230627,-1.044214293761603,0.04560787671232869,-0.0577496274217586,0.014637904468413062,-0.0185873605947956,-0.016337644656228778,-0.07526881720430112,-0.10886571056062576,0.05252918287937747,-0.0924939467312348,-0.006622516556291425,-0.02777777777777779,-0.2894124092590056
22,1999-06-30,0.044553254978242585,0.15431434537477884,0.05524466867087829,-0.1407586939137243,-0.0024141886512001327,0.02633930115742156,-0.10326720712794413,-0.10326720712794413,-0.09756097560975607,-0.07500000000000008,0.005771708213045068,-0.4764071025750928,-0.4235633707690414,11.08663540012556,0.5359895846127392,0.020561486753657654,-0.02277904328018221,-0.05681818181818187,-0.002768166089965329,0.040697674418604717,0.009509875640087763,0.049907578558225474,-0.044823906083244484,-0.002666666666666595,-0.05714285714285705,0.3434849653045491
23,1999-09-30,0.1495914158596927,-0.03562215517234524,0.1727884622259519,0.14271784971741064,0.04509091403234322,0.7183476482142235,0.9882652505022504,0.9882652505022504,1.0,0.972972972972973,0.9249587307894732,1.4460837156596185,1.1557354323682658,-0.14233685921526207,0.2992849138900706,-0.026346377373111185,0.05283605283605275,-0.008032128514056214,0.04510756419153372,-0.02793296089385477,-0.010144927536231974,0.04753521126760574,-0.09106145251396636,0.0721925133689838,-0.06060606060606066,-0.1560975609756099
24,1999-12-31,0.1271256767685176,-0.26574522734397776,0.15272076150869518,0.10674957097682693,-0.0035768741110876467,0.12126885420094302,-0.6239087950434132,-0.6239087950434132,-0.6351351351351351,-0.6027397260273972,-0.7158675030717353,0.6120128209756215,0.6345543484527518,-3.5331696994741866,-0.5831408368529759,0.06327099084759258,-0.10110701107011076,-0.18218623481781385,-0.003984063745019917,0.01724137931034475,-0.007320644216691097,0.04537815126050404,-0.1161647203441918,-0.19700748129675805,0.0,-0.3366201972118327
25,2000-03-31,0.006421402743658433,0.11292397003745315,0.01347750653036206,0.07110567085647479,-0.035815966225292595,-0.1786231867666198,0.1406956159533479,0.1406956159533479,0.18518518518518512,0.10344827586206916,1.348774568529096,-0.8952018370067092,-0.9242184577195868,-1.5764364397304949,0.8060511811023623,-0.15306886227544916,-0.05418719211822665,-0.1188118811881188,0.008000000000000007,-0.14689265536723162,-0.06784660766961648,0.045016077170418,-0.04172461752433943,-0.14596273291925466,0.032258064516129004,0.03921066119938499
26,2000-06-30,0.012805128545914979,0.1927961132179732,0.024924965612288297,0.1734905004499554,-0.06322373602385023,0.009489887343389736,0.2521978072137374,0.2521978072137374,0.28125,0.28125,-0.11839422951941725,0.1891970698938492,-1.2182737481949422,-1.1300607719575595,-0.05810627876103304,-0.1546619531595228,0.029513888888888836,-0.05056179775280911,-0.0443121693121693,-0.1589403973509934,-0.11471518987341778,0.04307692307692301,-0.07474600870827286,-0.07454545454545458,0.03125,0.016276202219482006
27,2000-09-30,0.026810999850874092,0.2434681506217411,0.02516007409941912,0.12033654688624827,0.03671592689916348,0.3288414223378453,1.6256388198327585,1.6256388198327585,1.707317073170732,1.6829268292682928,-0.4306816591237811,-2.0869247024427864,11.280668501339552,-4.975445967999099,0.2452488708727405,0.1923680083638264,0.1956155143338956,0.1301775147928994,0.03667820069204164,0.2440944881889764,0.16443252904378913,0.04129793510324475,0.009411764705882451,0.1100196463654224,0.03030303030303028,0.10992477553991732
28,2000-12-31,-0.07433359666916217,0.2855794784667707,-0.010861415179246436,0.12093462698876367,-0.5040490704506493,-0.2906736910048524,-8.079972011739521,-8.079972011739521,-7.981981981981982,-8.045454545454545,-1.1300191768697447,-1.451473029474366,-2.8318027745952974,3.3998537287375843,0.8334761332146328,-0.15431828145550194,-4.218617771509168,-3.7801047120418847,-0.5040053404539386,-0.18354430379746836,-0.3016116653875671,0.0,-0.4646464646464646,0.0,-0.058823529411764726,0.14691735898557054
29,2001-03-31,0.03316239316239322,0.1540769502294388,0.06582573020635607,0.22490740740740733,-0.4070247933884298,-0.4168979200891594,-0.7580258359383794,-0.7580258359383794,-0.7561290322580645,-0.7561290322580645,-23.539898646093334,-0.35920419263542536,-0.7634324972454469,0.030581790767231217,0.4870755195134313,-0.4282011404872992,0.7405784399649431,0.3747645951035781,-0.4078061911170928,0.1472868217054264,0.0,0.0,-0.4252539912917272,0.0,-0.09375000000000012,-0.05775829203202432
30,2001-06-30,0.031270681667769695,0.12478972319926585,0.02275077559462257,0.13576234031294887,0.010452961672473782,0.7385837193911318,-0.8346839546191248,-0.8346839546191248,-0.8359788359788359,-0.8359788359788359,-0.9519015659955258,-0.07738095238095233,0.4383561643835616,-0.6930280957336108,0.10054533060668036,-0.070716228467815,0.0,0.08630136986301372,0.011363636363636244,0.5743243243243243,0.0,0.0,-0.020202020202020218,0.0,-0.0344827586206895,-0.009710702002832305
31,2001-09-30,-0.00898443767046364,0.1632902787219579,0.00016852039096737492,-0.07028286189683862,-0.2448275862068966,0.5390178911305672,3.0490196078431366,3.0490196078431366,3.0967741935483866,3.0967741935483866,29.767441860465123,0.9483870967741936,-1.4404761904761905,1.9322033898305089,0.26788479405388665,0.24585365853658536,0.0,0.2736443883984869,-0.2449438202247192,0.2317596566523605,0.0,0.0,-0.23969072164948454,0.0,0.0714285714285714,0.25127681307456595
32,2001-12-31,-0.007770762506070894,-0.12342215988779805,-0.06888514462229711,-0.2943660963562173,1.9881278538812783,-0.1949047736829087,-6.246973365617434,-6.246973365617434,-6.236220472440945,-6.228346456692913,-0.4603174603174604,-5.3907284768211925,10.264864864864863,-1.0462427745664742,-0.009770395701025893,0.17149569303054046,-1.7186555891238668,-1.2782178217821782,1.988095238095238,0.5505226480836236,0.0,0.0,2.0169491525423733,0.6017699115044246,0.03333333333333344,0.24228571428571424
33,2002-03-31,-0.08312938489149946,-0.31986666666666663,-0.09708357209638983,-0.4255858780562037,0.04462102689486547,-0.20522273425499227,-0.9612367328103368,-0.9612367328103368,-0.9609022556390976,-0.960843373493976,-2.3599439775910365,-1.1764705882352942,-0.5326295585412668,53.525,-0.5379871731623088,0.08221925133689845,0.3170432650201438,0.7046263345195729,0.044820717131474286,-0.6382022471910112,-0.4384615384615385,0.0,0.13932584269662907,0.532596685082873,0.129032258064516,0.18399264029438836
34,2002-06-30,0.017231663552510712,-0.06782983728680647,-0.006112632774400439,-0.03602967149417169,0.2100643651258045,0.13103981445689986,6.916666666666668,6.916666666666668,6.846153846153847,6.769230769230768,-1.6416065911431514,0.08974358974358965,-0.3193018480492813,-0.8748280605226959,-0.14575547250400422,0.1074737492279183,0.11703684000531987,0.4739039665970772,0.20972354623450906,0.06211180124223593,-0.3405088062622309,0.0,0.18934911242603536,0.4087959625090123,0.02857142857142869,-0.03296703296703307
35,2002-09-30,-0.01239139308414483,0.13459516298633026,-0.023391026718198597,-0.039391718578233766,0.06794003868471954,0.3660287081339713,-0.4706766917293234,-0.4706766917293234,-0.4705882352941176,-0.4702970297029703,1.6773675762439808,0.15686274509803932,-0.37858220211161386,-4.483516483516484,0.5943750000000001,-0.2738427216954824,0.021073937373496943,0.3356940509915014,0.0685579196217494,-0.3976608187134503,-0.4955489614243324,0.0,0.08126036484245436,0.31013306038894584,0.0277777777777779,0.18112947658402206
36,2002-12-31,-0.017388480500693748,0.011677479147358616,-0.02192091950858599,0.2691207324051115,0.0045279601539507395,-0.5051288466349763,-1.068181818181818,-1.068181818181818,-1.0648148148148149,-1.0654205607476634,-0.3962829736211031,0.8474576271186439,0.3398058252427185,-1.0809674027339642,-0.03018424147393184,-0.2296466973886329,-0.6937966417910448,-0.6617179215270413,0.004424778761061843,-0.2815533980582524,-0.4117647058823529,0.0,0.02223926380368102,-0.63359375,-0.08108108108108103,-0.20281827016520906
37,2003-03-31,0.057084485037856014,-0.06449248809087582,0.06371824642882283,-0.07784791103095877,0.01690331304935766,0.2800808897876643,-3.375,-3.375,-3.4285714285714284,-3.4285714285714284,-0.3247269116186693,0.15779816513761458,-0.6539855072463768,0.7532467532467533,-0.0569927243330639,0.2253240279162512,-0.08606245239908605,-0.03761755485893403,0.016886930983847304,0.21621621621621626,2.75,0.0,-0.03825956489122273,-0.021321961620468958,-0.029411764705882363,0.014384981104473837
38,2003-06-30,0.0002273760800364233,0.004896200548374363,-0.003307643965203555,-0.016949152542372836,0.019503546099290725,0.2373617693522907,-0.5789473684210527,-0.5789473684210527,-0.588235294117647,-0.588235294117647,-0.039705882352941146,-0.5277337559429477,0.6701570680628273,-1.3555555555555556,0.020574367766823757,0.2375915378356388,-0.6204166666666666,-0.6123778501628665,0.01949458483754518,0.22222222222222232,0.2719999999999998,0.0,0.01950078003120126,-0.6176470588235294,0.03030303030303028,0.022232904698954448
39,2003-09-30,0.01221868606501486,0.15123757552134087,-0.01105100720140706,0.14937002652519893,0.16130434782608696,0.22342802425789987,21.66666666666667,21.66666666666667,22.857142857142854,22.57142857142857,1.3093415007656968,-0.4563758389261745,0.4670846394984327,17.041666666666668,0.3637127257454851,0.16568047337278102,0.40614709110867175,0.453781512605042,0.1331444759206799,0.14545454545454528,1.9979035639413003,0.0,0.1193573068094873,0.492877492877493,-0.029411764705882363,0.0016458970138724105
40,2003-12-31,-0.01852787603166584,-0.14525139664804465,-0.029093959731543606,-0.11048608106158953,0.031823287158367686,-0.3120271327941561,-0.6397058823529411,-0.6397058823529411,-0.6347305389221557,-0.6303030303030304,-0.6909814323607427,1.9876543209876545,1.1965811965811968,-2.2113163972286376,-0.32306744687403754,0.1613085166384658,0.3005464480874318,0.34682080924855496,0.032499999999999966,0.023809523809523725,-0.2090909090909091,0.02832861189801705,0.05263157894736836,0.2919847328244274,0.03030303030303028,-0.039084507042253525
41,2004-03-31,0.02448372518734621,0.05307981778570015,0.01672830332146691,-0.07961731798281169,0.005805515239477589,-0.0481607887751232,-0.5051020408163265,-0.5051020408163265,-0.5081967213114754,-0.5081967213114754,-0.3154506437768241,-0.02272727272727271,-1.6361867704280155,-1.5252621544327931,0.2506824385805277,0.10733365711510444,0.0030012004801920344,0.0429184549356223,0.006053268765133346,0.06976744186046502,-0.193633952254642,0.02754820936639124,-0.018181818181818188,0.050221565731166866,0.0,0.14425308415781113
42,2004-06-30,0.011586353230219393,0.09497837126198982,0.02869089302104233,-0.10764622973925296,-0.07720057720057716,0.16294820717131464,-4.855670103092784,-4.855670103092784,-4.833333333333333,-4.833333333333333,-2.699059561128527,-0.12050739957716705,0.2415902140672783,-1.2613430127041745,-0.05238268461258644,0.04385964912280693,-0.4721723518850988,-0.4650205761316872,-0.07882069795427192,0.03623188405797095,-0.007675438596491112,0.02680965147453085,-0.08994708994709,-0.4528832630098453,-0.029411764705882363,0.2270495303159692
43,2004-09-30,-0.06885987911572322,-0.1178289247681209,-0.08773669079012593,-0.13109575518262584,0.1292025019546521,0.09215484755053094,-3.1737967914438503,-3.1737967914438503,-3.165217391304348,-3.139130434782609,0.0,0.0,0.0,-0.8194444444444444,-0.01305182341650668,0.10546218487394944,0.5487528344671202,0.6000000000000001,0.13259307642064,0.20279720279720287,1.0618784530386738,0.026109660574412663,0.21656976744186046,0.6709511568123394,-0.03030303030303028,0.015224010439321534
44,2004-12-31,-0.013901238959037276,0.06094236760124616,-0.02999347967833077,-0.08270847534651216,0.06941319023714733,-0.5037641154328732,-0.5325953259532595,-0.5325953259532595,-0.5301204819277109,-0.5284552845528456,-3.2140221402214024,-3.9447115384615374,-3.0899014778325125,-6.269230769230768,0.04589653831194096,0.119726339794755,0.21376281112737927,0.2644230769230771,0.07093425605536341,-0.011627906976744208,-0.2888531618435156,0.03180661577608124,0.08602150537634401,0.3815384615384616,-0.09375000000000012,0.15664095972579273
45,2005-03-31,0.0058312543208391965,0.012662873921820415,0.005788333706774118,0.11468912558830825,0.008255098737455445,0.5461441213653604,-0.4710526315789474,-0.4710526315789474,-0.4786324786324786,-0.4741379310344828,-0.735,-1.0424489795918368,-0.6517383618149676,-3.3576642335766422,-0.12011900334696912,0.1096401900882551,0.08021712907117018,0.13307984790874516,0.008077544426494221,0.03529411764705892,-0.11077618688771662,0.030826140567201014,0.002750275027502802,0.12026726057906445,0.034482758620689724,-0.09156912135131147
46,2005-06-30,0.0022113976630906422,0.0054367524465386285,-0.016856644265399345,0.026666666666666616,0.08364103387381605,0.08299264104660664,0.0,0.0,0.0,0.0,0.5534591194968554,7.6538461538461515,-0.4653130287648054,-0.2352941176470589,-0.10355029585798814,0.15723462832670546,0.4829704075935231,0.5973154362416109,0.019764957264957417,0.1477272727272727,0.04067796610169472,0.029904306220095656,0.017553483269336256,0.6073558648111335,-0.033333333333333326,-0.020632849453596336
47,2005-09-30,0.05877090974147948,0.33291276135544345,0.06118055817817902,0.3205627705627705,0.051111111111111114,0.4280860702151757,1.2985074626865671,1.2985074626865671,1.3114754098360657,1.278688524590164,0.7570850202429149,-0.13555555555555554,-0.8481012658227848,-2.8461538461538463,0.2149929278642151,0.14195083267248232,-0.2424698795180723,-0.23109243697479,0.02357255107386069,0.1188118811881187,-0.2728013029315961,0.029036004645760723,-0.03342318059299198,-0.2646876932591219,0.06896551724137945,0.009326338579398684
48,2005-12-31,-0.020192632646164218,-0.194185260311021,-0.033559913164169515,-0.18718242910998195,0.03368569415081035,-0.2138514406555644,-0.40909090909090906,-0.40909090909090906,-0.4042553191489362,-0.4100719424460432,0.0,0.0,0.0,-2.495614035087719,-0.26464881645324023,0.03773148148148131,-0.106858846918489,-0.09562841530054657,0.038894575230296935,0.013274336283185972,0.3314669652855544,0.03047404063205428,0.06023424428332413,-0.1934398654331372,0.129032258064516,-0.008580150152627697
49,2006-03-31,-0.0040240292029547495,-0.08793421715052863,-0.02275740167918694,-0.18027828191167566,0.06558494682301608,-0.0749831876260928,-0.05494505494505497,-0.05494505494505497,-0.0714285714285714,-0.04878048780487798,-0.2995391705069125,0.519280205655527,-0.7291666666666667,-1.0058651026392962,0.0010554089709762238,-0.024537140307829608,0.01836393989983298,0.04229607250755296,0.042857142857142934,-0.061135371179039326,0.07232968881412938,0.02957283680175249,0.047343503419253086,0.02398331595411873,0.0,0.11259049679620525
50,2006-06-30,0.014429597991399978,0.03495860165593378,0.01168136257442165,0.07380073800738017,0.023544465770953368,0.0908760450745183,-0.313953488372093,-0.313953488372093,-0.3076923076923077,-0.3076923076923077,-0.2598684210526315,0.2081218274111676,-18.30769230769231,-10.75,-0.020558777016341567,-0.08392407957923609,-0.051366120218579225,-0.03188405797101457,0.0269248937175246,-0.1209302325581395,-0.12705882352941167,0.02872340425531905,0.012054244098443023,-0.0478615071283095,0.02857142857142869,-0.036125654450261835
51,2006-09-30,0.032431509772125944,0.13119999999999998,0.02555125148986881,0.1491408934707903,0.05675709463682965,0.26691102965678115,1.5875706214689265,1.5875706214689265,1.5555555555555554,1.5555555555555554,3.2488888888888887,-0.04621848739495793,-4.933333333333334,-9.871794871794874,0.1862217438105489,0.021467798302546196,-0.04493087557603692,-0.008982035928143728,0.06439742410303606,-0.005291005291005346,0.041329739442946815,0.02792140641158225,0.030769230769230663,-0.0042780748663101545,0.0,-0.0156747109490184
52,2006-12-31,-0.0008266512358435785,-0.1384567028131385,-0.006101547178034461,-0.14214513556618824,0.02022950431799364,-0.19305628616517626,-0.37117903930131,-0.37117903930131,-0.3623188405797101,-0.3695652173913043,-0.6741631799163179,0.4772393538913362,-0.9706214689265537,-2.1820809248554918,-0.18557168784029046,0.08553274682306933,-0.025331724969843258,0.0030211480362538623,0.022471910112359602,0.021276595744680767,0.08886971527178589,0.029175050301810886,0.023591718825228813,0.005370569280343629,-0.02777777777777779,0.004335829720141904
53,2007-03-31,0.01042442293373047,-0.0373951112732579,0.003544544325075005,-0.0248663722983965,0.0337430426716141,-0.05084745762711862,0.15625,0.15625,0.1477272727272727,0.16091954022988508,0.1364365971107544,-0.3508946322067594,4.730769230769232,-0.7701711491442542,-0.05236768802228409,0.05538045925258883,0.02475247524752477,0.04819277108433728,0.03761622992392222,0.03125,0.040412044374009685,0.02834799608993155,0.026810912511759044,0.050213675213675264,0.0,-0.012872841444270032
54,2007-06-30,0.00938890253554958,-0.0541974606784158,0.010122710556020877,0.01978074356530035,0.0039259674705551815,0.046359890109890056,-0.7207207207207207,-0.7207207207207207,-0.7128712871287128,-0.7227722772277227,-0.2570621468926554,0.07810107197549776,1.040268456375839,4.127659574468085,-0.2833627278071722,0.16680887372013653,-0.09480676328502413,-0.07758620689655171,0.004480651731160856,0.1262626262626263,0.09596344249809596,0.027566539923954414,-0.004580852038479133,-0.07019328585961349,0.0,-0.0725190839694656
55,2007-09-30,0.02263202011735133,0.034462031656982584,0.016798240870913084,0.0792241177845292,0.039553072625698286,0.29373153921890394,3.956989247311828,3.956989247311828,3.827586206896552,3.9642857142857135,1.591254752851711,0.028409090909090832,0.3157894736842106,-1.4958506224066392,0.19606234618539786,0.007495429616087623,-0.02401601067378245,-0.009345794392523256,0.04420113544201132,0.0,0.08200138985406524,0.026827012025901764,0.0207086976530142,-0.00875273522975928,0.0,-0.04149519890260645
56,2007-12-31,-0.006821787414066582,-0.1739298857253535,-0.010600205622717795,-0.07319185794716332,0.00591143594153043,-0.18518518518518526,-0.5422993492407809,-0.5422993492407809,-0.55,-0.5467625899280575,-0.5627292736610419,-0.18646408839779005,-0.94,-1.0711297071129706,-0.01165980795610422,0.013246234803121038,-0.08680792891319222,-0.07232704402515733,0.0066019417475728925,-0.026905829596412637,0.010276172125883054,0.02792792792792786,0.01352569882777277,-0.07615894039735105,0.0,-0.10867620751341668
57,2008-03-31,0.010356211064373566,0.03587338804220397,0.013329511251254143,0.026168224299065512,0.0032054706699433666,-0.04016189290161898,0.4170616113744077,0.4170616113744077,0.4444444444444444,0.4444444444444444,-0.03859060402684567,0.16129032258064524,-9.958333333333334,-7.117647058823528,0.07217210270645391,-0.08202005730659034,-0.04491017964071864,-0.04067796610169494,0.004243827160493875,-0.0875576036866359,-0.015257469802924306,0.02716914986853647,-0.0057829181494661866,-0.043010752688172005,0.0,0.009433015554440429
58,2008-06-30,0.02777265421201025,0.05952919873245821,0.036669024045261615,0.2008196721311475,-0.001597614229417399,0.0969834576710995,-0.1270903010033445,-0.1270903010033445,-0.13186813186813184,-0.13186813186813184,-0.7643979057591623,0.26315789473684204,0.1813953488372093,-5.5673076923076925,-0.3074433656957929,0.007803355442840498,0.14341692789968666,0.1413427561837457,-0.0015366884364196311,0.0,0.03873466752743693,0.025597269624573205,-0.0286353467561522,0.1298377028714106,0.02857142857142869,-0.11760612386917192
59,2008-09-30,0.06822202281758738,0.5131382183294169,0.06283043967663815,0.1617368221463784,0.08683592916577765,0.2155529272619752,0.6819923371647509,0.6819923371647509,0.6835443037974684,0.6835443037974684,5.5851851851851855,-0.3194444444444444,7.24015748031496,-6.04,2.2373831775700936,-0.12679055361982186,-0.04318026045236467,-0.04024767801857587,0.09619084263178146,-0.12121212121212123,-0.2461155997513983,0.02579034941763725,0.02579456471672059,-0.029834254143646374,-0.02777777777777779,0.302388463271744
60,2008-12-31,0.07077713243411887,0.03811944091486663,0.08816072402837061,0.09303084707034448,0.02316450726344721,-0.13986864509851615,-0.5079726651480638,-0.5079726651480638,-0.5037593984962406,-0.5112781954887218,-0.3104611923509561,0.3758503401360545,-0.6903965599617774,-0.8111946532999165,0.130484988452656,-0.2498337397472843,-0.025787965616045797,-0.038709677419354833,0.02527202527202532,-0.3160919540229885,-0.2374278647980215,0.02514193025141931,-0.04220925011225874,-0.01936218678815493,0.0,-0.05017301038062294
61,2009-03-31,-0.004169001456909127,-0.07860737114103089,-0.012652627853477205,-0.12796774675227718,0.02407904834996155,-0.2047511312217195,0.15740740740740744,0.15740740740740744,0.15151515151515138,0.1692307692307693,0.11908646003262645,-0.14585908529048208,-1.5679012345679009,-1.8252212389380533,-0.09525025536261487,-0.15395981087470456,-0.0742647058823529,-0.07718120805369122,0.02636083533036637,-0.17647058823529405,-0.15891891891891885,0.024525316455695997,0.030942334739803238,-0.02206736353077821,-0.05714285714285705,0.05655737704918029
62,2009-06-30,-0.057349929100362414,-0.12575645756457565,-0.07073513158287781,-0.3013698630136986,-0.016674473067915696,0.007823613086771042,-1.064,-1.064,-1.0657894736842106,-1.0657894736842106,-0.7128279883381925,-1.5976845151953691,2.9456521739130435,1.257372654155496,-0.2376517075924358,0.048201187565490855,-0.2772041302621129,-0.2509090909090909,0.0747164776517677,0.020408163265306145,0.0925449871465296,0.023938223938223983,0.13960891314233725,-0.2054631828978621,-0.06060606060606066,0.2513576415826222
63,2009-09-30,0.02127456364461211,-0.02616917102819516,0.02115143527596519,0.21544117647058814,0.022196818138515702,0.29287226534932964,-26.1875,-26.1875,-25.6,-25.4,5.238578680203045,-3.4818401937046004,-0.6597796143250689,-0.6555819477434679,-0.10736764161421697,0.08130623125624803,-0.07472527472527468,-0.04854368932038844,0.02203600248292981,0.010000000000000007,0.4188235294117648,0.023378582202111756,0.0011971268954509284,-0.007473841554559102,-0.03225806451612912,-0.19880140524901835
64,2009-12-31,-0.031048349387449718,-0.23196948682385574,-0.04183586740957601,-0.23633797136519466,0.0016775396085741967,-0.16730349344978168,-0.4739454094292804,-0.4739454094292804,-0.4715447154471545,-0.4672131147540983,-0.2408462164361269,0.030243902439024417,0.24493927125506065,1.5448275862068963,-0.30609705516383245,0.04992295839753469,-0.0332541567695962,0.015306122448979663,0.001822046765867169,0.01980198019801982,0.09535655058043124,0.02358142962417098,0.033479473893981426,0.034638554216867457,-0.033333333333333326,0.005760467715587581
65,2010-03-31,0.02202972686034177,-0.03679458239277656,0.030751034890597276,-0.13995246897280167,0.021213248976553745,-0.07899049491969845,0.1132075471698113,0.1132075471698113,0.10769230769230753,0.10769230769230753,-0.35798499464094324,-0.032196969696969724,-1.4211382113821138,-0.6544715447154472,-0.1524208009563658,-0.006457293806868214,-0.044226044226044266,-0.005025125628140725,0.021218551076083614,0.0,-0.0068130204390614004,0.022318214542836445,-0.0007713073659852965,-0.01601164483260553,0.0,0.11993503162933837
66,2010-06-30,0.0164789763203248,-0.09608624326224513,0.018677886147765662,0.10930303960700027,0.010295189504373248,-0.02455516014234871,0.4576271186440677,0.4449152542372881,0.4583333333333335,0.4583333333333335,-0.3939899833055092,0.15753424657534246,-0.3088803088803089,1.5137254901960784,-0.38787023977433005,-0.03840472673559836,0.4074550128534706,0.4242424242424241,0.010388839418224992,-0.0582524271844661,-0.023628048780487743,0.022535211267605604,-0.005789270551910475,0.4378698224852071,0.0,-0.18517670406839185
67,2010-09-30,0.058320752525839126,0.3069743323826808,0.06445556946182718,0.07583725435925825,0.04076111461808996,0.3819773805180591,0.4825581395348837,0.498533724340176,0.4857142857142858,0.4857142857142858,3.925619834710744,-0.05832628909551985,1.6089385474860336,-2.78003120124805,1.314516129032258,0.016897081413210557,0.07031963470319624,0.07092198581560294,0.04054054054054057,0.0,-0.2903981264637002,0.02134986225895319,-0.016692546583850776,0.07921810699588483,0.0,0.21489461358313824
68,2010-12-31,-0.000790062766097499,-0.1227930966078159,0.0004703115814226333,0.01672240802675584,-0.08300840481760674,-0.18954593453009505,-0.6745098039215687,-0.675146771037182,-0.6730769230769231,-0.6794871794871795,-0.5934004474272931,0.3420107719928187,-0.683083511777302,-1.5433829973707276,-0.30861124937779993,0.11419939577039286,-0.03156996587030714,-0.056291390728476776,-0.08300395256917015,0.07216494845360821,0.01980198019801982,0.02157788267026306,-0.08251085669167002,-0.03622497616777887,-0.0344827586206895,-0.1372503662579998
69,2011-03-31,0.013858994069844144,-0.019448213478064247,0.012222352802914616,-0.06553643724696356,0.008787678352074169,-0.09381107491856676,0.20481927710843384,0.2168674698795181,0.19607843137254896,0.22,-0.012379642365887178,-0.21471571906354514,1.4662162162162162,-0.8532258064516128,-0.06551475881929447,0.007592190889370799,-0.02026431718061683,-0.0491228070175439,0.008928571428571619,0.09615384615384603,0.046386192017259915,0.02112211221122107,-0.004733218588640287,-0.02571711177052416,-0.0357142857142857,0.049334167485923563
70,2011-06-30,0.01980026429236803,0.0002306273062731012,0.025136421688145786,0.05117790414297319,0.004683402023229588,0.07225017972681512,-0.12,-0.12376237623762375,-0.11475409836065564,-0.11475409836065564,-0.2980501392757661,-0.01362862010221466,-0.1753424657534246,2.879120879120879,-0.2719568567026194,0.03175457481162569,-0.12769784172661858,-0.15867158671586712,0.004577357339029532,0.02631578947368429,0.06288659793814455,0.020685197155785318,-0.015131863380890676,-0.15025380710659908,0.0,-0.04846265224427215
71,2011-09-30,0.012681890600106271,0.09545768964722168,0.008720765615267023,0.07187017001545604,0.026943874696997886,0.3345625209520617,1.4204545454545454,1.4067796610169492,1.425925925925926,1.4074074074074074,2.1785714285714284,0.1243523316062176,-0.5382059800664452,-2.2436260623229463,0.4645502645502646,-0.06233698487219619,-0.06907216494845357,-0.08771929824561409,0.02703523693803156,-0.06837606837606824,0.08632395732298725,0.020265991133628924,0.01448639157155407,-0.09438470728793302,0.0,0.022019334049409256
72,2011-12-31,0.007698439335458884,-0.05619869501157648,0.037248077246954565,0.04494111992309535,-0.08715388107126643,-0.24290379301683,-2.969483568075117,-2.969483568075117,-2.9618320610687023,-2.9769230769230766,-0.3245942571785269,-0.0023041474654378336,1.172661870503597,-0.806378132118451,0.06141618497109835,0.07371349095966617,-1.035437430786268,-1.0384615384615383,-0.08725229222123643,0.04587155963302725,0.16785714285714293,0.019863438857852245,-0.09433145824318467,0.0,0.0,-0.09677701874233646
73,2012-03-31,0.02799808488936062,0.05151650312221223,0.022298595513219555,-0.15478380864765404,-0.006464445549477893,-0.052422030524220335,-1.1108462455303934,-1.1120381406436233,-1.1089494163424125,-1.1089494163424125,-0.3743068391866913,0.1116243264049268,1.5860927152317883,-0.8352941176470589,0.00953029271613337,0.08937823834196879,3.25,2.75,-0.006480881399870353,0.19298245614035106,0.0,0.020085209981740796,-0.03344481605351168,0.0,0.0,0.2440608940172597
74,2012-06-30,8.099789405480173e-05,-0.05874867444326615,-0.008841358498557272,0.1491156462585035,-0.004504504504504458,0.07037815126050417,-0.20430107526881724,-0.21276595744680848,-0.1785714285714286,-0.2142857142857143,-0.28655834564254057,-0.28531855955678675,-0.6914212548015365,-23.0,-0.20768712070128115,0.04589774078478004,0.7573529411764708,0.7000000000000002,-0.004566210045662157,0.051470588235293935,0.0,0.01909307875894961,-0.0044488383588729965,0.0,0.0,-0.1809041309431022
75,2012-09-30,0.02342674333846273,0.012618296529968376,0.028897257164222975,0.012076722708974641,0.007843137254901933,0.33137062479555124,1.5675675675675675,1.5675675675675675,1.5217391304347825,1.6363636363636362,1.0662525879917184,0.003875968992248069,-1.008298755186722,-0.8701298701298701,-0.03404255319148941,0.02364711232378358,1.01255230125523,0.9215686274509802,0.007863695937090577,0.034965034965035,0.0,0.019320843091334968,-0.01539225422045676,0.0,-0.03703703703703709,0.0005709391949759722
76,2012-12-31,-0.12169354040953605,-0.4054294615042279,-0.13814406229720966,-0.12400561534861955,-0.05896438192158038,-0.5383292383292384,-3.842105263157895,-3.847368421052632,-3.844827586206897,-3.844827586206897,0.17835671342685375,0.7094594594594594,184.0,23.125,-0.8502202643171806,0.005553087516659172,-0.6133056133056134,-0.6122448979591837,-0.05884265279583877,-0.0067567567567568,0.0,0.01952900631820786,0.07160867372667679,0.0,-0.07692307692307697,-0.3212553495007133
77,2013-03-31,0.017141956120196422,-0.0007485029940119682,0.019365719965063418,0.1428952991452992,0.013040712468193494,0.40074507716870666,-1.501851851851852,-1.478743068391867,-1.5030303030303032,-1.4969696969696968,-0.5697278911564626,-0.42744212309429697,-2.224324324324324,-0.9430051813471504,-0.32352941176470584,0.06207201237022297,-0.9032258064516128,-0.9736842105263158,0.013126079447322914,0.12925170068027206,0.0,0.019154929577464674,-0.004235294117647004,0.0,0.04166666666666674,-0.12568306010928965
78,2013-06-30,-0.0028346805447901913,0.13183520599250942,0.0021568279855817,0.14232297265716287,-0.020931449502878063,0.1572948328267476,-1.2583025830258303,-1.3629343629343629,-1.3493975903614457,-1.3536585365853655,0.4920948616600791,0.0009861932938854958,-0.35320088300220753,-1.6,0.28695652173913033,0.029950083194675736,9.777777777777779,31.0,-0.02113876576883733,0.01807228915662651,0.0,0.018242122719734688,-0.017958412098298626,0.0,0.0,-0.009294871794871871
79,2013-09-30,0.03711106669331743,0.1922567835870284,0.03941743565553235,0.10249590834697207,0.035702832709780814,0.3000656598818121,-7.614285714285713,-5.659574468085108,-5.620689655172415,-5.620689655172415,0.31390728476821184,0.043349753694581265,0.8054607508532423,13.0,3.121621621621622,-0.044830371567043725,-1.3350515463917525,-1.84375,0.03587600139324265,-0.023668639053254448,0.0,0.018458197611292082,-0.0014436958614053585,-0.9287598944591028,0.0,0.08152701391135553
80,2013-12-31,-0.0011135380530215009,-0.08076602830974189,-0.00853755389153621,-0.09426609760623494,0.025699246568273267,-0.25681818181818183,-0.4578833693304536,-0.36986301369863017,-0.3059701492537313,-0.32835820895522394,-0.042338709677419366,-0.3201133144475921,-2.3119092627599245,-2.004329004329004,-0.7606557377049179,0.0033826638477802984,13.03076923076923,6.37037037037037,0.025554808338937415,-0.03030303030303016,15.493119266055048,0.01865671641791033,0.026987951807229127,11.944444444444445,0.08000000000000007,0.014807059527370603
81,2014-03-31,0.015907044548300053,0.06280193236714983,0.01233013874982114,-0.06637984019668097,0.00412557858724094,-0.005776418620455304,-0.2111553784860558,-0.3623188405797102,-0.4193548387096774,-0.4,-0.4757894736842106,0.35416666666666674,-1.69164265129683,-1.0064655172413792,0.02054794520547953,0.06763590391908969,-0.10416666666666674,-0.0904522613065326,0.004262295081967071,0.03749999999999987,-0.9152180966949428,0.018838304552590168,-0.011731581417175008,-0.11587982832618028,0.03703703703703698,0.13839351510685338
82,2014-06-30,0.031147125854646737,0.2928977272727273,0.03037924602950315,0.26684222075927155,0.04028459765507564,0.030758714969241208,1.7070707070707072,2.0454545454545454,2.0370370370370368,2.018518518518518,-0.7891566265060241,-0.02358974358974364,0.8500000000000001,12.666666666666664,0.2751677852348993,0.10400631537398852,0.7454100367197065,0.6850828729281766,0.04015670910871694,0.10240963855421703,0.2285401858939311,0.017976373908577425,0.008547008547008517,0.796116504854369,-0.0357142857142857,0.02058518902123252
83,2014-09-30,0.012504092992796423,-0.011645792133597066,0.007021200735031874,0.013164732374848498,0.034197090839032766,0.4442970822281167,-0.10447761194029848,-0.10447761194029848,-0.10365853658536583,-0.10429447852760733,12.561904761904762,0.059873949579831935,-1.5213963963963963,-2.1707317073170733,-0.25263157894736843,0.015909903468001474,0.003506311360448766,0.0,0.03421217827997492,-0.02732240437158473,-0.4263462394303516,0.01816347124117046,0.021657250470809686,-0.0009009009009008916,0.03703703703703698,-0.02448306482303686
84,2014-12-31,0.014370894391106726,-0.10649177412183196,0.013100198817986186,-0.06325867669687124,0.02086438152011927,-0.2848943985307621,-0.17083333333333328,-0.17083333333333328,-0.11564625850340128,-0.136986301369863,-0.1425561797752809,-0.037661050545094166,-0.4384449244060475,-0.7916666666666666,-0.07042253521126762,0.0964279429878585,0.05660377358490565,0.07868852459016384,0.020940819423368676,0.0617977528089888,0.06671838634600458,0.020812685827552132,0.006451612903225934,0.06853020739404858,-0.0357142857142857,-0.04616384915474636
85,2015-03-31,0.007810943290957661,-0.059467529236128414,0.007500403247486354,-0.1657236722029567,0.010583941605839307,-0.1935794542536116,-0.24874371859296485,-0.24874371859296485,-0.2923076923076923,-0.2777777777777778,-0.2104832104832105,0.3326467559217301,-2.203846153846154,0.7,-0.12878787878787878,0.04814636494944624,0.05026455026455024,0.0455927051671734,0.010701545778834642,0.02645502645502651,-0.02836363636363637,0.01990291262135924,0.0027472527472525154,0.11223628691983124,-0.03703703703703709,0.1274710293115202
86,2015-06-30,0.01306892324726161,0.03333333333333344,0.010993409291031764,0.057974185079851186,0.022481040086673957,0.15764331210191074,0.2675585284280937,0.2675585284280937,0.26086956521739113,0.2637362637362637,-0.1659751037344398,-0.2735703245749613,-0.4888178913738019,-2.4117647058823533,0.20869565217391292,-0.0834481702648906,-0.1114609571788413,-0.1017441860465116,0.02235294117647046,-0.09278350515463918,-0.14820359281437112,0.019990480723464987,0.009132420091324313,-0.08421851289833082,0.0,-0.023337363966142832
87,2015-09-30,0.000605007904135535,-0.029185867895545337,-0.0065982211195861895,0.08333333333333326,0.024282560706401668,0.2940165061898212,0.1108179419525066,0.1108179419525066,0.11206896551724156,0.11304347826086958,0.3246268656716418,-0.33723404255319145,-3.79375,-1.2083333333333333,-0.03597122302158273,-0.008519879719345091,-0.05598866052445073,-0.04530744336569581,0.024165707710011697,-0.028409090909090936,0.0913884007029877,0.019598693420438632,0.023981900452488603,0.008285004142501995,-0.07692307692307697,-0.10387520118856007
88,2015-12-31,-0.01872440023405497,-0.3001054852320675,-0.01920879938361808,-0.05955334987593053,-0.020000000000000014,-0.3778899813978209,-0.9572446555819476,-1.187648456057007,-1.1860465116279069,-1.1875,0.5737089201877934,0.6613162118780096,0.3736017897091724,-6.4,0.20149253731343286,0.04296545914069072,-0.3250750750750752,-0.2542372881355932,-0.01994382022471908,0.017543859649122858,0.0837359098228665,0.02196796338672757,-0.0013256738842244429,-0.2728019720624487,-0.04166666666666663,-0.25573362807405364
89,2016-03-31,0.0029616378453587444,-0.08553127354935941,-0.00249214432766276,-0.14085650497259994,0.006245601688951386,0.042289619820589534,14.055555555555555,-4.417721518987341,-4.458333333333334,-4.416666666666666,-0.4910501193317423,-0.1942028985507246,-0.9299674267100976,-1.8888888888888888,-0.1490683229813664,0.05266558966074309,-0.028921023359288037,-0.027272727272727226,-0.02006305531670971,0.07471264367816087,0.5616641901931647,0.021495745633676618,-0.023008849557522137,-0.02259887005649719,0.0,0.06441433079636183
90,2016-06-30,0.014625735745853019,0.09559126493613523,0.016972626547903547,0.21639499173163235,0.2018533088556691,0.13811475409836071,0.01845018450184499,0.029629629629629676,0.024096385542168752,0.024390243902439046,-0.324736225087925,0.015587529976019088,-6.697674418604652,0.08333333333333326,-0.1897810218978102,0.11586863106200118,-0.14776632302405512,-0.09345794392523354,0.2342790289558352,0.1390374331550801,0.14938154138915327,0.02104340201665944,0.21603260869565236,-0.09132947976878604,-0.0434782608695653,-0.09940704569236147
91,2016-09-30,0.007031662011445894,-0.02030838661150813,0.002750407220486473,0.037483006409011484,0.018693628164096587,0.3564998199495859,0.5181159420289856,0.5071942446043165,0.5176470588235296,0.5119047619047621,0.859375,-0.060212514757969286,-2.232653061224489,0.03846153846153855,-0.2432432432432432,0.03177004538577921,-0.04973118279569888,-0.005154639175257714,0.018720379146919486,-0.16431924882629098,0.15024834437086088,0.020609703735508852,0.011545623836126671,-0.0025445292620865922,0.0,-0.05577072037180475
92,2016-12-31,-0.004616249975754938,-0.18502879078694826,-0.011317639539838107,0.10670160988393862,-0.1434487682970368,-0.23413857180780465,0.0954653937947494,-0.17899761336515518,-0.18604651162790695,-0.1811023622047244,-0.2941176470588235,0.17964824120603007,-1.6456953642384105,-1.4444444444444444,0.1428571428571428,-0.05851772860570514,0.4568599717114568,0.4455958549222798,-0.1435217492440103,-0.07865168539325851,-0.05505577545879803,0.0227177114009256,-0.1391752577319587,0.40943877551020413,0.04545454545454541,-0.2635356849876949
93,2017-03-31,0.00820358931389942,-0.03626943005181349,0.009804185633097262,-0.2530446549391069,0.0045848616205401704,-0.14627383015597914,-0.21132897603485834,0.05232558139534893,0.05714285714285716,0.05769230769230771,0.1626984126984128,-0.0021299254526091493,-0.4256410256410257,3.5,0.5625,0.07532210109018833,0.05145631067961154,0.057347670250895925,0.004617055947854443,0.25609756097560976,-0.2715156130997716,0.022213081036610568,-0.0038494439692045024,0.0678733031674208,0.0,0.29016986911723763
94,2017-06-30,0.019578662543486614,0.2443792766373412,0.012002880691365904,0.04211956521739135,0.007883163222969003,0.2038164839626473,-0.2320441988950276,-0.2320441988950276,-0.2342342342342343,-0.2272727272727274,-0.36973833902161546,-0.2347918890074706,-0.008928571428571397,-1.9629629629629628,-0.3466666666666667,0.05345622119815663,0.032317636195752675,-0.006779661016949157,0.007839956745066212,0.04854368932038833,-0.015682174594877196,0.02173038229376245,-0.011592958351223759,-0.01610169491525426,0.0,0.19404273688754592
95,2017-09-30,0.015904308759691288,0.08326787117046353,0.027094699665269676,0.17535853976531945,0.02222954058949456,0.2384485666104552,0.6906474820143884,0.6906474820143884,0.6941176470588235,0.6823529411764706,1.2689530685920576,0.1701534170153418,-4.594594594594595,-1.3653846153846154,0.19387755102040827,-0.012873390826146693,0.06976744186046524,0.02389078498293506,0.022263948497853958,-0.01851851851851849,-0.015400955921402002,0.021662071681764598,0.006516072980017329,0.04478897502153334,0.0,-0.07827187274041936
96,2017-12-31,-0.01888341543513961,0.3520667150108774,-0.007031229952013107,0.3067110371602884,0.11662371134020623,-0.12309368191721135,-1.9404255319148935,-2.1595744680851063,-2.1597222222222223,-2.1678321678321684,-0.28639618138424816,0.31823599523241963,-3.9649122807017534,50.26315789473684,8.324786324786325,-0.07533552798176757,-0.6254180602006689,-0.5766666666666667,0.116504854368932,-0.09433962264150952,-0.10895361380798274,0.023130300693908982,0.1381096245144584,-0.6215993404781534,0.0,0.03471268876250222
97,2018-03-31,-0.01211487257512367,-0.1976401179941003,-0.016565447732265204,-0.34252971137521226,0.0018032313906519715,-0.2037267080745342,-1.493212669683258,-1.4,-1.401197604790419,-1.401197604790419,-0.0423634336677815,-0.008137432188065064,-1.6297548605240912,-2.009240246406571,-0.9028414298808431,-0.14295495002053948,-0.28125,-0.22047244094488186,0.0018801410105759864,-0.234375,1.2154963680387412,0.022607385079125963,0.014031095942358851,-0.2614379084967321,0.04347826086956519,0.22043214556482196
98,2018-06-30,0.016883891958493047,0.08856951871657759,0.020865086456088644,0.0591779642780288,0.005975952192382561,0.09789391575663033,0.2660550458715596,0.2660550458715596,0.26865671641791034,0.25373134328358193,-0.5832363213038416,-0.1877848678213309,-1.6590604026845637,-0.9572736520854528,0.009433962264151052,0.0001597699312989587,-0.03726708074534157,0.0,0.0058644147314097506,0.0,0.3363387978142076,0.022476050110537882,-0.01084517576664179,0.0058997050147491245,-0.04166666666666663,0.02764404410622756
99,2018-09-30,0.014066641423703173,0.03868590727663501,0.010965815485996622,-0.041243396993092214,0.022688233610077324,0.5165186500888099,0.8586956521739131,0.8586956521739131,0.8470588235294119,0.8690476190476193,1.9441340782122905,0.1503928170594837,-1.1160896130346232,-0.33333333333333337,-0.26168224299065423,0.06613418530351423,0.06451612903225823,0.08080808080808066,0.02285447761194015,0.061224489795918435,0.07442240850541815,0.021621621621621626,0.008695652173912993,0.05278592375366586,0.04347826086956519,0.08342149010125444
100,2018-12-31,0.0588465918637866,-0.007094295004433927,0.12193817792941886,0.14325068870523405,-0.11456365036041714,-0.29515108924806743,-3.5789473684210527,-3.7875243664717346,-3.7961783439490437,-3.7961783439490437,-0.1404174573055028,0.1960975609756097,-7.894736842105262,-3.6071428571428568,0.9240506329113924,-0.1272100689241833,-1.975757575757576,-1.5514018691588785,-0.2717738258093935,-0.14743589743589747,-0.21389153187440524,0.021516754850088082,-0.31221889055472263,0.0,0.0,-0.1315385688380526
101,2019-03-31,0.036639337036057366,0.19053289669544515,0.045639198420443394,-0.003707136237256714,0.005295605437875439,-0.06148222000664672,-1.2101284958427816,-1.1944055944055945,-1.193621867881549,-1.193621867881549,-0.7682119205298014,-0.19575856443719408,1.5674300254452924,2.191780821917808,1.5328947368421053,0.02746781115879826,-0.08385093167701863,-0.22033898305084745,0.006574827802128924,0.40601503759398505,0.0,0.02106353591160226,-0.02888283378746592,0.0,-0.04166666666666663,0.19498875682621275
102,2019-06-30,0.012382426479342843,-0.015753938484621144,0.011590050787863015,0.05395348837209313,0.015252771444296044,-0.004249291784702569,0.4100719424460431,0.4100719424460431,0.411764705882353,0.411764705882353,0.8476190476190477,0.16632860040567946,-0.3637264618434093,-1.5150214592274678,-0.3116883116883117,0.049791144527986615,-0.2677966101694914,-0.4782608695652174,0.018351477449455755,0.04278074866310155,0.0,0.02096719648292189,0.005611672278339031,0.0,0.0,-0.06612903225806466
