,Quarter end,Assets,Current Assets,Liabilities,Current Liabilities,Shareholders equity,Revenue,Earnings,Earnings available for common stockholders,EPS basic,EPS diluted,Cash from operating activities,Cash from investing activities,Cash from financing activities,Cash change during period,Cash at end of period,Price,ROE,ROA,Book value of equity per share,P/B ratio,P/E ratio,Cumulative dividends per share,Equity to assets ratio,Net margin,Asset turnover,Current ratio
0,1994-03-31,0.03835359753697154,0.1303183044927767,0.0545315633654857,0.05976186330578725,0.025474478637373957,0.026160789413294472,-0.07563393875581292,-0.08343012001548589,2.4,2.4,0.023710166919575167,-0.6213955566726712,20.33333333333333,-1.5137467542385823,0.2273198314897835,0.0891525423728814,-0.14979195561719827,0.201195219123506,0.029437229437229376,0.025179856115107983,0.3831508805330792,inf,-0.007008322382829557,-0.07206477732793526,0.0,0.0665744764915055
1,1994-06-30,0.03835359753697154,0.1303183044927767,0.0545315633654857,0.05976186330578725,0.025474478637373957,0.026160789413294472,-0.07563393875581292,-0.08343012001548589,2.4,2.4,0.023710166919575167,-0.6213955566726712,20.33333333333333,-1.5137467542385823,0.2273198314897835,0.0891525423728814,-0.14979195561719827,0.201195219123506,0.029437229437229376,0.025179856115107983,0.3831508805330792,inf,-0.007008322382829557,-0.07206477732793526,0.0,0.0665744764915055
2,1994-09-30,0.058793074630759674,0.18931161010551456,-0.10293425104147802,0.046584518167456464,0.19119075333071375,-0.05826313827804696,-0.3570953962980541,-0.28532206969376983,-0.2941176470588236,-0.2941176470588236,-0.538972268544253,0.17722125917456566,1.4783395922746785,-0.010554481938456985,0.18326159381051604,0.054466230936819134,-0.14979195561719827,0.201195219123506,0.3246425567703952,0.025179856115107983,0.3831508805330792,inf,0.3643581826202029,-0.07206477732793526,0.0,0.13636784589738826
3,1994-12-31,-0.004859022882070518,0.044994242862625766,-0.032739717729723165,0.0651966526186134,0.012329696456690352,0.05064353222410434,0.24996308873468176,0.25088652482269497,0.0,0.0,0.9351597561792484,-0.9414750297637696,-1.2094325838136213,-0.03435496794871795,0.14955750153187464,-0.225206611570248,-0.14979195561719827,0.201195219123506,0.02539682539682531,-0.4140350877192983,0.3831508805330792,inf,0.01729712253475579,-0.07206477732793526,0.0,-0.018947883134346588
4,1995-03-31,0.004165683281681432,-0.12124122992889765,0.008269753299029679,0.19980727808638465,0.0017481299313453216,-0.017282946086851658,-0.09969288920387433,-0.09969288920387433,0.08333333333333348,0.0,-0.2730702665282104,14.690042826552462,1.5375968992248064,-2.449486567783425,-0.18857829146678007,-0.02361904761904765,-0.14979195561719827,0.201195219123506,0.002476780185758587,-0.0479041916167664,0.3831508805330792,inf,-0.002383600826314836,-0.07206477732793526,0.0,-0.267610898820402
5,1995-06-30,0.004107303628374971,-0.12061814791396508,-0.0142748697422449,-0.009921103604667691,0.01500604538024519,0.02036216439994476,-0.07058514825505112,-0.07058514825505112,-0.07692307692307697,0.0,0.031379458121041814,0.26391210890852634,-0.6302123109821292,-0.18970267272532115,-0.1883169798769333,0.2243464689816621,-0.14979195561719827,0.201195219123506,0.01420630018529967,0.220125786163522,0.3831508805330792,inf,0.01083147499203574,-0.07206477732793526,0.0,-0.11177905064367943
6,1995-09-30,0.0327623939801307,0.022722287218484905,0.02620828709748557,-0.184902419239395,0.03653620565245963,0.07883150254707205,1.2981366459627328,1.2981366459627328,1.2500000000000004,0.0,-0.14196675900277012,-0.01131087355577154,-2.547294506402313,-0.6996511679251115,-0.0733508856402324,0.07552581261950286,0.29526916802610104,0.201195219123506,0.03349573690621166,0.061855670103092786,0.18513420509291126,inf,0.003624330286794874,0.2757417102966841,0.0,0.2546928872430085
7,1995-12-31,0.01737127287364149,-0.01244034532682714,-0.010090053213262395,0.01636810677906575,0.0330257746492566,0.052400651874138233,0.04871007371007363,0.04871007371007363,0.0,0.0,0.2547215496368038,-0.21225938566552904,-1.6991457554725042,0.9683916495148486,-0.14802162449006662,0.15555555555555545,0.1926952141057936,0.201195219123506,0.032410135533294186,0.116504854368932,-0.11527293844367015,inf,0.01538703093107241,0.17783857729138175,0.02941176470588225,-0.02834461350567408
8,1996-03-31,0.0038578077085547062,-0.02377634190633049,-0.04279432946706085,-0.10236383743433786,0.029342172879384343,0.11899940440738545,-0.13957711005681486,-0.13957711005681486,-0.11111111111111116,0.0,0.5884471889875209,0.10048178572666466,-0.0834924271350388,-0.8573455821943387,-0.024784594622651257,0.25948717948717936,0.11510031678986254,0.13101160862354888,0.02910958904109595,0.21739130434782614,0.02034788316376757,inf,0.025359517550641586,0.07259001161440183,0.05714285714285716,0.08756677490311104
9,1996-06-30,0.5059809366738619,0.24164462462610925,0.6370692230986057,0.323939323939324,0.43939053136492223,0.15024956828235525,0.4690946221919674,0.4690946221919674,0.4166666666666667,0.0,0.26632650306417216,0.2795905511811023,-0.3487015692264963,-1.8319371727748692,0.021143252521489183,0.18851791530944628,0.1079545454545454,0.10557184750733127,0.23349972268441466,0.15714285714285725,0.043100675458346734,inf,-0.044186397225154606,0.1451001624255548,-0.027027027027027084,-0.06216892998170088
10,1996-09-30,0.006851002768423653,-0.006774076341501067,-0.04198350742166024,0.012010003489589359,0.03506489546595648,0.38395253421629016,0.26092396089152503,0.26092396089152503,0.11764705882352945,0.0,0.3683537287340639,-0.6577891549954464,6.99637526652452,7.0415355569540585,0.16650378536153146,0.07057211373758121,0.027350427350427253,0.033156498673740036,0.034172661870503614,-0.13271604938271608,-0.1396854764107308,inf,0.028084569264752224,-0.028368794326241176,0.05555555555555558,-0.018536585365853675
11,1996-12-31,0.052024600718187486,0.05936798428479784,0.07760904195492803,-0.0050094345947913075,0.03834361099382355,0.13271614111213492,0.17290166103189766,0.17290166103189766,0.21052631578947367,0.0,-0.21446154804935813,3.5867798316910022,-1.12073700770605,-1.690483643762717,-0.09855788027390222,0.30592,0.05990016638935125,0.05776636713735561,0.03826086956521735,0.2633451957295372,0.18924731182795693,inf,-0.013044812768569614,-0.009732360097323587,0.05263157894736836,0.0646646437166476
12,1997-03-31,0.018518800079062148,0.08188780457807265,-0.025767409562718724,-0.015007701193684997,0.04309587671153525,0.06001967858314194,0.13660431744838175,0.13660431744838175,0.10869565217391307,0.0,0.18959122553005806,-0.5083581621452093,-5.810070671378093,-1.7759265555933357,0.08483481622840716,0.20681205586865947,0.10282574568288848,0.10315533980582514,0.04271356783919589,0.16056338028169015,0.04520795660036159,inf,0.024102005908878787,0.05307125307125316,0.049999999999999815,0.09837837837837826
13,1997-06-30,0.055247876517040106,0.008364304140614731,0.04636269819752848,0.16748272593113822,0.05985326515625423,0.209269801980198,0.4396449541031509,0.4396449541031509,0.4509803921568627,0.0,0.41843676014538667,1.6102640979841798,-0.12456382001836552,-3.3121530820917324,-0.18081193457004474,-0.006294416243654899,0.20854092526690396,0.22112211221122124,0.05823293172690769,-0.04611650485436891,-0.16493656286043826,inf,0.0044032796841786395,0.06952869808679417,0.1428571428571428,-0.13627415891195405
14,1997-09-30,0.05172018673079637,0.3174921842140637,0.016586672573065675,0.027139245592593172,0.06969888465104046,0.1428067015321004,0.2982805499176655,0.2982805499176655,-0.3513513513513513,0.0,0.021569203643843737,-0.6939526131212044,-0.376829076414748,-4.157622086044602,0.6969532175974342,0.3498161013485903,0.2102473498233215,0.2207207207207207,0.0671726755218216,0.2748091603053433,0.09150552486187837,inf,0.01708238851095989,0.12085514834205945,0.10416666666666674,0.2826582409613592
15,1997-12-31,0.1917235739332661,0.471478785166072,0.40653422813274,0.06682966585167073,0.0762619613817177,0.051189969774991566,0.14437201345053394,0.14437201345053394,0.16666666666666674,0.0,0.20396962374870564,4.644214645053101,-15.915754923413568,1.811031971509744,1.1545313360230738,0.14108386315470778,0.16885644768856456,0.14833948339483372,0.07681365576102417,0.06986027944111782,-0.10692818728250553,1.1999999999999995,-0.09690844233055873,0.1171662125340598,0.018867924528301886,0.3793159148729959
16,1998-03-31,0.07652370203160275,0.13151420263923064,0.07306736811340064,0.3437738731856379,0.07829478963499592,0.04959596518953635,0.1238127150645032,0.1238127150645032,0.10714285714285697,4.083333333333333,0.4230148035589705,-0.4319668942100237,-1.0694017344791202,-0.5992911082483399,0.21472158657513352,-0.24051472539135044,0.13655287260616156,0.1124678663239076,0.0779392338177014,-0.2947761194029852,-0.3910733262486717,0.4545454545454546,0.001645819618169897,0.1027874564459932,0.0185185185185186,-0.15795175079049062
17,1998-06-30,0.04267141958481857,0.040719509784542314,0.015116437423396524,0.0386583285957931,0.06012058570198109,-0.050324675324675334,-0.07568807339449546,-0.07568807339449546,-0.08064516129032262,-0.06557377049180335,-0.1699126930826058,-0.12328767123287675,0.6585365853658536,-0.4174067495559503,0.10298273155416003,-0.1757205240174673,0.026739926739926645,0.011554015020219577,0.07046568627450966,-0.2354497354497353,-0.3205351948807447,0.3125,0.016759776536312776,0.05434439178515005,-0.054545454545454564,0.00198185042244714
18,1998-09-30,0.0006535947712418277,-0.029629629629629676,0.0068419640461496725,-0.024630541871921152,-0.00398115047123826,-0.2316239316239316,-0.2679900744416873,-0.2679900744416873,-0.26315789473684204,-0.26315789473684204,-0.06634304207119747,0.4375,2.5245098039215685,-2.7591463414634143,-0.1642470822658696,-0.3892773892773892,-0.07456296824830533,-0.09194745859508856,0.019748139668002374,-0.4290657439446367,-0.44434931506849307,0.2380952380952381,-0.004686489980607611,0.019178903206472864,-0.09615384615384626,-0.005135679089458001
19,1998-12-31,0.0012560920464250724,-0.06772362497553341,-0.0246502331778814,-0.10549943883277213,0.015580389917611459,-0.14905450500556172,-0.5406779661016949,-0.5406779661016949,-0.5238095238095237,-0.5238095238095237,-0.4731369150779896,-0.8962450592885376,-0.8080667593880391,-1.6325823223570193,0.12431880108991833,-0.15197779319916715,-0.19468003084040095,-0.189308176100629,0.01992702778557387,-0.16969696969696954,-0.12788906009244996,0.15384615384615374,0.014288033771716169,-0.08203469567774191,-0.12765957446808507,0.04223927450296494
20,1999-03-31,-0.00476716178241665,-0.16418223808524035,-0.037841530054644856,-0.22396486825595985,0.013734939759036058,-0.16535947712418295,-0.2619926199261993,-0.2619926199261993,-0.2500000000000001,-0.2500000000000001,0.12171052631578938,6.571428571428571,0.7318840579710144,-1.964383561643836,-0.10663435322629512,-0.04091653027823239,-0.2800382958353279,-0.27152831652443754,0.013483764446890369,-0.05839416058394165,0.15017667844522964,0.16666666666666674,0.018728989915159252,-0.13901345291479816,-0.14634146341463414,0.07703892105351229
21,1999-06-30,0.0,-0.1464456166792263,0.016754224052250466,0.055780113177041235,-0.008953331748672855,-0.3782302270947533,-1.49,-1.49,-1.4666666666666668,-1.4666666666666668,-0.7096774193548387,-0.2603773584905661,-0.8661087866108786,0.19886363636363646,-0.14309935571380128,0.4291808873720136,-0.4860372340425533,-0.483493077742279,-0.010589193592180357,0.4108527131782945,0.9201228878648232,0.14285714285714302,-0.008956631049654162,-0.3363095238095237,-0.22857142857142845,-0.19156076189292487
22,1999-09-30,-0.005848837795593198,-0.12301353737492635,0.005027230833682506,-0.050535987748851485,-0.011832427246562194,-0.04282115869017633,0.12244897959183665,0.12244897959183665,0.1428571428571428,0.1428571428571428,-0.505050505050505,0.08333333333333326,0.40625,0.3838862559241707,-0.2311040759794223,0.2498507462686565,-0.7270375161707632,-0.7257731958762887,-0.011800219538968149,0.2637362637362637,1.3927999999999998,0.125,-0.006025051530046065,-0.6619955156950672,-0.18518518518518526,-0.07633177031286031
23,1999-12-31,0.006086118577876887,-0.08389261744966447,0.01806308183965544,0.08064516129032251,-0.0016181229773463144,0.06052631578947376,-1.1,-1.1,-1.0,-1.0,0.7551020408163265,-0.11302982731554155,1.3555555555555556,-0.14554794520547942,-0.25681935151827073,-0.04752806305230461,-0.990521327014218,-0.9849624060150376,-0.0016662038322686756,-0.039130434782608685,2.333333333333333,0.0888888888888888,-0.0076567235603764985,-0.9867330016583749,-0.18181818181818188,-0.15225532623169102
24,2000-03-31,-0.02702021475021421,-0.26739926739926745,-0.08134297802647739,-0.2388059701492537,0.004862236628849326,0.19106699751861034,1.8181818181818183,1.8181818181818183,-inf,-inf,0.09883720930232552,0.2424778761061948,-0.009433962264150941,0.23847695390781554,-0.4279778393351801,0.4325476429287862,-68.0,-42.99999999999999,0.0005563282336578101,0.4389140271493213,0.0,0.10204081632653073,0.032792155601993216,0.0,-0.05555555555555547,-0.03754969812987774
25,2000-06-30,0.03357338997979386,0.19500000000000006,0.07101470806715192,-0.039215686274509776,0.013709677419354804,0.2083333333333333,3.6129032258064515,3.6129032258064515,4.0,4.0,0.4656084656084656,-0.2407407407407407,-5.628571428571429,-1.372168284789644,0.2784503631961259,0.1596359180815683,-1.4477611940298507,-1.4523809523809523,0.011676396997498006,0.1572327044025157,0.0,0.09259259259259256,-0.019299610894941588,24.375,0.11764705882352945,0.2437780497756017
26,2000-09-30,0.027871071231640787,0.11297071129707105,0.03273685670689419,0.19387755102040827,0.025457438345266592,0.2844827586206897,0.7692307692307692,0.7692307692307692,0.7999999999999998,0.7999999999999998,0.2779783393501805,-0.2382739212007504,-0.9423868312757202,-1.1043478260869566,-0.02272727272727271,0.11713207547169825,4.816666666666666,4.7894736842105265,0.022808463863698725,0.1059782608695652,8.279037111334004,0.0847457627118644,-0.0023805745119821475,3.8866995073891633,0.1578947368421053,-0.06777923568968358
27,2000-12-31,0.028041940990002345,0.08270676691729317,0.02484889187374084,0.0,0.030256012412723125,0.1597315436241611,0.6719367588932805,0.6719367588932805,0.6666666666666667,0.6666666666666667,0.576271186440678,0.7586206896551724,5.7857142857142865,-2.416666666666667,0.03294573643410858,-0.14700716119443324,0.9054441260744984,0.9136363636363636,0.030628694250403043,-0.16707616707616713,-0.8862634036665513,0.0625,0.00222717149220486,0.6048387096774195,0.18181818181818188,0.08269188475918199
28,2001-03-31,0.039326375711574935,0.3402777777777777,0.07588466579292262,-0.15384615384615385,0.031626506024096335,0.12847222222222232,0.10874704491725762,0.10874704491725762,0.13333333333333353,0.13333333333333353,0.4767025089605734,-0.5798319327731092,1.6736842105263157,29.35294117647059,0.9681050656660412,0.18295580548075407,0.4766917293233082,0.4655581947743468,0.028675703858185738,0.14749262536873164,-0.4085725147310397,0.07352941176470584,-0.0074603174603175,0.2782663316582914,0.15384615384615374,0.5839934998984357
29,2001-06-30,0.02807065589483781,0.15544041450777213,0.005481788281154865,0.010101010101010166,0.04160583941605833,0.10256410256410264,0.3049040511727079,0.3049040511727079,0.2941176470588234,0.2941176470588234,0.016990291262136026,0.3533333333333333,-1.2125984251968505,-0.686046511627907,0.1544327931363203,-0.1521156936261383,0.3217922606924644,0.3241491085899513,0.04865686771414102,-0.1748071979434448,-0.4470512614494617,0.06849315068493156,0.01311370542139767,0.17985257985258007,0.13333333333333353,0.14388304693511178
30,2001-09-30,0.017670040845320534,0.047085201793722,0.055488248122122615,0.30000000000000004,-0.0042046250875963365,0.05581395348837215,0.12745098039215685,0.12745098039215685,0.13636363636363644,0.13636363636363644,0.4474940334128879,0.7463054187192117,6.148148148148147,-1.8271604938271608,-0.11065235342691992,-0.4237207833228047,0.21879815100154087,0.21419828641370864,0.020299661672305458,-0.4517133956386292,-0.5791920953211276,0.0641025641025641,-0.0214680347277032,0.1282798833819241,0.08823529411764698,-0.19455156950672647
31,2001-12-31,0.013785882558241092,-0.012847965738758016,0.014462809917355381,0.14615384615384608,0.013370865587614356,-0.2052863436123348,-0.5666666666666667,-0.5666666666666667,-0.5800000000000001,-0.5800000000000001,0.10469909315746072,-0.2482369534555712,-0.7759067357512953,-3.3656716417910446,0.2943361188486537,0.10002740476842976,-0.0752212389380531,-0.0786290322580645,0.013263855992420748,0.07954545454545459,-0.1229281767955802,0.04819277108433751,-0.00032263268269072665,-0.06533776301218164,-0.027027027027027084,-0.13871335912924865
32,2002-03-31,0.008004131164472074,0.04121475054229928,0.0029418420457116845,-0.020134228187919437,0.011111111111111072,-0.2128603104212861,-0.4581939799331104,-0.4581939799331104,-0.4285714285714286,-0.4285714285714286,-0.6664179104477612,-0.9305816135084428,-0.9421965317919077,-0.3690851735015773,0.14060258249641322,0.2847533632286996,-0.16062884483937126,-0.16192560175054693,0.005610098176718203,0.2684210526315791,0.3629921259842519,0.057471264367816126,0.003065999677263287,-0.08925750394944698,-0.08333333333333326,0.06260504201680672
33,2002-06-30,0.008196721311475308,0.018750000000000044,-0.01782490974729245,-0.12328767123287675,0.024038461538461453,0.10563380281690148,1.4382716049382718,1.4382716049382718,1.4166666666666663,1.4166666666666663,-0.14093959731543626,13.405405405405405,-3.9,-1.3,-0.03773584905660377,0.2061275935621485,-0.1327361563517916,-0.13315926892950392,-0.0683403068340308,0.19917012448132776,0.4147891392258809,0.054347826086956534,0.015765765765765716,-0.05073720728534248,-0.09090909090909094,0.16199774918636134
34,2002-09-30,0.30610602981029805,-0.21063394683026584,0.2721111876866529,0.5625,0.3259557344064385,0.21656050955414008,-0.24050632911392397,-0.24050632911392397,-0.31034482758620685,-0.31034482758620685,0.8567708333333333,2.00750469043152,-19.896551724137925,10.983333333333333,-0.4673202614379085,-0.1934083601286174,-0.3173708920187793,-0.3117469879518072,0.3248502994011977,-0.13494809688581322,-0.08534095549203757,0.051546391752577365,0.015045929680076231,-0.21242576518958434,-0.09999999999999988,-0.4948040729785619
35,2002-12-31,-0.007456638028853991,0.002590673575129543,-0.01173814898419867,-0.010000000000000007,-0.0050581689428427215,0.08952879581151829,-1.89,-1.89,-1.95,-1.95,-0.2187938288920056,-0.5745477230193388,-0.937956204379562,-0.8894297635605007,-0.09754601226993864,0.11162049033286836,-0.5295735900962861,-0.5229759299781181,-0.006403013182674222,-0.15999999999999992,0.5183035714285715,0.03921568627450989,0.002496489311905048,-0.5098607888631089,-0.03703703703703709,0.012694300518134805
36,2003-03-31,0.01362077413032825,0.06718346253229979,0.0170854271356784,0.07070707070707072,0.011692933401118431,-0.06295050456511297,-1.8576779026217232,-1.8576779026217232,-1.7894736842105263,-1.7894736842105263,0.2746858168761221,-0.2463343108504399,0.3529411764705883,-1.742138364779874,0.08021753908905516,-0.013986013986013957,0.0350877192982455,0.03669724770642202,0.009476876421531388,-0.00952380952380949,0.9247280211702441,0.04716981132075482,-0.001867704280155591,0.035502958579881616,0.0,-0.00327449475569197
37,2003-06-30,0.0020623872131992904,0.1452784503631961,-0.02299676607977008,-0.004716981132075526,0.016080402010050232,0.00512820512820511,0.3668122270742358,0.3668122270742358,0.3999999999999999,0.3999999999999999,-0.2281690140845071,-2.1284046692607004,0.9782608695652172,7.7542372881355925,0.6500943989930774,0.00781960356428435,-0.1836158192090396,-0.17699115044247793,0.013518588058580637,0.0,-0.05927283837457986,0.045045045045044814,0.013878060190238628,-0.16799999999999993,0.0,0.15071094912992145
38,2003-09-30,0.02048494983277593,0.12473572938689224,0.032824567855829434,0.047393364928910005,0.013847675568743778,0.015306122448979663,-0.11182108626198084,-0.11182108626198084,-0.09523809523809523,-0.09523809523809523,0.4653284671532847,-1.6551724137931034,-3.3736263736263736,-0.38141335914811225,0.24675819984744465,-0.06153013352580305,-0.04498269896193774,-0.043010752688172005,0.01352352723230843,-0.07211538461538469,0.1412796362455344,0.0431034482758621,-0.006459550907413236,-0.04807692307692313,0.0,0.07382789846991122
39,2003-12-31,0.0030567547978446186,0.02067669172932329,-0.018961987002581667,-0.15384615384615385,0.015121951219512209,0.005025125628140614,-0.0539568345323741,-0.0539568345323741,-0.10526315789473684,-0.10526315789473684,0.07596513075965139,0.21842105263157885,-1.6157407407407407,-0.5758998435054773,0.08289996940960531,0.028456066141126838,0.927536231884058,0.9382022471910114,0.007859623469201216,0.015544041450777256,0.057057484348321134,0.03305785123966953,0.012074303405573028,0.9783549783549784,-0.03846153846153855,0.20625623130608184
40,2004-03-31,0.008922400251335283,-0.1086556169429097,0.0039927404718693715,0.016042780748663166,0.011532916866890952,-0.06999999999999995,-0.20152091254752846,-0.20152091254752846,-0.17647058823529405,-0.17647058823529405,-0.1875,1.7062634989200864,-0.8646616541353384,-3.092250922509225,-0.1601694915254237,0.06823705365488864,-0.03195488721804507,-0.026086956521739316,0.01124410591222347,0.05612244897959173,-0.4658769686364249,0.040000000000000036,0.0026001835423676845,-0.006564551422319598,0.0,-0.12270551365499195
41,2004-06-30,0.002304290963442757,-0.051652892561983466,-0.005061460592913902,-0.005263157894736858,0.0061757719714965464,-0.026881720430107503,-0.16666666666666666,-0.16666666666666666,-0.14285714285714302,-0.14285714285714302,0.0,0.0,0.0,-0.7513227513227514,-0.04742684157416754,-0.05302765138256915,-0.13980582524271845,-0.13690476190476186,0.0060975609756097615,-0.0628019323671497,-0.0395665322580645,0.03846153846153855,0.0038138825324178782,-0.11233480176211452,-0.040000000000000036,-0.04663578550679137
42,2004-09-30,0.010997887411457795,0.02178649237472774,0.010356104651162878,0.03174603174603185,0.011331444759206777,0.04972375690607733,0.4742857142857142,0.4742857142857142,0.4166666666666667,0.4166666666666667,0.0,0.0,0.0,-0.8226950354609929,-0.008827683615819204,0.11070042506006296,-0.03160270880361171,-0.027586206896551783,0.010873440285204872,0.10309278350515473,0.27184466019417464,0.03703703703703698,0.00030395136778138543,-0.00992555831265507,0.0,-0.009676356748744121
43,2004-12-31,0.02083461372994888,0.05266524520255866,0.02508541629203376,0.10666666666666667,0.01862745098039209,0.11052631578947357,0.4922480620155039,0.4922480620155039,0.4705882352941175,0.4705882352941175,-0.16239316239316234,-0.509976057462091,5.111111111111111,4.48,-0.04880655504096898,0.03826955074875205,0.1212121212121211,0.12056737588652487,0.017633574325515818,0.02803738317757021,0.0728285537445843,0.02857142857142869,-0.002127013065937322,0.1186299081035922,0.0,-0.04877136085817646
44,2005-03-31,0.017760385310054083,-0.08061575855782865,0.0013156740636786068,0.050973123262279874,0.026353178422475757,0.028436018957346043,0.08571428571428563,0.08571428571428563,0.1200000000000001,0.1200000000000001,0.7159863945578231,1.416938110749186,-2.1090909090909093,1.6496350364963503,-0.13595505617977532,0.1496794871794871,0.18295218295218296,0.1867088607594936,0.02287298561774387,0.13181818181818186,0.014423076923076872,0.03472222222222232,0.00837393422655297,0.15533980582524287,0.0,-0.12522947810123253
45,2005-06-30,0.006566104702750764,0.1634721304252038,-0.04081990189208129,0.051587301587301626,0.030722514959364174,0.1456221198156682,0.6746411483253589,0.6746411483253589,0.6428571428571428,0.6428571428571428,0.0,0.0,0.0,-2.8236914600550964,0.2869527524924145,-0.041817674937273515,0.39543057996485054,0.4053333333333333,0.029137726579705262,-0.06425702811244982,-0.2054976303317536,0.033557046979865834,0.024007247470934745,0.31351001939237233,0.08333333333333348,0.10643081996702143
46,2005-09-30,0.031323460272684615,-0.059079719750047326,-0.01059360730593606,-0.07463312368972741,0.051208734078502786,0.11303298471440072,0.09285714285714276,0.09285714285714276,0.08695652173913038,0.08695652173913038,-0.2477700693756194,0.19272237196765496,2.0819672131147544,-1.9773413897280967,-0.21791849107443584,0.20846668606342744,0.2481108312342568,0.26375711574952576,0.04246913580246914,0.1716738197424892,-0.145549988069673,0.032467532467532534,0.01931583603656728,0.1707677165354331,0.0769230769230771,0.016799891613602513
47,2005-12-31,0.03079947575360409,0.16401690480982078,0.0011999261583901524,0.0484821024014499,0.044015825914935684,0.10083122515359587,0.3843137254901961,0.3843137254901961,0.3999999999999999,0.3799999999999999,0.453227931488801,-0.6395480225988701,-1.2260638297872342,-1.5610510046367851,0.15633074935400515,0.08053448898519333,0.24924318869828466,0.2702702702702702,0.04231801673772306,0.03663003663003672,-0.15889416364144093,0.025157232704402288,0.012874294806885622,0.1811685582177387,0.0714285714285714,0.11019320453031313
48,2006-03-31,0.055501810442522,0.018845089903181126,0.0384438093482069,0.1905790838375108,0.06280593715458704,0.26428102429415623,0.41454202077431535,0.41454202077431535,0.4000000000000001,0.4057971014492754,0.9773345421577516,2.6739811912225706,-0.7764705882352941,-1.4793388429752066,-0.06480446927374306,0.10539215686274496,0.3045234248788369,0.3250591016548465,0.060899863657021484,0.06360424028268552,-0.14674634794156716,0.03067484662576692,0.0068551842330761845,0.1779359430604981,0.13333333333333353,-0.14426308209313488
49,2006-06-30,0.027103464529813825,0.2316307483454947,-0.05522017045454541,-0.16515426497277674,0.06154589013111456,0.2433134250843936,0.2997329773030708,0.2997329773030708,0.2959183673469388,0.30927835051546393,-0.3498395231545163,-0.8400170648464164,22.578947368421048,-4.373563218390805,0.2337714058144165,-0.006752670832493425,0.24148606811145526,0.26404995539696685,0.06382978723404252,-0.06644518272425237,-0.26809338521400783,0.02976190476190488,0.033617021276595827,0.1015105740181268,0.1470588235294117,0.4753155680224401
50,2006-09-30,0.05351588394268525,0.1769082391843484,0.04322495771471524,0.10000000000000007,0.05734779566130155,0.023182957393483642,0.1032357473035439,0.1032357473035439,0.11023622047244096,0.10236220472440928,0.0,2.2319999999999998,0.2767857142857142,1.03236797274276,0.38508715300193663,-0.13992897006595628,0.19501246882793025,0.21242060691601994,0.06845637583892605,-0.18861209964412814,-0.34290271132376393,0.02890173410404628,0.0035679978043090532,0.1001097092704335,0.10256410256410242,0.06990525081598388
51,2006-12-31,0.048958156869388425,0.1557012409271834,0.007386056566384358,0.5213438735177867,0.06423111287600514,-0.061645233721167585,-0.020484171322160183,-0.020484171322160183,-0.007092198581560294,0.0,1.0437235543018335,-0.10148514851485146,-0.2290209790209791,0.14585079631181894,0.3185737590305291,0.11904200094384132,0.09015025041736212,0.10593713620488933,0.07110552763819111,0.04385964912280715,-0.11407766990291268,0.022471910112359602,0.014631478189525591,0.05809025180752925,0.046511627906976834,-0.24035186446702014
52,2007-03-31,0.04051310446659273,0.1005875202593194,0.04220314735336195,0.10522213561964144,0.03992537313432831,0.11833804655209912,0.104087452471483,0.104087452471483,0.1071428571428572,0.10000000000000007,-0.034851621808143496,-0.04132231404958675,1.7369614512471654,-0.6005852231163131,0.09650053022269356,0.07105956773853461,0.049004594180704464,0.06157894736842096,0.0524278676988037,0.0,-0.07945205479452044,0.0274725274725276,-0.0005390835579514032,0.03369462770970788,0.022222222222222143,-0.00417186525265123
53,2007-06-30,0.024412416851441243,-0.0031293143120110227,-0.021705559368565552,-0.03667136812411853,0.04048558784834344,0.06710756662127992,0.09513560051657333,0.09513560051657333,0.10967741935483866,0.1168831168831168,-0.09653199856989636,0.75,0.18724109362054686,-2.3443223443223444,-0.11831076724693745,0.14578206516389414,0.019343065693430583,0.02776400594942996,0.052267914855678166,0.08823529411764698,0.028769841269841168,0.026737967914438387,0.015641855447680708,0.03305219968087525,0.0,0.03480678125367054
54,2007-09-30,0.03123309019285303,0.07238482134613601,0.012803648162764249,0.05392874572962425,0.0372722570262658,0.006015311702515458,0.04834905660377365,0.04834905660377365,0.06395348837209314,0.05813953488372104,0.3252869014641868,-0.3694581280788177,0.0034891835310537638,-2.034059945504087,0.13875685557586848,0.015292096219931215,0.011099176512710418,0.020260492040520942,0.05549671679728863,-0.03474903474903468,-0.05978784956605587,0.02604166666666674,0.005841741901221553,0.025154457193292238,0.0,0.017517972001513282
55,2007-12-31,0.04290151960372768,-0.027722772277227747,0.0535977140877999,0.16577911553600375,0.03947915223715204,-0.04113063960862473,-0.1053618297712786,-0.1053618297712786,-0.09289617486338808,-0.09340659340659352,0.1188414452075246,-0.04600694444444442,0.7906815020862308,-0.9130434782608696,0.010595601220099615,-0.04603147740734481,-0.009560906515580614,-0.005200945626477549,0.04625727473409591,-0.09600000000000007,-0.10769230769230777,0.020304568527918617,-0.0032998944033791893,-0.004089539388721475,-0.021739130434782598,-0.16599115011341226
56,2008-03-31,0.045524070198035727,0.06650137253165678,-0.04331032215647601,-0.11956305858987093,0.07433368869936041,0.09656084656084653,0.13998323554065384,0.13998323554065384,0.14457831325301207,0.1515151515151516,-0.5964771817453963,0.048225659690627865,-1.0046601941747573,4.363636363636363,0.05623510722795877,-0.01392584708178102,-0.00786557025384338,0.0033269961977187013,0.07125731274575631,-0.05752212389380529,-0.050574712643678084,0.024875621890547484,0.027546020394649817,0.008861033066781987,0.0,0.2113335413972981
57,2008-06-30,0.0019056785370548113,-0.11524410494852212,-0.17842109784382787,-0.4597338145725242,0.0539829814681585,0.09788040668619667,0.09080882352941178,0.09080882352941178,0.09473684210526324,0.08947368421052637,0.7255291005291005,1.5616319444444446,-83.0,-4.765536723163842,-0.20048127537975635,0.2867680129531349,-0.010090090090090207,0.010895310279488424,0.06159355416293644,0.2018779342723005,0.22154963680387407,0.024271844660194164,0.05206856553679606,0.0010711225364181676,0.022222222222222143,0.637638485038095
58,2008-09-30,0.048473553766642974,0.062124624624624536,0.13038477624424938,0.513152400835073,0.03003412969283281,-0.0020404959974885672,-0.04853387259858444,-0.04853387259858444,-0.03846153846153855,-0.03864734299516903,0.33806055960137993,-0.060996272450016924,0.5335365853658536,-0.3698424606151538,-0.15801354401805867,-0.06592100664103462,-0.03312704768838737,-0.01921274601686973,0.04081632653061229,-0.12109375,-0.11000991080277499,0.02369668246445511,-0.017640573318632998,-0.02118553391825384,0.0,-0.2980693592250466
59,2008-12-31,0.06833174521732754,0.2377628556282028,0.06669133290167427,0.18073951434878574,0.0687370032677499,-0.06071091538219564,0.06199078993978047,0.06199078993978047,0.07499999999999996,0.08040201005025116,0.1346319106273275,-0.8758570913027788,-0.9184890656063618,-5.071428571428571,0.7640750670241288,-0.3995659332435264,0.0,0.014333492594362118,0.0687894992707827,-0.42222222222222217,-0.413140311804009,0.0185185185185186,0.00037411148522270565,0.026672496720594685,-0.021739130434782598,0.04828535749735829
60,2009-03-31,0.043704224627364896,0.10800199871511174,0.0189039195282692,0.024304744099088667,0.04832260685496803,-0.13914936369725384,-0.2638425617078052,-0.2638425617078052,-0.27441860465116275,-0.27441860465116275,-0.1883362787174956,4.200581395348837,-0.6260162601626016,-0.5973684210526315,0.17439209726443772,-0.321824753832731,-0.09036144578313254,-0.08243052284503061,0.04844211962701861,-0.3692307692307693,-0.3643263757115749,0.02272727272727271,0.004363001745200545,-0.0178875638841568,-0.06666666666666676,0.08170683282934732
61,2009-06-30,0.04340252099459319,-0.009534853755959305,0.03863829787234052,0.03810175678758832,0.04458585734973175,-0.0048628671464695525,-0.09243316719528773,-0.09243316719528773,-0.09615384615384626,-0.09615384615384626,-0.20964230171073092,0.5986584684181107,2.0,-1.3289760348583877,-0.04885150436751862,0.2409483550817864,-0.12955298013245042,-0.13193018480492813,0.039913232104121336,0.19512195121951212,0.2955223880597013,0.022222222222222143,0.0012411567580985494,-0.03707718993928877,-0.09523809523809523,-0.045885807872592776
62,2009-09-30,0.01672704362891797,0.008716014049694245,-0.04646017699115046,-0.11428571428571432,0.031768036707995766,-0.16849100860046906,-0.25262106839740395,-0.25262106839740395,-0.2553191489361701,-0.2553191489361701,0.3825265643447462,-0.2552447552447552,-0.7608695652173914,-3.9845474613686536,0.1532879818594104,0.11670616113744092,-0.171659533999049,-0.16676522767593138,0.031289111389236623,0.0714285714285714,0.2211981566820276,0.021739130434782702,0.014751456551382212,-0.0430083314568791,-0.13157894736842102,0.1388617597442956
63,2009-12-31,0.04523484942372047,0.06577250451379935,0.06565265962017698,0.2032258064516128,0.04068733204647823,0.1631405735778091,0.394121576486306,0.394121576486306,0.3904761904761904,0.3904761904761904,-0.11101622544833477,-0.17464788732394365,2.787878787878788,-0.08136094674556216,0.1220998820290995,0.20729442970822265,-0.1400688863375431,-0.13697657913413766,0.04058791801510253,0.17142857142857126,0.3924528301886794,0.017021276595744702,-0.004397752259956089,-0.057647058823529385,-0.09090909090909094,-0.11423819547309065
64,2010-03-31,0.0052614417832581575,0.029041626331074436,-0.12676397064752842,-0.3058362548979171,0.03489598487052658,-0.09175424413904608,-0.09056061332055587,-0.09056061332055587,-0.08904109589041087,-0.08904109589041087,-0.4530899775856549,-0.5591581342434584,-0.616,-0.2914653784219001,0.07709830033292442,-0.0725035702515654,-0.07476635514018681,-0.06496710526315796,0.034922897499028105,-0.11382113821138208,0.043360433604336064,0.02092050209205021,0.029570552147239363,-0.006491885143570686,-0.033333333333333326,0.4824409564324483
65,2010-06-30,0.020390110133132744,-0.007761053621824998,0.05946994182288301,0.2370766488413547,0.013442041081688894,-0.09590565198041834,-0.33456269757639623,-0.3424657534246576,-0.3308270676691729,-0.3308270676691729,0.22892271662763464,0.6258064516129032,14.833333333333336,-0.9125,0.006263217829835632,0.014449840104228341,-0.12698412698412698,-0.11785400175901495,0.010329931759844868,-0.01834862385321101,0.05974025974025965,0.2868852459016393,-0.0069121677988319705,-0.04749937170143248,-0.10344827586206884,-0.19792594351758386
66,2010-09-30,0.02732264123681549,-0.09581654420478793,0.07827072256602463,0.14769452449567733,0.016991469588736985,0.05414718188530632,0.03325415676959631,0.03125,0.022471910112359602,0.022471910112359602,-0.4330633635064316,2.1785714285714284,-0.3342105263157895,-44.103896103896105,-0.26828873979468115,0.0063047285464097325,-0.055371900826446274,-0.05184446660019937,0.0169785599206842,0.0,0.1164215686274508,0.22292993630573246,-0.009960398415936766,-0.032981530343007985,0.0,-0.2121742992499014
67,2010-12-31,-0.008241796880493979,-0.05845730388623105,-0.12173631881012048,-0.2697216991002301,0.01600859247135844,-0.03618958673826755,0.01839080459770126,0.03263403263403264,0.0219780219780219,0.0219780219780219,1.6756302521008402,-0.7210986267166042,0.20948616600790504,-1.438385055739681,0.1607379584622184,0.1255366051746143,-0.13385826771653542,-0.12513144058885395,0.01291737752863753,0.10280373831775692,0.16026344676180027,0.18229166666666674,0.02436363636363636,-0.07339699863574345,-0.07692307692307697,0.2892981302264399
68,2011-03-31,0.3706445437141035,1.7042528015591287,2.380763920846756,7.402292263610315,0.004564141287020762,-0.12427325581395356,-0.5139202407825433,-0.5214446952595937,-0.5161290322580645,-0.5161290322580645,-0.6067839195979899,0.16830796777081458,-39.99673202614379,15.36701030927835,2.266489007328448,0.1267910524688176,-0.2292929292929292,-0.2896634615384616,0.004331087584215521,0.1186440677966103,0.27341532639545885,0.1541850220264318,-0.2670689859188262,-0.1763839811542992,-0.125,-0.6781567312830977
69,2011-06-30,0.8118177773639177,-0.5968547307731906,0.8874823042578679,-0.5925862774519165,0.7658643326039387,0.5607192254495159,0.5773993808049536,0.5864779874213837,0.3111111111111111,0.3111111111111111,-0.5958466453674122,20.081992337164756,-1.0743735858543535,-2.208574787939868,-0.8385827918766936,0.009148293843198152,-0.21363040629095686,-0.296108291032149,0.09882606612362244,0.0,0.2882615156017829,0.13358778625954204,-0.02534711010655466,-0.13764747944225966,-0.19047619047619035,-0.010491357838327442
70,2011-09-30,0.007926265175828284,-0.033135414671518815,0.00014423562331433715,0.050640328115844964,0.013186147923228921,0.6228287841191067,1.0068694798822375,1.00396432111001,0.5084745762711866,0.4915254237288136,3.470355731225297,-0.916000290782204,-0.6146478873239436,-0.9742538480247386,-0.13375451263537907,-0.15121022572749532,0.0016666666666667054,-0.06490384615384615,0.012645808350594034,-0.2272727272727273,-0.062283737024221415,0.11784511784511766,0.005300646016233257,-0.08126036484245447,0.0,-0.07971014492753625
71,2011-12-31,0.012521104576718622,0.08604067617538291,0.007585699658210877,0.054333970681963,0.015703335791842132,0.09370904325032757,0.12176039119804405,0.12166172106824935,0.1123595505617978,0.125,0.46021220159151205,0.05062743401125047,0.9970760233918128,-0.3360323886639676,-0.10252135861637847,-0.010146320623731551,0.03494176372712143,-0.015424164524421524,0.01383356658413182,-0.019607843137254943,0.0,0.10542168674698793,0.00313066403031792,-0.057761732851985485,0.0588235294117645,0.030087028595109814
72,2012-03-31,0.004297417073279908,-0.21140633550191526,-0.018077203830134447,-0.06377512467885749,0.01852141222321291,0.02496504893149587,0.15693112467306025,0.15828924162257496,0.16161616161616155,0.16161616161616155,0.6569785043899485,2.126029654036244,-0.9224011713030746,3.5081300813008127,-0.5149756210819596,0.14566249460509284,0.1784565916398715,0.1801566579634464,0.017255110167241794,0.1299999999999999,0.12177121771217705,0.10217983651226148,0.01412614980289084,0.0823754789272031,0.11111111111111116,-0.15770840038622458
73,2012-06-30,0.011711611321595816,0.1260601387818041,-0.01714185761763165,-0.07086359967715905,0.029573676990831018,0.04442712392829296,0.285983421250942,0.28587742672249705,0.2782608695652176,0.2782608695652176,-0.1534807235519825,-0.7015810276679841,19.72641509433962,-1.0802524797114517,0.0852082336045954,-0.08372574872857408,0.2742155525238743,0.28539823008849563,0.026670146137787176,-0.09734513274336276,-0.2609649122807016,0.09270704573547596,0.01765468091998712,0.13451327433628313,0.09999999999999988,0.21197936568589992
74,2012-09-30,0.004190944036303268,-0.03416638137624106,-0.030017203535623205,-0.2052640722724114,0.024420388306964025,0.048134328358208966,0.006445941986522152,0.006216696269982336,0.006802721088435382,0.006802721088435382,0.2454133390891431,1.3465783664459163,-0.485207100591716,-4.758426966292134,-0.2951036612262903,0.10422448350292934,0.1092077087794432,0.12392426850258165,0.023333841695897476,0.06862745098039214,-0.11275964391691395,0.08484162895927594,0.02005411427661952,0.07800312012480481,0.04545454545454541,0.2152597146685584
75,2012-12-31,0.018152602512846668,0.22210406919041548,0.02642040242187016,0.08175756913323863,0.013630413019483091,-0.039960840156639366,-0.3609898107714702,-0.3542218299499853,-0.3581081081081081,-0.3648648648648649,0.0389948006932408,-0.6609595484477893,-0.18567639257294435,-5.8923766816143495,2.048185231539424,0.06357628223028944,-0.027027027027026973,-0.016845329249617236,0.011574764033780438,0.04587155963302725,-0.061872909698996614,0.07924921793534923,-0.004368856295834056,-0.024240231548480432,0.04347826086956519,0.12971851083149555
76,2013-03-31,0.0014650988672415546,0.03538488311386967,-0.02819817672644942,-0.1458017581085177,0.0182080632090762,0.06600537684249552,0.4446469248291571,0.4296127562642369,0.4315789473684213,0.446808510638298,-0.42902418682235205,-0.1570477247502775,0.2562432138979369,-0.7717690192483959,0.15335660028741538,0.07299142307019069,0.02281746031746024,0.034267912772585785,0.01728625448116694,0.05263157894736836,0.08377896613190727,0.09661835748792268,0.016768531578122525,0.014831294030404063,0.0,0.21213686990469616
77,2013-06-30,0.011515395993007882,-0.0007843576670961694,-0.005380217354649775,0.018807665010645902,0.0205602672834746,0.08539873032437595,0.13812677388836336,0.15009560229445507,0.13970588235294112,0.13970588235294112,0.2915571136430033,1.500329163923634,0.15384615384615374,-1.9638554216867468,-0.12815948736205052,-0.060766721044045575,-0.0009699321047527133,0.0075301204819278045,0.01786145305334297,-0.07499999999999983,-0.09786184210526316,0.08810572687224671,0.008939580764488086,-0.019729630982827984,0.04166666666666674,-0.019229858381092257
78,2013-09-30,0.017882020141865018,-0.14936921783010934,0.007936752558254323,0.09195402298850586,0.022989252727435128,0.0145020431055205,0.04959822665558322,0.04959822665558322,0.04516129032258065,0.04516129032258065,0.4661841212395386,0.7948920484465509,-0.02097378277153561,1.2833333333333332,-0.3356472029399755,0.00390794615718626,0.012621359223301098,0.01644245142002987,0.022954707137775587,-0.009009009009009028,-0.011850501367365651,0.08097165991902844,0.00488848151542931,0.00037271710771547006,0.0,-0.22098807166658616
79,2013-12-31,0.017238767375894026,0.011930657174873184,0.020442487347675176,0.11355661881977674,0.01576260015405251,-0.008371505291423166,-0.045934530095037014,-0.045934530095037014,-0.043209876543209964,-0.04938271604938271,-0.15473619253316873,-0.24996332697667603,0.5087987758224943,-0.02798053527980537,-0.4910878918254457,0.0012110726643599354,0.09012464046021074,0.09705882352941164,0.015624275580694569,-0.027272727272727337,-0.02398523985239853,0.1123595505617978,-0.0013681970203709426,0.07153502235469444,0.040000000000000036,-0.09125286715020764
80,2014-03-31,0.002480370155446776,-0.04090672225117253,-0.012526221156727637,-0.09013654158311846,0.010162919415866556,-0.05463523415100346,-0.19064748201438853,-0.19064748201438853,-0.19354838709677424,-0.18831168831168832,-0.23964227048731526,-0.4703696460003911,-0.041582150101419864,-0.7302878598247808,-0.26026570048309183,-0.09020217729393464,-0.03166226912928749,-0.029490616621983826,0.009769013055783704,-0.10280373831775713,-0.1805293005671078,0.10101010101010123,0.007611508601004678,-0.022600834492350508,0.0,0.05409645951292719
81,2014-06-30,-0.06403294879413146,0.2060581363759848,0.013352755523185156,0.14387658725994326,-0.10362493808816242,0.01347935973041281,-5.0092307692307685,-5.0092307692307685,-5.056,-5.056,0.2117138742198752,0.04542097488921715,0.0544973544973546,-1.5220417633410674,0.18367346938775508,-0.008357075023741611,-1.1017257039055404,-1.100828729281768,-0.1061030741410488,-0.02083333333333337,0.01038062283737018,0.09174311926605494,-0.0423024626076447,0.0,0.0,0.054361894900336605
82,2014-09-30,0.08216756425412662,0.7064984795585088,0.18643687110685206,0.038073394495412805,0.021912178612746747,0.04837905236907725,-1.3661635541911827,-1.3661635541911827,-1.3609467455621302,-1.3609467455621302,0.19235340729001596,1.1942776404097493,-6.259407927747115,44.72,7.094482758620689,-0.07441103236927793,-0.3482142857142857,-0.36986301369863017,0.02215141860112291,0.042553191489361764,0.0,0.08403361344537807,-0.05568701687963396,0.0,-0.03846153846153855,0.6438742941320894
83,2014-12-31,-0.187765836388924,-0.03154699049630416,-0.010916892787278363,-0.02377375165709239,-0.3059545131965801,-0.275848398350777,-9.038658593386119,-9.038658593386119,-9.131147540983608,-9.131147540983608,-0.11812593454062136,0.3240502253702511,-1.2072123640526615,-1.494702051132497,-0.4335860952543239,-0.2977754785307811,47.0,45.08695652173913,-0.30572460541289403,-0.3163265306122448,0.0,0.07751937984496116,-0.1455061810892082,0.0,0.0,-0.007953102830259184
84,2015-03-31,0.017827010130822663,0.04054790786424967,-0.000752839096593072,0.026253847546623188,0.03524041387705412,0.2743895762619073,-1.094066863665334,-1.094066863665334,-1.092741935483871,-1.092741935483871,-0.13526752072343629,-0.5327659574468084,-1.68232044198895,-1.438200039300452,0.335439229843562,-0.2329453366730514,0.10074200913242004,0.036792452830188616,0.03477765108323827,0.10447761194029836,0.0,0.014388489208633002,0.01720430107526894,0.0,0.040000000000000036,0.013926003989612079
85,2015-06-30,-0.0004955280126267558,-0.13530683083371542,-0.032549705660762866,-0.18110444601270287,0.0289376212593333,-0.09012801787095116,-0.19833692639359413,-0.19833692639359413,-0.19565217391304332,-0.19565217391304332,-0.06797385620915031,0.0975800156128026,-2.657219973009447,-2.0739910313901344,-0.2697679657580536,-0.05032654629273925,-0.3225304640912626,-0.35259326660600543,0.02286501377410488,-0.08108108108108103,0.0,0.014184397163120588,0.029406111858543138,0.0,0.0,0.055941200489995735
86,2015-09-30,0.006285920639486743,-0.08634401272438086,-0.020749188247406347,-0.1348701928255952,0.02976938724201772,-0.044192634560906496,0.12178255858624665,0.12178255858624665,0.11711711711711704,0.11711711711711704,-0.12318840579710146,0.7337600758653391,-0.7903094462540716,0.7022964509394571,-0.6291840197439458,-0.2793284789644012,0.14313050133945682,0.11033028812368227,0.03063560463237258,-0.2941176470588236,0.0,0.013986013986013957,0.02333831217326376,0.0,-0.03846153846153855,0.05607115235885552
87,2015-12-31,-0.17053914651355162,-0.052847550360606836,-0.04032888529451406,-0.034366828539409755,-0.2772358535583891,-0.1816834617664493,-9.465068493150683,-9.465068493150683,-9.548387096774192,-9.548387096774192,0.13329778725673158,-0.3149186380418433,-0.16699029126213594,-0.7086092715231789,-0.4954242928452579,-0.09654785293292177,-0.3485102109139605,-0.3569620253164557,-0.27660547461945506,-0.125,0.0,0.013793103448275891,-0.12862616310892172,0.0,0.040000000000000036,-0.019140507972437715
88,2016-03-31,-0.0019799076043117703,0.01649818388691959,-0.030366021517458375,0.9437782076079948,0.028835081146647342,-0.01726427622841964,-1.070919977344445,-1.070919977344445,-1.069811320754717,-1.069811320754717,-0.4384850623382733,-2.451097804391217,-0.9324009324009324,-9.103535353535351,7.936521022258862,-0.27461944703324004,0.15724563206577602,0.14370078740157474,-0.19669466269303715,0.0,0.0,0.00090702947845811,0.030778894472361706,0.0,-0.03846153846153855,-0.4770583044865269
89,2016-06-30,0.011388684790595072,0.09983640433959008,-0.14854568630859266,-0.5947989916412366,0.17598161386123845,0.11744471744471753,2.3690815744438107,2.3690815744438107,1.7567567567567568,1.7567567567567568,1.3581901968998742,-2.035075653370014,34.793103448275865,-1.305079464007479,-0.2709409594095941,-0.08522483940042835,-0.16563055062166965,-0.153184165232358,0.1759415401911184,0.1428571428571428,0.0,0.000906207521522484,0.16290879544992887,0.0,0.0,1.7143227983645923
90,2016-09-30,-0.01181983290955324,-0.03483775002935763,-0.0436875861247682,-0.0337262606417813,0.011776799197959377,-0.3973175021987687,-0.8555706061632238,-0.8555706061632238,-0.8627450980392157,-0.8627450980392157,-0.6546455853615207,-0.5506976744186047,0.7437379576107901,0.1062308478038816,-0.4111097051752499,-0.18586142322097374,0.18680149015433734,0.20630081300813008,0.006022944550669207,-0.3124999999999999,0.0,0.0009053870529651675,0.023755458515283708,0.0,-0.07999999999999996,-0.0011476389719068392
91,2016-12-31,0.05676981098784761,0.32996714928823456,0.08862718588226914,0.4476448661470689,0.034856447627529034,-0.07953301714702665,-0.5427901524032825,-0.5427901524032825,-0.2142857142857143,-0.2142857142857143,-0.5704732510288066,-0.39337474120082816,-5.512154696132597,-3.1369652200677125,1.491834980661796,0.105232892466935,-1.5183856502242152,-1.5417017691659645,0.035256105673286964,0.1212121212121211,0.0,0.0009045680687471693,-0.020644941136324868,0.14051938811810727,-0.13043478260869568,-0.08128874739689296
92,2017-03-31,-0.027980103655779298,-0.17250632756990825,-0.06095269221341615,-0.36083801498127344,-0.003563377208930296,-0.0663892191835117,-1.6589743589743589,-1.6589743589743589,-1.4090909090909092,-1.4090909090909092,0.25269461077844313,2.146757679180888,-1.4245132851720337,-2.278986029094052,-0.7657152711908253,0.05046826222684708,-0.2621107266435986,-0.2301710730948677,-0.005415825224894477,0.0,-0.6484018264840182,0.0009037505648441524,0.02508710801393743,-0.11665626949469746,-0.15000000000000002,0.29467705375055364
93,2017-06-30,-0.01777803224952224,-0.06699587264150941,-0.0370486383015749,-0.07892327412561806,-0.004451904831411446,-0.028868605391636607,0.7704280155642023,0.7704280155642023,0.6666666666666667,0.6666666666666667,-0.7523900573613767,-1.118841028819337,-0.4069800980674935,-0.8850225225225226,-0.3757821126242179,-0.2872709262010896,-0.9237983587338804,-0.9232323232323232,-0.005629903091831978,-0.2702702702702702,-0.045454545454545525,0.0009029345372462141,0.01359619306594162,-0.905367231638418,-0.17647058823529405,0.012939969008472385
94,2017-09-30,-0.0029874889790802994,-0.027766806224820303,-0.003252855284082701,-0.02842942345924448,-0.0023703052073406057,0.005901639344262355,-0.44175824175824174,-0.44175824175824174,-0.4666666666666667,-0.4666666666666667,2.4401544401544397,5.1264667535853965,-0.9800583657587548,-6.433888344760039,3.27122641509434,-0.2925642807505212,-2.0769230769230766,-2.0789473684210527,-0.3047150547614628,-0.2962962962962963,5.659863945578231,0.0009021199819576607,0.0005030181086518315,0.0,0.0,0.0006754877418841954
95,2017-12-31,0.0689181386986677,-0.3451147674182409,0.0689498875915584,0.5520769388172704,0.06942879537549597,-0.013037809647979182,7.153543307086616,7.153543307086616,4.75,4.75,-0.55331088664422,-1.6473717812300488,2.4390243902439024,-1.5028839221341024,-0.38514632799558257,0.0982318271119842,4.2142857142857135,4.2926829268292686,0.06941663329328529,0.5789473684210527,0.0,0.0009013068949976776,0.0005027652086475598,0.0,-0.07142857142857151,-0.5780654383735706
96,2018-03-31,-0.006303885572853663,-0.02065756823821341,0.007920758493190183,-0.244166117336849,-0.015861018540786254,-0.0819022457067371,-0.3235152100434573,-0.3235152100434573,-0.3043478260869565,-0.3043478260869565,-0.0075376884422110315,-0.2498356344510191,-15.645390070921984,-1.07168458781362,0.0449034575662326,0.0402504472271914,0.3616438356164384,0.3640552995391706,-0.01834976906753216,-0.033333333333333326,0.0,0.0009004952723998817,-0.009547738693467256,0.0,0.0,0.29573687182382824
97,2018-06-30,-0.013286362041324606,-0.07341483499081525,-0.006041126779524064,-0.04099075527646956,-0.01831595606032399,0.0995203836930456,0.0778015703069237,0.0778015703069237,0.09375,0.09375,-2.4556962025316453,-1.3689745836985099,-1.0300242130750603,0.0049999999999998926,0.0431886549204985,0.012897678417884695,0.24144869215291756,0.2364864864864864,-0.01831129196337744,0.034482758620689724,0.0,0.0008996851102114346,-0.005073566717402334,0.0,0.0,-0.033809056905254715
98,2018-09-30,-0.008507314896168959,-0.05489472245009575,0.0036737941659470423,-0.025463805020007224,-0.01704558924634314,-0.06019629225736101,-0.039735099337748325,-0.039735099337748325,-0.05714285714285705,-0.05714285714285705,0.11652173913043473,-3.5973871733966747,0.06451612903225801,-15.402985074626866,-0.5962924819773431,0.2538200339558574,0.2236628849270665,0.2185792349726776,-0.016968911917098484,0.26666666666666683,0.0,0.0008988764044943752,-0.008669046404895409,0.0,-0.07692307692307697,-0.03018116214387745
99,2018-12-31,-0.013707397352763271,-0.052658227848101265,0.0010964172457998966,-0.013624486748786913,-0.02423906227388939,-0.07403109770248317,0.4041379310344828,0.4041379310344828,0.4242424242424241,0.4242424242424241,0.0,0.0,0.0,-1.2732297063903282,0.4035714285714285,-0.7850372376438728,0.014569536423841178,0.004484304932735439,-0.02424561865858488,-0.7894736842105263,0.0,0.0008980691513247319,-0.010631001371742109,0.0,0.0,-0.03960779754292132
100,2019-03-31,-0.011459172686238306,-0.07467358937161184,0.004684156430605491,-0.02194891201513716,-0.023592950540079597,0.017293233082706694,-0.06483300589390961,-0.06483300589390961,2.7234042553191493,2.7234042553191493,-0.6199376947040498,-1.2528577960676726,0.10606060606060597,-0.7054361567635904,0.08469647400945113,-0.3511811023622047,0.10182767624020883,0.0915178571428572,-0.4598244429439568,-0.25,0.0,0.0008972633467922987,-0.012305025996533936,0.0,0.0,-0.053871918001694885
101,2019-06-30,0.3301666305994373,0.8338971862364881,0.4620725510255421,2.6734378022828396,0.2303778241883425,0.4385316580438532,-3.1297268907563027,-3.1297268907563027,-2.194285714285714,-2.194285714285714,10.024590163934427,16.00361663652803,0.452054794520548,27.35622317596567,2.214142091152815,1.577669902912621,-0.8139810426540285,-0.820040899795501,0.2282500000000001,3.5000000000000013,0.0,0.0008964589870013029,-0.07510089489384097,0.0,0.0,-0.5007677215729761
