,Quarter end,Assets,Current Assets,Liabilities,Current Liabilities,Shareholders equity,Revenue,Earnings,Earnings available for common stockholders,EPS basic,EPS diluted,Cash from operating activities,Cash from investing activities,Cash from financing activities,Cash change during period,Cash at end of period,Price,ROE,ROA,Book value of equity per share,P/B ratio,P/E ratio,Equity to assets ratio,Net margin,Asset turnover,Current ratio
0,2000-03-31,-0.18682114409847936,-0.07232704402515723,0.02005730659025784,-0.003012048192771122,-0.39824304538799415,-0.09292035398230092,-19.176470588235293,-19.176470588235293,-1.0150659133709978,-1.0131826741996233,1.0,0.2592592592592593,-1.1111111111111112,-2.0,-0.6666666666666667,0.3411214953271027,-0.9170601196096948,-0.12096774193548387,-0.4013605442176871,1.2328767123287672,0.9023929471032746,-0.2600080873433077,-0.3993831919814959,0.0,-0.06953434955105453
1,2000-06-30,-0.18682114409847936,-0.07232704402515723,0.02005730659025784,-0.003012048192771122,-0.39824304538799415,-0.09292035398230092,-19.176470588235293,-19.176470588235293,-1.0150659133709978,-1.0131826741996233,1.0,0.2592592592592593,-1.1111111111111112,-2.0,-0.6666666666666667,0.3411214953271027,-0.9170601196096948,-0.12096774193548387,-0.4013605442176871,1.2328767123287672,0.9023929471032746,-0.2600080873433077,-0.3993831919814959,0.0,-0.06953434955105453
2,2000-09-30,-0.015316117542297447,-0.06033898305084751,-0.04297752808988764,-0.16193353474320238,0.03260340632603409,-0.09365853658536584,-1.0142394822006473,-1.0142394822006473,-1.0150659133709978,-1.0131826741996233,0.4166666666666667,-0.9,13.7,-2.8666666666666667,5.6,0.3411214953271027,-0.9170601196096948,-0.12096774193548387,0.028409090909090832,1.2328767123287672,0.9023929471032746,0.04863387978142075,-0.3993831919814959,0.0,0.12129712746858168
3,2000-12-31,-0.016096943389401375,0.017316017316017396,-0.04901673026122688,-0.21052631578947367,0.03675777568331773,0.007534983853606071,2.5454545454545454,2.5454545454545454,0.0,0.0,0.16470588235294126,2.117647058823529,-0.19727891156462585,0.3214285714285714,1.1212121212121209,-0.18989547038327528,-0.9170601196096948,-0.12096774193548387,0.03314917127071837,-0.2116564417177914,0.9023929471032746,0.053673788431474856,-0.3993831919814959,0.0,0.2886020214149907
4,2001-03-31,0.01369485294117645,0.08652482269503547,-0.014043209876543172,0.045205479452054886,0.05454545454545445,0.025106837606837518,-0.1858974358974359,-0.1858974358974359,1.75,2.0,-1.1474747474747475,0.2641509433962264,-1.4194915254237288,-1.689189189189189,-0.36071428571428577,0.06236559139784936,-0.9170601196096948,-0.12096774193548387,0.053475935828877,0.02723735408560324,0.9023929471032746,0.04030662710187949,-0.3993831919814959,0.0,0.03952784033548173
5,2001-06-30,-0.08677123945960652,0.03198433420365543,-0.07419001408671155,-0.13018785495849716,-0.10409482758620693,0.002605523710265789,-5.385826771653544,-5.385826771653544,-5.318181818181818,-5.523809523809524,-5.561643835616438,-3.455223880597015,-3.2020202020202015,-5.284313725490196,2.4413407821229045,0.11943319838056675,-0.9170601196096948,-0.12096774193548387,-0.1065989847715736,0.06439393939393945,0.9023929471032746,-0.019015925837889247,-0.3993831919814959,0.0,0.1863887643806963
6,2001-09-30,-0.047259729944400315,-0.1306135357368754,-0.07523245984784444,-0.209442491210447,-0.007457300938176536,-0.23180873180873185,-1.26032315978456,-1.26032315978456,-1.263157894736842,-1.2526315789473683,-0.14414414414414412,-1.3525835866261398,1.5779816513761469,-1.8718535469107551,-0.6185064935064934,0.0940325497287522,-0.4345351043643263,-0.12096774193548387,-0.011363636363636355,0.2241992882562278,0.9023929471032746,0.041919069542040166,-0.3993831919814959,-0.014285714285714348,0.09974182985958048
7,2001-12-31,0.013964151729887408,0.06584212440887605,-0.06032906764168189,0.16899618805590855,0.11245758603974787,0.08186738836265217,0.2068965517241379,0.2068965517241379,0.15999999999999992,0.29166666666666674,0.631578947368421,0.02586206896551735,-0.8238434163701067,-1.6456692913385826,1.0425531914893615,0.06942148760330569,-0.15771812080536907,-0.12096774193548387,0.1091954022988506,0.08139534883720945,0.9023929471032746,0.09697674418604653,-0.3993831919814959,-0.014492753623188246,-0.08823361007729735
8,2002-03-31,-0.007810894141829339,-0.020477815699658675,-0.06789883268482487,-0.08804347826086956,0.05947712418300655,0.01500938086303938,0.1885714285714286,0.1885714285714286,0.2068965517241379,0.09677419354838723,-1.0193548387096774,-0.3697478991596639,0.06060606060606055,-1.8008130081300813,-0.4166666666666666,0.05564142194744992,-0.7410358565737052,-0.7247706422018348,0.05699481865284973,-0.048387096774193616,0.9023929471032746,0.06783972864108545,-0.3993831919814959,0.0,0.07410198442602356
9,2002-06-30,0.018541537186658408,0.08606271777003482,0.05134627426424543,0.10905840286054837,-0.013777503598601635,0.06469500924214411,0.4711538461538463,0.4711538461538463,0.4857142857142858,0.4705882352941175,-49.444444444444436,0.4266666666666668,1.6761904761904758,-1.3807106598984773,0.2678571428571428,-0.08052708638360173,-28.938461538461546,-29.666666666666664,-0.019607843137254943,-0.12994350282485878,0.9023929471032746,-0.03176493944808423,-0.3993831919814959,-0.029411764705882363,-0.020755378858746454
10,2002-09-30,-0.06600223736397848,-0.04619826756496637,-0.08755211435378196,-0.05964535196131116,-0.043369474562135135,-0.0405092592592593,-1.568627450980392,-1.568627450980392,-1.5769230769230769,-1.6,-0.2958715596330275,-0.01869158878504673,-0.18149466192170816,-0.5333333333333333,0.09859154929577474,-0.12101910828025485,-0.3975770925110133,-0.3767441860465116,-0.04500000000000004,-0.10389610389610393,0.9023929471032746,0.02440024605290136,-0.3993831919814959,0.04545454545454541,0.0143292136843991
11,2002-12-31,0.09777874564459932,0.09788092835519667,0.020017406440382857,0.13085714285714278,0.17567567567567566,0.2249698431845597,-2.2471264367816093,-2.2471264367816093,-2.2333333333333334,-2.1333333333333337,0.5374592833876222,2.771428571428572,-0.6565217391304348,-2.3714285714285714,-0.12307692307692307,0.16304347826086962,0.03656307129798897,0.0727611940298507,0.17277486910994774,0.21739130434782614,0.9023929471032746,0.0708566853482786,0.015404364569961524,0.057971014492753666,-0.02919536170463244
12,2003-03-31,0.02747470739932556,0.07567401960784315,0.05140784982935154,-0.041940373926225405,0.006674082313681939,0.046282619399310665,-0.3317972350230415,-0.3317972350230415,-0.32432432432432434,-0.2941176470588236,-1.1822033898305084,-0.6868686868686869,-4.443037974683545,-0.08333333333333337,-0.1286549707602339,0.012461059190031154,-0.13756613756613756,-0.1286956521739131,-0.0044642857142858094,-0.13690476190476186,-0.021847070506454846,-0.020186915887850487,-0.17193426042983562,0.04109589041095885,0.12277936094100528
13,2003-06-30,0.04228207355922376,0.10566790088293933,0.056400892675999126,-0.01845991561181437,0.02946593001841613,0.024941176470588244,0.4551724137931034,0.4551724137931034,0.44,0.4166666666666667,-5.197674418604652,0.46774193548387105,-0.6470588235294117,-5.75,0.7013422818791946,0.1646153846153846,-0.2229038854805726,-0.2115768463073852,0.013452914798206095,0.16896551724137931,0.3137055837563452,-0.01239984738649358,-0.2381679389312977,0.039473684210526334,0.12647154120315365
14,2003-09-30,-0.00824303047142727,-0.051262235960844886,-0.054926061071634336,-0.07576571735626003,0.035241502683363235,-0.05371900826446285,0.16113744075829395,0.16113744075829395,0.13888888888888884,0.17647058823529416,-0.26869806094182824,-0.31868131868131866,-3.6458333333333335,-1.5933014354066986,-0.2445759368836292,-0.03566710700132103,0.9394736842105263,0.9746835443037976,0.07964601769911518,-0.0471976401179941,0.21329211746522406,0.04384778829437885,0.9519038076152304,0.012658227848101332,0.02651006711409409
15,2003-12-31,0.02857676503548756,-0.021992940537605254,-0.05242836821784192,-0.027906976744186074,0.09745982374287188,0.0873362445414847,-0.2285714285714285,-0.2285714285714285,-0.2195121951219512,-0.2250000000000001,1.5909090909090908,0.6370967741935485,0.03937007874015741,-2.838709677419355,0.5953002610966058,0.0,-0.07394843962008135,-0.05512820512820515,0.0901639344262295,-0.07430340557275539,-0.5303609341825902,0.06698741672834929,-0.057494866529774084,0.0,0.006071078316910228
16,2004-03-31,0.002179044852006484,-0.0930038867295947,0.14432768603903054,-0.06459330143540665,-0.10218863171154148,0.048639000446229375,-4.285714285714286,-4.285714285714286,-4.25,-4.35483870967742,-0.4722222222222222,5.5221674876847295,-3.7575757575757582,-2.017543859649123,-0.3797054009819967,0.11506849315068512,-0.96996336996337,-0.9701492537313432,-0.09774436090225568,0.023411371237458182,0.14104882459312829,-0.10405827263267442,-0.9705882352941176,0.012499999999999956,-0.03035788887341595
17,2004-06-30,-0.012864649393006022,0.02020202020202011,-0.056596701649175414,-0.002557544757033292,0.028060329708874177,-0.0017021276595744483,-1.4106280193236715,-1.4106280193236715,-1.4134615384615383,-1.3942307692307692,-0.2049861495844876,-0.9441087613293052,-1.25,-1.0905172413793105,0.0554089709762533,0.05036855036855048,1.804878048780488,1.8181818181818181,0.02083333333333348,0.1633986928104576,134.49920760697307,0.04142469996128528,1.8148148148148149,0.012345679012345512,0.022787112834506074
18,2004-09-30,-0.016244493392070458,-0.021302130213021298,-0.061183949145808485,0.09166666666666656,0.022347321733196868,-0.04177323103154307,-0.5137254901960784,-0.5137254901960784,-0.5116279069767442,-0.5121951219512195,1.2613240418118463,1.5405405405405403,2.0824175824175826,-5.285714285714286,-0.225,0.012865497076023358,-1.7739130434782608,-1.7903225806451613,0.02857142857142847,-0.008426966292134908,-0.873391812865497,0.03921933085501883,0.0,0.024390243902439046,-0.10348701146735306
19,2004-12-31,0.0380632521690456,0.12660944206008584,0.02539145154464673,0.1473869641808574,0.04805606540964469,0.05471530249110312,1.088709677419355,1.088709677419355,1.0476190476190474,1.0,-0.21571648690292755,-0.015957446808510634,-0.6613190730837789,-2.988888888888889,0.5774193548387097,0.08083140877598137,-1.3258426966292134,-1.326530612244898,0.04761904761904767,0.050991501416430614,0.0,0.009658379538544093,-0.7631578947368421,0.011904761904761862,-0.01806411193484392
20,2005-03-31,0.009346634312932478,0.09006802721088425,-0.019810152703260475,-0.09723643807574213,0.031842063365706164,0.050611556305356416,0.20463320463320467,0.20463320463320467,0.2093023255813955,0.25,-0.5893909626719057,-1.1513513513513514,-1.1105263157894736,0.3240223463687151,0.4846625766871167,0.11858974358974385,52.24137931034483,53.0,0.03030303030303028,0.07008086253369282,0.0,0.02232063773250648,54.83333333333334,0.0117647058823529,0.20746490854955324
21,2005-06-30,0.024663876769655424,0.09111333000499244,0.02968421052631576,0.0793650793650793,0.020984415985187518,0.03653151344841432,-0.5544871794871795,-0.5544871794871795,-0.5576923076923077,-0.56,0.5598086124401913,-4.428571428571429,1.8571428571428568,-0.008438818565400852,0.3236914600550964,0.057306590257879535,-0.14831606217616575,-0.1342592592592592,0.018382352941176402,0.02518891687657443,-0.9322863741339492,-0.0036388840755501306,-0.14328358208955227,0.011627906976744208,0.010876265962131315
22,2005-09-30,-0.005039972193256914,-0.015328300160146413,-0.00674708648538136,0.07457983193277308,-0.0037781471966147344,-0.06700232378001547,-1.3165467625899279,-1.3165467625899279,-1.3043478260869563,-1.3181818181818183,0.19631901840490795,0.2083333333333333,-6.716666666666668,-1.3446808510638295,-0.08428720083246621,-0.01897018970189712,-0.2197718631178708,-0.2139037433155081,0.0,-0.036855036855036986,0.12244201909959053,0.0012173913043478368,-0.2148664343786295,0.0,-0.08367818094698788
23,2005-12-31,0.07344978165938865,0.1947026022304832,0.109715932482503,-0.05083088954056692,0.04672330097087385,0.0365296803652968,-9.772727272727273,-9.772727272727273,-10.285714285714283,-9.571428571428571,0.13589743589743586,-0.2413793103448276,-2.60932944606414,-12.185185185185185,1.0295454545454548,-0.03130755064456725,0.16276803118908378,0.15986394557823136,0.05054151624548742,-0.030612244897959218,0.21786690975387435,-0.024839326037866868,0.17603550295858006,-0.011494252873563204,0.2586993725042783
24,2006-03-31,0.008461475876657687,0.023142746013224524,-0.04284919309961044,0.011843460350154487,0.04855072463768106,0.028033640368442025,0.189119170984456,0.189119170984456,0.18461538461538465,0.2166666666666668,0.3769751693002257,-0.4204545454545454,-1.815217391304348,-0.8830022075055187,0.05935050391937291,0.049429657794676674,0.1525565800502935,0.1568914956011731,0.05498281786941561,-0.0026315789473683178,-0.1185129740518962,0.039722123263270286,0.17610062893081754,-0.023255813953488413,0.011179092076440744
25,2006-06-30,0.015893505445744305,0.03079262497624025,0.04031007751937987,0.15267175572519087,-0.001520387007601931,0.04129333852746386,-0.21350762527233114,-0.21350762527233114,-0.20779220779220786,-0.20547945205479454,-0.3508196721311475,0.4705882352941178,0.2333333333333334,-3.0849056603773586,-0.11680761099365755,-0.0018115942028985586,0.20945454545454534,0.20912547528517125,0.006514657980456029,-0.052770448548812736,-0.15709029153693732,-0.017132088401576206,0.22459893048128346,-0.011904761904761862,-0.10573690894151044
26,2006-09-30,-0.015009529860228743,-0.03208556149732622,-0.04545454545454541,0.0044150110375276155,0.007613510520487309,-0.07444818555929666,-0.22991689750692526,-0.22991689750692526,-0.21311475409836067,-0.22413793103448265,0.5202020202020201,1.0933333333333333,0.0954954954954954,-0.2850678733031674,-0.0945541591861161,0.010889292196007316,0.2465423932651833,0.2526205450733752,0.016181229773462924,0.0055710306406684396,-0.1867024848891874,0.02300854104932881,0.26899563318777303,-0.012048192771084376,-0.03633629870943478
27,2006-12-31,0.005240667580424185,0.012764336064012172,-0.029274004683840782,-0.005714285714285672,0.02953702431652694,0.07356507679870661,-0.2553956834532374,-0.2553956834532374,-0.25,-0.2444444444444445,0.16279069767441867,-0.5286624203821656,-0.46875,-2.9936708860759493,0.20819563780568415,0.017953321364452268,-0.1384466956102267,-0.1238493723849372,0.031847133757961776,0.0,-0.20644095788604452,0.024194922474016112,-0.1342050929112183,0.012195121951219523,0.018549820136089638
28,2007-03-31,0.0019249278152069227,0.01975169300225743,-0.06674708484117409,-0.2068965517241379,0.04750467040298911,-0.005647590361445798,0.6038647342995169,0.6038647342995169,0.5833333333333333,0.588235294117647,-0.4842857142857143,1.9189189189189189,-0.4798761609907121,-1.0825396825396825,-0.01422319474835887,0.08641975308641969,-0.11590145576707722,-0.09933142311365817,0.05246913580246915,0.05263157894736836,0.22112382934443287,0.045416735984029184,-0.10333863275039744,0.012048192771084263,0.28577507340113195
29,2007-06-30,0.002081332052513707,-0.0016602102933037655,-0.04286945282205945,0.8037904124860646,0.028662420382165713,0.03218477849299517,0.0512048192771084,0.0512048192771084,0.07017543859649122,0.055555555555555365,0.047091412742382266,-0.2685185185185185,1.1964285714285716,4.884615384615385,-0.08490566037735847,0.025974025974025983,-0.03799873337555415,-0.008483563096500446,0.032258064516129004,-0.023684210526315752,0.12782275244993602,0.026575429662635264,-0.0150709219858155,0.0,-0.4465367177416686
30,2007-09-30,0.038264898546093606,0.043606799704360766,0.071123115012379,0.07787391841779967,0.020185758513931784,-0.04108584005869409,-0.16618911174785098,-0.16618911174785098,-0.16393442622950816,-0.1578947368421052,0.5714285714285714,-0.08860759493670889,-0.021680216802168032,-1.7058823529411766,0.06549423893268648,-0.04746835443037989,-0.019091507570770383,-0.0010695187165775666,0.03125,-0.07816711590296499,-0.04231205137891947,-0.01751666408308783,-0.002700270027002793,0.0,-0.031750777325998625
31,2007-12-31,0.03493113795491265,0.029922096317280374,0.07186383694053378,0.07626146788990829,0.013595532896333971,0.1208875286916602,-0.4570446735395189,-0.4570446735395189,-0.4509803921568627,-0.4166666666666666,0.2946127946127945,5.4375,-0.4930747922437673,-4.138888888888889,-0.19294251565167894,0.024916943521594792,-0.06711409395973145,-0.05995717344753738,0.01377410468319562,-0.005847953216374324,0.009072978303747314,-0.020511202272010087,-0.06498194945848379,0.011904761904761862,-0.04310504538998328
32,2008-03-31,-0.02587168240279536,0.017019082001031416,0.04430503822779852,0.04315396909962699,-0.0687425149700599,0.012969283276450529,0.1518987341772151,0.1518987341772151,0.1428571428571428,0.10714285714285697,-0.611183355006502,-1.8942826321467097,4.387978142076503,-1.6224188790560472,0.14880112834978854,-0.09562398703403564,-0.13093525179856125,-0.14236902050113887,-0.038043478260869616,-0.10882352941176476,-0.0668491008600468,-0.043975515463917536,-0.15830115830115832,0.0117647058823529,-0.025040335592126598
33,2008-06-30,0.029000992139204707,0.07352941176470584,-0.1533696264313873,-0.4213483146067416,0.15393518518518512,0.10377358490566048,1.1813186813186811,1.1813186813186811,1.25,1.1612903225806457,-0.03010033444816052,-1.0615199034981906,-1.0294117647058822,0.19905213270142186,0.15531000613873536,0.21326164874551967,0.020695364238410674,0.029216467463479386,0.12711864406779672,0.26072607260726066,0.3833263510682867,0.12131423757371508,0.0,0.03488372093023262,0.8552326735950224
34,2008-09-30,0.024401097678558248,0.06487167375216507,0.12350332594235035,0.014563106796116497,-0.025409562019391485,-0.07326007326007322,-0.17128463476070532,-0.17128463476070532,-0.1805555555555556,-0.16417910447761186,-0.5241379310344827,-0.5686274509803921,1.4827586206896552,-0.4387351778656127,0.07545164718384689,0.11447562776957175,0.02189781021897796,0.021935483870967776,-0.015037593984962403,-0.010471204188481686,0.05057540884312517,-0.04868519909842217,0.0011467889908256534,0.022471910112359602,0.049595033360687824
35,2008-12-31,0.013756154068925495,0.02306668638178322,0.02901124925991705,0.12440191387559807,0.004917095483133238,0.020092226613965813,0.15805471124620052,0.15805471124620052,0.15254237288135594,0.1428571428571428,4.833333333333333,6.636363636363638,-7.333333333333332,0.147887323943662,0.08053359683794459,-0.14446653412856192,0.19365079365079366,0.1969696969696968,0.0,-0.13227513227513232,-0.18218506774286525,-0.008687411151476756,0.1924398625429553,0.0,-0.09011795900329732
36,2009-03-31,-0.029495786316240506,-0.0620031796502385,-0.20291522823168395,-0.22553191489361699,0.07339553937187082,0.012269938650306678,0.5879265091863517,0.5879265091863517,0.588235294117647,0.609375,-1.4472049689440991,-2.0297619047619047,0.1820175438596492,-5.41717791411043,-0.3292181069958847,0.12703330751355546,0.2666223404255319,0.3164556962025316,0.07124681933842236,0.128048780487805,-0.05886499823757496,0.10611854684512424,0.3112391930835736,0.0,0.21116341627437785
37,2009-06-30,0.07815144602251811,0.14884437596302005,0.11164581328200196,0.2242757242757243,0.06339446623555611,0.07017543859649122,-0.2148760330578512,-0.2148760330578512,-0.21296296296296305,-0.21359223300970875,-2.775,-1.8439306358381504,-0.712430426716141,-1.5055555555555555,0.2481254260395365,0.06597938144329896,0.015748031496062964,0.02323717948717952,0.05463182897862251,-0.005405405405405461,-0.19887640449438196,-0.013684817055603649,0.03882783882783891,-0.01098901098901095,-0.0616324264297613
38,2009-09-30,0.09350897549655324,0.1765021459227467,0.10757575757575766,0.2088943288453693,0.08703020636028302,-0.02921013412816686,0.5473684210526315,0.5473684210526315,0.5294117647058825,0.5432098765432098,0.11893583724569635,-4.6506849315068495,0.6967741935483871,1.870879120879121,0.5707263790278536,0.05802707930367501,0.15917312661498695,0.18089271730618628,0.0855855855855856,0.005434782608695564,0.00935016362786345,-0.005988023952095745,0.20592383638928055,-0.022222222222222254,-0.026791584483892072
39,2009-12-31,0.00836402222083521,0.013679890560875485,-0.10572601133476643,-0.019574755315558526,0.06190388848129125,0.06447651212772487,-0.35238095238095235,-0.35238095238095235,-0.3538461538461539,-0.35200000000000004,-0.07832167832167836,-1.298311444652908,-1.1482889733840305,-0.5550239234449761,0.16168289290681506,0.1870810481413772,-0.025858225590726702,0.005968169761273234,0.06224066390041494,0.09189189189189184,-0.032422417786011966,0.05304143402879813,0.014035087719298069,-0.011363636363636355,0.0339131903394696
40,2010-03-31,-0.006870937790157794,-0.018556005398110642,-0.010270979020979063,-0.16626506024096388,-0.005527247603419938,-0.0178828958753966,0.0021008403361344463,0.0021008403361344463,0.0,-0.012345679012345734,-0.8027314112291349,-0.5911949685534591,-2.641025641025641,-1.2774193548387096,-0.038611194253217566,0.1976386036960984,-0.10068649885583524,-0.09294660514172716,-0.0078125,0.1287128712871286,0.14552417424605069,0.0013952839402817665,-0.07497116493656297,-0.011494252873563204,0.17717011336535005
41,2010-06-30,0.023373223635003715,0.052939154348573325,0.1572090969308899,0.022708505367464937,-0.029266174554928307,0.07254038179148314,0.20545073375262055,0.20545073375262055,-0.3928571428571428,-0.4,2.6923076923076925,1.5692307692307694,1.234375,-0.9302325581395348,-0.0028019925280199365,0.10372910415773684,0.01984732824427482,0.01744186046511631,-0.02952755905511817,0.11184210526315796,0.17300459674049318,-0.051414239933119776,0.02369077306733192,-0.011627906976744208,0.029557060390763782
42,2010-09-30,0.05085571593885141,0.07998694090760683,-0.061438656744896014,0.542995559144126,0.10350688853104306,-0.04463307776560788,-0.16521739130434787,-0.16521739130434787,-0.17647058823529416,-0.16666666666666666,1.0083333333333333,-0.08982035928143718,2.9580419580419584,-46.22222222222222,0.1270683733999376,0.1883495145631069,-0.1402195608782435,-0.12928571428571445,0.09533468559837743,0.22485207100591695,0.1414321339508371,0.05008813160987069,-0.12728380024360542,0.0,-0.3000781734372052
43,2010-12-31,0.02422626637301506,0.0405078597339783,-0.06688351290912786,-0.1161695447409733,0.060559383867045076,0.12467755803955295,0.3500000000000001,0.3500000000000001,0.3571428571428571,0.375,-0.024896265560166,0.5197368421052629,-0.5300353356890459,-0.13759213759213762,0.09722991689750682,0.21470588235294108,0.05223447475333698,0.061525840853158265,0.05555555555555558,0.10789049919484706,0.3770287141073658,0.03552944467757735,0.05163991625959508,0.0117647058823529,0.1772771037935683
44,2011-03-31,0.0927455862381168,0.11398411776099172,0.2490196078431373,0.3179396092362345,0.03791469194312791,0.030835881753312974,-0.013888888888888841,-0.013888888888888841,-0.01754385964912264,-0.036363636363636376,-0.8414893617021276,1.272727272727273,-3.236842105263158,0.07407407407407418,0.095177985357233,0.13720742534301866,0.02978488692774417,0.02472952086553337,0.038596491228070066,0.07848837209302317,0.047144152311876734,-0.050249898689720414,0.028533510285335018,0.0,-0.15473697984820722
45,2011-06-30,0.03692196157630368,0.05781100582456755,0.07657421943136232,-0.2962713387241689,0.02017970245986156,0.06600741656365883,-0.09076682316118934,-0.09076682316118934,-0.0892857142857143,-0.09433962264150952,2.9798657718120807,-0.7847619047619048,-1.3142857142857145,-0.08753315649867377,0.07929921622867675,0.010172699313934164,-0.048205677557579096,-0.04600301659125183,0.016891891891891886,-0.028301886792452824,-0.056926406926406936,-0.016071682548712832,-0.039354838709677376,-0.011627906976744208,0.5031349175632789
46,2011-09-30,-0.009738314023172157,-0.02868178829717294,0.017984445884640318,-0.03606766677306095,-0.02209067282702859,-0.042903525046382174,-0.11187607573149738,-0.11187607573149738,-0.11764705882352945,-0.10416666666666664,0.6391231028667789,0.5575221238938053,3.2245989304812834,-1.497093023255814,-0.03652285348141815,-0.10351288056206087,-0.00731570061902076,-0.01897233201581028,-0.013289036544850363,-0.11789181692094307,-0.1035115905439522,-0.012575888985255744,-0.02417730020147746,0.0,0.007672897677532431
47,2011-12-31,-0.0012103484794997454,-0.011337676622387716,0.02275982810759181,0.10993377483443713,-0.012328362616270459,0.042403683062757436,0.22286821705426352,0.22286821705426352,0.22222222222222232,0.2558139534883721,0.4722222222222223,17.829545454545453,0.2278481012658229,15.36842105263158,-0.62048326313456,-0.09221525600835943,-0.012471655328798237,-0.03384367445608372,-0.020202020202020218,-0.08018867924528318,-0.10599078341013823,-0.011125750256185118,-0.02959394356503808,0.0,-0.1092600163532298
48,2012-03-31,0.01196667508204996,0.016688061617458283,-0.04466230936819171,-0.20883054892601427,0.03916585693998065,0.06741050674105065,0.031695721077654504,0.031695721077654504,0.03636363636363616,0.0185185185185186,-1.214535290006988,-1.2063971031985516,-0.968041237113402,-1.1504108610217936,0.2459112149532709,0.09294964028776964,-0.0011481056257175435,-0.004170141784820669,0.04295532646048117,0.11623931623931627,0.09851088201603653,0.02694300518134707,-0.026241134751772918,0.0235294117647058,0.2850258175559379
49,2012-06-30,0.035375711006885524,0.07643097643097653,0.04332953249714944,0.07202111613876316,0.031863626555419744,0.04965156794425085,0.041474654377880116,0.041474654377880116,0.035087719298245716,0.03636363636363616,-5.781758957654724,-1.6242690058479532,0.6451612903225807,1.1615201900237528,0.4266291608063759,0.13296471827277534,0.031609195402298784,0.03098827470686772,0.021416803953871574,0.08575803981623276,0.1217413972888426,-0.0034597088078419658,0.010924981791696986,0.02298850574712641,0.0041298330208054965
50,2012-09-30,0.05816587152426389,0.08515796058805125,0.029664324746291992,0.050298979950756266,0.07089084065244666,-0.07074688796680495,0.020648967551622373,0.020648967551622373,0.016949152542372836,0.017543859649122858,-0.10558583106267028,2.088992974238876,-0.9019607843137256,-0.9835164835164836,0.0049293460400920966,0.1982337903788054,0.03676880222841228,0.04386677497969127,0.0741935483870968,0.17348377997179146,0.1466418777597025,0.012151019817734587,0.05043227665706063,-0.011235955056179804,0.033191792089993566
51,2012-12-31,0.011704162492030212,-0.06903509404049868,0.1253980288097043,0.16342933690555927,-0.03710212849052919,0.13976334003125698,0.3164739884393064,0.3164739884393064,0.3166666666666669,0.3448275862068968,-0.037319116527037344,-1.119029567854435,292.8,2.4,0.016677567037279184,-0.0686578743211792,0.0789897904352499,0.07392996108949412,-0.027027027027026973,-0.13341346153846154,-0.13092825293879207,-0.04830641703587246,0.0582990397805212,0.011363636363636465,-0.199810646813272
52,2013-03-31,0.033805986945757434,0.053254895889774716,-0.050660199407167934,-0.13529073114565338,0.07618468194416272,-0.02703232125367283,0.5905598243688255,0.5905598243688255,0.6075949367088607,0.5897435897435896,-0.3093354430379747,0.7515923566878981,-0.8304969366916269,16.764705882352942,0.2914120295915086,-0.0989171178675552,0.2295816733067728,0.23043478260869565,0.0879629629629628,-0.07350901525658815,-0.1861007462686568,0.04099714671872645,0.2482177576150357,-0.011235955056179804,0.2180273206410672
53,2013-06-30,0.018766872768440246,0.021973983978834436,0.07848424638092544,0.04593874833555267,-0.007663316582914525,0.04127239782564929,-0.35058661145617664,-0.35058661145617664,-0.3385826771653544,-0.3387096774193549,0.4547537227949599,-3.614545454545455,2.5863453815261046,-1.3178807947019868,-0.07173100871731009,-0.14236191356598116,0.04536249493722155,0.03886925795053009,-0.0014184397163120588,-0.21257485029940115,-0.3292263610315186,-0.02596653202538957,0.051401869158878684,-0.011363636363636355,-0.02291593076651377
54,2013-09-30,0.08159165705004923,0.12929670645764424,0.4386103434662456,0.06651814131126678,-0.09013799215090523,-0.041763341067285416,-0.1827842720510096,-0.1827842720510096,-0.1785714285714286,-0.1707317073170731,0.15826771653543314,0.6884561891515995,-1.7681970884658456,-4.4131944444444455,0.2637510061711832,-0.06494206413365655,0.03603254552499036,-0.017006802721088454,-0.06676136363636365,-0.06273764258555138,-0.13327637761640332,-0.15876777251184848,-0.004938271604938316,-0.011494252873563204,0.0588820100320846
55,2013-12-31,0.0767011775863431,0.0989556800815079,0.06613611416026344,0.03133393017009856,0.08473632948379017,0.08151735270379334,-0.014304291287386197,-0.014304291287386197,0.014492753623188468,0.014705882352941124,-0.2433718558803535,1.0337726523887976,0.17346938775510212,-1.5147507629704986,-0.10743099787685773,0.005187319884726316,-0.050112191473448135,-0.08650519031141858,0.1065449010654489,0.07707910750507098,-0.023164120256283786,0.007394366197183365,-0.049627791563275465,-0.03488372093023262,0.06555138272447936
56,2014-03-31,-0.026791940397107968,-0.0709815737628926,0.1247533247533248,0.03067129629629628,-0.14007183170856852,-0.025373134328358197,-0.20448548812664916,-0.20448548812664916,-0.18571428571428567,-0.1884057971014491,0.24797843665768204,-0.5147833130822195,-2.7863354037267083,1.464426877470356,-0.2966222645099905,-0.006307339449541427,-0.18267716535433065,-0.2430555555555556,-0.12654745529573586,-0.10169491525423736,0.019677093844601368,-0.11639286962600492,-0.22558746736292434,-0.02409638554216853,-0.09862624158923416
57,2014-06-30,0.2545159708866009,0.4208819310172769,0.07689373712716452,0.5174059517125211,0.4281772076372313,0.1008805513016846,8.071310116086236,8.071310116086236,8.087719298245615,8.089285714285714,4.601151907847372,2.926544240400668,-0.27816411682892905,-2.6343223736968726,0.6861684139330402,0.16128101557991936,1.342003853564547,1.2568807339449541,0.4220472440944881,0.329140461215933,0.4482929242949034,0.13844936708860756,1.4072825354012142,-0.06172839506172845,-0.06360667392415187
58,2014-09-30,0.007034209102386725,0.013651727316623452,-0.07444924559042287,-0.2085106382978723,0.06710533187111589,0.05616414536602332,-0.8270566727605119,-0.8270566727605119,-0.8281853281853282,-0.8290766208251473,-0.9843187660668381,-0.6709183673469388,-1.4691714836223506,-1.4636898920510304,-0.18953068592057765,0.1721739130434783,-0.06705059646236122,-0.04619364375461943,0.05758582502768572,-0.17665615141955834,-0.5408267851042023,0.059763724808895136,-0.028011204481792732,-0.02631578947368418,0.28067761222359305
59,2014-12-31,0.05202985074626865,-0.006322535943183771,0.020128577988672847,0.015427769985974837,0.07242830576490156,0.017451432334540714,0.15433403805496826,0.15433403805496826,0.146067415730337,0.14942528735632174,6.639344262295082,-1.723514211886305,-0.057494866529774084,-3.6423280423280415,0.6179163573372928,0.2259431962696059,-0.04519400352733693,-0.022084463386284336,0.06387434554973814,0.16091954022988508,0.19345238095238093,0.01934426229508213,0.006340057636887718,-0.027027027027027084,-0.021416132498425444
60,2015-03-31,-0.010186419998297502,-0.017345071036346194,-0.04381423962787912,-0.06698895027624308,0.010267408962307156,-0.044822006472491904,0.13003663003663002,0.13003663003663002,0.11764705882352923,0.1200000000000001,-0.21351931330472107,-2.6098214285714283,-2.5664488017429194,-1.788145774929916,-0.301009483022331,0.18603042876901776,-0.034634033710459367,0.01188589540412055,0.012795275590551158,0.11386138613861395,0.1371571072319202,0.020585397233837236,0.047250859106529264,-0.02777777777777779,0.05321646283745407
61,2015-06-30,0.034371058364866425,0.01871562888061029,0.03546488819144766,0.0984455958549222,0.0337413613984372,0.044892427579197085,-0.08670988654781198,-0.08670988654781198,-0.07894736842105254,-0.0892857142857143,1.320600272851296,-1.0693288962839709,-0.29624478442280944,-1.7144308943089432,0.3076586433260393,-0.01574344023323615,-0.5182970581200671,-0.5070477682067345,0.034013605442176915,-0.02814814814814825,-0.08388157894736825,-0.0004727387330603072,-0.5056056877221767,0.0,-0.07258281954954783
62,2015-09-30,0.07435634509325717,-0.06595559425337394,0.1026748503447754,0.1960916442048517,0.0580267412391855,-0.0021076523994811853,0.0479148181011535,0.0479148181011535,0.04761904761904767,0.0490196078431373,0.19047619047619047,-15.048,-1.466403162055336,-0.6550497866287339,0.08115796519410967,0.05183649289099535,0.009930486593843213,0.015885623510722757,0.05545112781954886,0.0167682926829269,1.1196888090963495,-0.015292448368279919,0.050331858407079766,-0.04285714285714271,-0.2190909971896503
63,2015-12-31,0.04712892741061747,-0.04549056164064325,0.06940626717976905,-0.10572769953051643,0.03374081110101601,0.09033306255077167,0.19136325148179512,0.19136325148179512,-0.4090909090909092,-0.4018691588785047,-0.4874074074074074,-1.1554669703872438,-3.5296610169491527,0.4907216494845361,0.11190218232471748,0.08251196845958875,0.03244837758112085,0.029710711493354136,0.03829029385574345,0.02698650674662661,0.031055900621117963,-0.012808197246237607,0.04528699315429163,-0.0149253731343284,0.06735995631778824
64,2016-03-31,-0.050624491907471765,-0.11162654426485663,-0.0010924045752473963,-0.03758924821503573,-0.08141904038991654,0.039040381463269165,0.01634683724235964,0.01634683724235964,0.030769230769230882,0.03125,0.031791907514450816,0.7326007326007327,5.182579564489113,-4.001383125864454,-0.3020601336302895,0.0543704474505724,0.030000000000000027,0.01518602885345488,-0.06861063464837057,0.014598540145985384,-0.011226725082146838,-0.032435939020434616,-0.003526448362720425,0.03030303030303028,-0.07692128822229982
65,2016-06-30,0.051274067154496894,0.09113395261913926,0.016532647153425506,0.0434213397337988,0.07476188405166795,0.08891438405277508,-0.11468531468531472,-0.11468531468531472,-0.1044776119402986,-0.12121212121212133,0.7768440709617179,-8.25369978858351,-1.0858845841235438,-0.39400921658986177,-0.26226565616274433,0.2258820626696274,0.007859454461396131,-0.002243829468960512,0.06906077348066297,0.3165467625899281,0.17363611188036554,0.02246061012403611,-0.02628918099089994,0.014705882352941124,0.04572133914401588
66,2016-09-30,0.0709878066841092,0.0938491763639111,0.04239969624098205,0.11417816813048942,0.08926837164130785,-0.026208349795864616,0.11690363349131115,0.11690363349131115,0.10000000000000007,0.12068965517241392,0.08197582764056753,-1.0113669484115415,1.0126182965299684,-3.092015209125475,0.7437145174371451,0.10576632786555296,0.015596330275229331,0.014992503748125998,0.08440999138673555,0.033879781420764976,0.07361963190184051,0.017049180327868733,-0.0010384215991693366,0.014492753623188468,-0.01823569088456356
67,2016-12-31,0.039410002304678386,0.031592520954223165,0.14800874210781936,-0.0005630630630630852,-0.0270450999331302,0.03827427644035697,0.12093352192362095,0.12093352192362095,0.1212121212121211,0.10769230769230753,-0.023312287518212682,19.564102564102566,-0.9200626959247648,0.03635041802980732,0.442015503875969,-0.07681106661812886,0.020776874435411097,0.004431314623338345,-0.02144559173947569,-0.14799154334038056,-0.1189010989010988,-0.06399097356544159,-0.0010395010395009008,0.014285714285714237,0.03216783216783225
68,2017-03-31,0.05995565410199566,-0.09892857142857148,0.07757800105764145,0.0982159624413146,0.047231767850324465,0.1508401719421648,0.45236593059936897,0.45236593059936897,0.47297297297297297,0.4722222222222223,-0.3620089507707608,0.885286783042394,-77.72549019607844,-1.388635566467906,-0.1191269755940222,-0.07807570977917988,0.10442477876106193,0.0926470588235293,0.06087662337662336,-0.058312655086848686,-0.10626091294587192,-0.01205441708283106,0.08480749219562944,0.0,-0.17952740930918076
69,2017-06-30,0.07491004936825374,0.13129211256440754,0.0791087991362811,-0.038132694938440514,0.07179057133481613,-0.04719864176570454,-0.1915725456125109,-0.1915725456125109,-0.19266055045871566,-0.18867924528301894,0.5409197194076383,-5.220899470899472,-1.3240480449782774,1.8077617328519853,-0.3797143903332113,0.13975620188195048,0.044070512820512775,0.026917900403768517,0.06503442999234887,0.07509881422924902,-0.011722020653084031,-0.002788914066585213,0.06282973621103127,-0.02816901408450712,0.17616039867879696
70,2017-09-30,0.0680938016931012,0.12393798721205228,0.05775615080267405,0.3070222222222223,0.07582664308069131,-0.02411499168448561,-0.08597528210639438,-0.08597528210639438,-0.07954545454545447,-0.08139534883720922,0.5720789074355084,-0.6717329990598558,-0.8399053627760252,-1.3924783027965284,0.24025974025974015,0.0732714138286894,-0.0026861089792784565,-0.019659239842726103,0.07327586206896552,0.007352941176470562,-0.018073990398192463,0.007166579269358486,0.013989169675090452,-0.02898550724637672,-0.14006996107799186
71,2017-12-31,0.037788790904452974,-0.0133650249376559,0.1778666322713789,0.9081882480957562,-0.06523320158102762,0.08155812538040164,-1.0164609053497942,-1.0164609053497942,-1.0123456790123455,-1.0126582278481011,0.1708494208494209,-1.2353221957040572,-12.280788177339902,0.5397215397215398,0.2982706647628113,-0.04178321678321684,-0.2389380530973452,-0.26069518716577544,-0.05756358768406955,-0.1070559610705597,-0.08081679608858218,-0.0992710864283235,-0.24388072986203835,-0.029850746268656688,-0.4829551965165578
72,2018-03-31,0.02270093753291902,0.0729828995695272,-0.05847568988173457,-0.06301233159883103,0.09792977471077724,0.007090602138435599,-74.78571428571429,-74.78571428571429,-99.0,-97.0,-0.5842264358340203,3.4685598377281943,-1.1786026200873363,1.173936170212766,0.4994500794329708,0.1580915891260719,-0.07937310414560161,-0.08589511754068724,0.09375,0.228882833787466,0.4712140175219024,0.07360308285163786,-0.04355503237198344,-0.04615384615384621,0.14516039669787806
73,2018-06-30,-0.023862251291823292,-0.0076925908204202855,-0.022292005892843303,-0.099885888170407,-0.02511014573127524,0.054649083594099146,0.3683446272991287,0.3683446272991287,0.37755102040816335,0.3750000000000002,-0.07336417713152676,-0.5238311393554245,-6.885085574572128,-1.0014680694886224,-0.0004889975550121939,0.09578574241827507,0.15101592531576058,0.1444114737883284,-0.01883116883116886,0.0011086474501107446,0.13781369629944695,-0.0012562814070352644,0.1384615384615384,0.016129032258064502,0.10242391988001363
74,2018-09-30,0.04785353757408406,0.08034124629080107,0.029739482136484474,0.06583840432724819,0.06229062638265592,-0.03931334110416451,-0.2009197028652282,-0.2009197028652282,-0.2,-0.19696969696969704,1.44151212553495,-3.4232602478551,-0.7644370585791441,-59.16666666666666,0.028457273320287024,0.11250089856947733,0.06822519083969447,0.06309420916162489,0.06419589675711435,0.13399778516057606,-0.05457943925233644,0.013656783468104285,0.06000000000000005,0.0,0.013604845080312566
75,2018-12-31,-0.10649189352489008,-0.214825242051775,-0.159266818129308,-0.3048925541194195,-0.06571862077172519,0.07842488418266047,-0.969012837538734,-0.969012837538734,-0.9722222222222222,-0.9716981132075472,-0.1440257084428863,-1.0224232887490166,13.897707231040563,-16.679083094555875,-0.43383810354396257,0.006203153269578765,-0.0008932559178204125,0.030081300813008305,-0.059701492537313376,-0.0546875,-0.07552392249901152,0.04573657152987054,-0.01070882202957668,0.03174603174603185,0.1295462417734672
76,2019-03-31,0.027349399853485282,0.03581267217630857,-0.07397059497091563,-0.2624914442162902,0.09779009043433963,0.015648972077324297,34.67142857142857,34.67142857142857,39.0,38.333333333333336,-0.9948805460750854,-9.68421052631579,-1.0525630401325914,-0.9910453216374268,-0.006861784063856624,0.08759311584895979,0.04336164506034868,0.07655880031570628,0.09325396825396837,0.15702479338842967,0.0748502994011977,0.06848618409899987,0.03247422680412382,0.04615384615384621,0.4044771542471632
77,2019-06-30,0.019051798219150484,-0.005952380952380931,0.025422890493619562,0.07811291569992274,0.0153154459753444,0.09456193353474318,-0.02963556267521028,-0.02963556267521028,-0.033333333333333326,-0.03389830508474578,226.46666666666667,0.7838383838383838,-6.211711711711713,-4.591836734693878,0.02481669486745619,0.06483230987246102,-0.07626392459297338,-0.0476539589442816,0.018148820326678642,-0.02589285714285705,-0.0005968961400716344,-0.0036490560050769227,-0.08686969545681478,0.044117647058823366,-0.07797489082969432
