,Quarter end,Assets,Current Assets,Liabilities,Current Liabilities,Shareholders equity,Revenue,Earnings,Earnings available for common stockholders,EPS basic,EPS diluted,Cash from operating activities,Cash from investing activities,Cash from financing activities,Cash change during period,Cash at end of period,Price,ROE,ROA,Book value of equity per share,P/B ratio,P/E ratio,Cumulative dividends per share,Equity to assets ratio,Net margin,Asset turnover,Current ratio
0,1993-12-31,-0.0025384793252168913,0.1178720754381284,-0.008529482341135708,0.0679851668726823,0.06799794529343782,0.1108479705282548,0.8926991150442478,0.9699519230769232,-0.01807228915662651,-0.04635761589403975,0.7825354823189801,0.10500807754442644,0.422073258319368,-4.746611053180397,-0.11663828752128436,0.052002080083203284,0.03512791141657124,-0.1556420233463035,0.06552419354838722,-0.1470588235294118,-0.056726094003241474,inf,0.07024265644955308,0.09207161125319696,0.0,0.046750629722921884
1,1994-03-31,-0.0025384793252168913,0.1178720754381284,-0.008529482341135708,0.0679851668726823,0.06799794529343782,0.1108479705282548,0.8926991150442478,0.9699519230769232,-0.01807228915662651,-0.04635761589403975,0.7825354823189801,0.10500807754442644,0.422073258319368,-4.746611053180397,-0.11663828752128436,0.052002080083203284,0.03512791141657124,-0.1556420233463035,0.06552419354838722,-0.1470588235294118,-0.056726094003241474,inf,0.07024265644955308,0.09207161125319696,0.0,0.046750629722921884
2,1994-06-30,0.05868983485609758,0.093148177622155,0.05421892189218913,0.053282076719576736,0.1075572656766668,0.1108479705282548,0.8926991150442478,0.9699519230769232,-0.01807228915662651,-0.04635761589403975,0.7825354823189801,0.10500807754442644,0.422073258319368,-4.746611053180397,0.4946991601266695,-0.08947108255066727,0.03512791141657124,-0.1556420233463035,0.0993377483443707,-0.1470588235294118,-0.056726094003241474,1.0769230769230769,0.04653937947494025,0.09207161125319696,0.0,0.03782847242275489
3,1994-09-30,0.02256294060805697,0.029774687875368636,0.016576488205492183,0.042776971076488264,0.08484420801215943,-0.09327253345967068,-0.3430742255990649,-0.3581452104942038,-0.361963190184049,-0.35416666666666663,-0.5655870445344129,-0.30311890838206623,-0.6304713804713804,-1.4511550236571111,-0.14931834929992627,0.016829533116178075,0.03512791141657124,-0.1556420233463035,0.006024096385542244,-0.07471264367816087,-0.056726094003241474,0.5185185185185184,0.06043329532497155,0.09207161125319696,0.0,-0.0125208681135226
4,1994-12-31,0.02111079560001672,-0.0504754162101021,0.014684295348861063,-0.04139851718038468,0.08376282211658738,0.0986545620795507,0.3959074733096086,0.42395437262357416,0.40384615384615374,0.3333333333333333,-0.427461944703324,0.4085314685314685,1.396355353075171,0.8599629858112277,-0.3264753654574987,-0.054991991457554734,0.03512791141657124,-0.1556420233463035,0.15141146278870846,-0.062111801242236024,-0.056726094003241474,0.41463414634146334,0.06129032258064515,0.09207161125319696,0.0,-0.009392317084624737
5,1995-03-31,0.057765073807635174,0.07921676655622978,0.054518323680416765,0.10097758234855324,0.08740015697862312,0.03388520643224435,-0.01210962396430848,-0.013351134846461998,-0.013698630136986356,0.032258064516129004,5.2653282691264245,0.22738556250620603,0.13707224334600765,-2.826865671641791,0.8855305466237942,-0.031638418079095953,0.03512791141657124,-0.1556420233463035,0.0846953937592867,-0.1589403973509934,-0.056726094003241474,0.2758620689655173,0.028368794326241176,0.09207161125319696,0.0,-0.01981606143927173
6,1995-06-30,0.033543799159573284,0.0075195750405299125,0.02923639991749538,-0.0060977784117248746,0.07167119565217384,0.04617198056521854,0.014193548387096744,0.01691474966170503,0.006944444444444421,0.015625,-0.7272884731965013,-0.15306204999595507,0.033940812573148404,-1.2000726216412492,-0.0939631650750341,0.056009334889148166,-0.09774990778310587,-0.1556420233463035,0.024657534246575352,-0.02362204724409456,-0.056726094003241474,0.2702702702702702,0.03743842364532024,-0.044496487119437884,-0.016393442622950838,0.013735732249951615
7,1995-09-30,-0.005137443287963728,-0.07042349960628569,-0.004413519257298382,-0.03038892078071187,-0.011291600633914434,-0.13660721646651466,-0.7729007633587787,-0.7990685296074518,-0.8068965517241379,-0.7923076923076923,0.11432200698634487,-0.5653835132295348,-1.1230595084087969,0.8711433756805809,-0.19405232448710708,0.0707182320441988,-0.18070318887980386,-0.1556420233463035,-0.026069518716577592,0.04838709677419351,0.10137457044673526,0.2127659574468084,-0.006647673314340019,-0.13970588235294126,-0.01666666666666672,-0.04131679389312992
8,1995-12-31,0.01972956206827181,0.0047510312315850465,0.02394427514148889,0.06479185938945431,-0.01634942897214986,0.09959259023489707,0.8487394957983194,0.8410596026490067,0.6785714285714284,-0.11111111111111116,-0.15474494157879734,0.7861538461538462,-7.66622864651774,-0.9398642095053348,-0.014479215319944004,-0.012899896800825594,-0.22055888223552889,-0.1981566820276498,-0.08236101578586141,0.007692307692307666,0.14664586583463324,0.19298245614035106,-0.03537284894837467,-0.20227920227920226,-0.016949152542372947,-0.056434756643774286
9,1996-03-31,0.01940538385337232,0.058392287672739185,0.02161509765196401,0.006046705587990031,-0.00028516723021143614,0.049613569919240375,-0.01060606060606062,0.17446043165467628,0.14893617021276606,1.2083333333333337,1.0276466621712743,0.03949796973052777,-0.5643603390498719,1.4193548387096775,-0.035545023696682436,0.033455305802404516,-0.2227912932138285,-0.2298850574712643,-0.0052356020942406776,0.1297709923664121,0.3673469387755104,0.1617647058823528,-0.018830525272547027,-0.225,-0.017241379310344862,0.05210970464135012
10,1996-06-30,0.050652408832115636,0.10694742675071,0.05039737944366873,0.15081174438687395,0.052974735126324335,0.04622045724056156,1.9142419601837672,1.9142419601837672,1.9629629629629628,1.943396226415094,0.06285334220152983,0.5126657196969697,2.4190045248868777,-4.376666666666667,0.12444717444717444,0.1067273646939808,0.12602965403624378,0.07462686567164177,0.04586466165413538,0.11486486486486493,0.46169154228855697,0.14556962025316444,0.0020202020202020328,0.12442396313364056,0.0,-0.03809905754962895
11,1996-09-30,-0.007925055456199148,-0.027657843689381182,-0.010126700919369848,0.0021611237843679465,0.012074303405572806,-0.10483169465165933,-0.6395165528113504,-0.6395165528113504,-0.64375,-0.641025641025641,-0.5586670838548184,-0.7045934736677362,-0.9200635256749604,-1.3919052319842051,-0.043373757238064026,-0.06718464351005482,0.09948792977322607,0.06944444444444442,0.009345794392523256,-0.10909090909090903,-0.16065350578624915,0.1325966850828728,0.020161290322580742,0.09016393442622928,-0.01754385964912264,-0.02981029810298108
12,1996-12-31,0.016889683212057305,0.035909646695411634,0.016165337488002862,-0.006529291961183681,0.02332517589476901,0.1434923439340401,0.7551020408163265,0.7551020408163265,0.7719298245614037,0.7678571428571426,0.4285714285714286,0.8026490066225165,1.0,2.7506297229219143,-0.17005481955230695,0.0019598236158744338,0.1457085828343314,0.12337662337662335,0.019943019943019943,-0.006802721088435382,-0.09813463098134634,0.12195121951219524,0.005928853754940677,0.13533834586466176,0.017857142857142568,0.04275891706059309
13,1997-03-31,-0.0034618267032378025,0.03199353916878911,-0.0059295652358061215,-0.020138679529695502,0.01830954338240787,-0.06775165452063969,0.2200996677740863,0.2200996677740863,0.20792079207920788,0.21212121212121213,0.16823821339950373,-0.05701689933872156,-0.6961920529801324,-0.013431833445265329,-0.20214669051878356,-0.3202933985330073,0.1533101045296168,0.16763005780346818,0.01745810055865915,-0.3356164383561644,-0.4604316546762589,0.10869565217391307,0.0216110019646365,0.1854304635761588,-0.01754385964912264,0.05316299196373375
14,1997-06-30,0.03610897971804538,0.04340235973994711,0.0323725527790204,0.05162759214817547,0.0682885659768091,0.11223136843268322,0.7222600408441116,0.7222600408441116,0.7295081967213115,0.7166666666666668,0.07795242141036529,0.8424497428705002,15.348773841961856,-0.5010211027910143,-0.1264229044498103,0.056834532374100626,0.08559919436052366,0.10396039603960404,0.06451612903225801,0.04123711340206193,-0.1083333333333334,0.10196078431372556,0.03173076923076934,0.1033519553072626,0.017857142857142568,-0.007826257092545473
15,1997-09-30,0.010342057947946959,0.057231869843650925,0.009257004659455337,0.05307197191339963,0.019372788788513784,-0.1035390537687818,-0.5553359683794467,-0.5553359683794467,-0.5592417061611374,-0.5631067961165048,0.8841379310344828,-0.39042544193521095,-1.042,-3.8362892223738063,0.4104639684106615,0.21307011572498305,0.04081632653061207,0.05829596412556048,0.014829142488717029,0.13861386138613851,0.08785046728971979,0.09608540925266906,0.008387698042870541,0.05822784810126569,0.0,0.003943995267205791
16,1997-12-31,0.01777385558468847,0.005375170532059936,0.015608515371341225,-0.07509584930821801,0.03561680762880348,0.1376329787234043,0.5964444444444446,0.5964444444444446,0.6021505376344085,0.6222222222222222,-0.13313114411211047,0.4748161509643402,-13.242063492063492,-0.62000962000962,0.11058230683090707,0.08810325476992142,0.056149732620320865,0.0805084745762712,0.025412960609911158,0.06956521739130439,0.017182130584192382,0.08766233766233777,0.01756007393715331,0.07655502392344493,0.0,0.08701630328029862
17,1998-03-31,-0.20014188615427608,0.017369120959643825,-0.18771717204253446,0.1110209966657656,-0.30054662588664016,-0.1090979933761933,8.825167037861915,8.825167037861915,8.718120805369129,8.746575342465754,-0.08360477741585237,-0.13792454605325055,-0.4162074554294976,-0.6278481012658228,0.03705570960423499,0.1805054151624548,2.511392405063292,2.458823529411765,-0.3011152416356878,0.15447154471544722,0.08108108108108114,0.08059701492537319,-0.12534059945504095,2.333333333333333,0.035087719298245716,-0.08429707264185028
18,1998-06-30,0.02254544477194753,0.0073892282657987965,0.017150703129259703,-0.0354178495146944,0.07317300088384426,0.01927071944019243,-0.8650685707809135,-0.8650685707809135,-0.8646408839779005,-0.865776528460998,-0.004476040021063721,-0.2152133580705009,-2.0494169905607995,-6.241496598639456,-0.18728731161886247,0.3944954128440368,0.05070896419130011,0.03628117913832196,0.07446808510638303,0.9929577464788736,-0.5796875,3.9613259668508287,0.049844236760124616,0.012666666666666826,0.016949152542372836,0.04440059200789337
19,1998-09-30,0.0010645241839744024,0.04647283126787416,-0.00197367459222908,0.000476497463351766,0.0280884265279584,-0.12467483708332215,-0.5795884082318354,-0.5795884082318354,-0.5816326530612246,-0.5811518324607329,-0.4862470245966676,-0.6586010290641079,-0.09100529100529098,-0.8020765736534717,-0.04561088679527437,0.01754385964912264,0.054437328453796896,0.04157549234135671,0.029702970297029733,-0.053003533568904526,0.026022304832713727,0.015033407572383028,0.02670623145400608,0.018433179723502224,0.03333333333333344,0.04600850259801592
20,1998-12-31,0.03952055453932801,-0.020496470052379867,0.04560635949920888,-0.0014288115649688793,-0.013028079939286565,0.1612438725490195,0.04195804195804187,0.04195804195804187,0.12195121951219524,0.03749999999999987,0.04427284427284417,4.493686354378818,-5.547729918509894,4.0688524590163935,-0.2422438107176433,-0.032943349753694506,0.044251626898047736,0.010504201680672232,-0.014423076923076872,-0.05970149253731349,-0.02898550724637672,0.015907844212835975,-0.051059730250481716,-0.012281835811247643,0.016129032258064502,-0.01914739884393057
21,1999-03-31,0.037744427371655835,-0.010746854736624513,0.035622221392012536,0.06076929551384569,0.0571575035242855,-0.0004748964461915861,0.8974113135186961,0.8974113135186961,0.7826086956521738,0.9277108433734942,0.4315997042149371,-0.3752502409727886,-0.5014719057980289,-1.7076326002587323,0.2262200165425972,0.06494746895893044,-0.7197756543415039,-0.7172557172557172,0.05772357723577226,0.07936507936507953,0.10447761194029836,0.01565874730021588,0.019289340101522837,-0.712696335078534,-0.015873015873015928,-0.06740331491712725
22,1999-06-30,0.060013549091115566,0.0940380748439662,0.05996915640049784,0.07947843106138741,0.06041136299349415,0.1160617658703973,0.1814047498736735,0.1814047498736735,0.17682926829268286,0.1812499999999999,0.5048209366391185,0.4793496320911466,-0.10885750962772787,-1.2842778793418648,-0.052445193929173684,-0.01016442451420041,-0.03891771682727952,-0.040441176470588085,0.06149116064565719,-0.06617647058823539,2.418918918918919,0.015948963317384383,0.0,-0.03872437357630976,0.0,0.013526856240126506
23,1999-09-30,0.02328696351007453,0.061751086074378174,0.02299808987377849,0.013720782084578829,0.025874552244493643,-0.10191097866704513,-0.523524379811805,-0.523524379811805,-0.5233160621761658,-0.5238095238095237,-0.5568649885583524,-0.6400320898515844,-0.9184673004897724,0.09646302250803852,-0.06068695497419474,-0.12956810631229232,-0.01426918627072882,-0.01915708812260541,0.027516292541636345,-0.17716535433070868,-0.1264822134387351,0.015175300889586518,0.0029880478087649376,-0.016587677725118488,0.0,0.04734534827082326
24,1999-12-31,0.03305658401585698,-0.008767788493963756,0.03419567594991446,0.0004108860637115352,0.022881765164741275,0.16972585784636451,0.6211849192100538,0.6211849192100538,0.6304347826086956,0.6333333333333333,1.9408727084947068,2.321595720971696,15.127208480565374,-3.7917888563049855,0.18037135278514585,-0.0142262317834837,0.073943661971831,0.07421875,0.023960535588442463,-0.04306220095693769,-0.032805429864253284,0.016494845360824684,-0.009930486593843102,0.07228915662650581,0.0,-0.009208445725979009
25,2000-03-31,-0.004362322565697353,-0.026218502642262557,-0.00839190645457033,-0.035394167814259185,0.032029632857609736,-0.03431041469674456,0.15116279069767447,0.15116279069767447,0.15333333333333332,0.15646258503401356,-0.22036874451273047,-0.3747987117552335,-0.5953111305872042,0.4464285714285714,-0.07576243980738362,-0.0767335445265751,-0.02003642987249543,-0.01090909090909098,0.0330350997935307,-0.09499999999999996,-0.1777777777777778,0.016227180527383478,0.036108324974924784,-0.015730337078651683,0.0,0.009575666541494554
26,2000-06-30,0.03474605852580148,0.0593222312798416,0.054062164189696116,0.08317888092972002,-0.13286885534325632,0.0378840863524037,-1.2775372775372775,-1.2775372775372775,-1.2774566473988438,-1.276470588235294,0.15382882882882876,0.456643056449882,2.4363833243096917,1.1103848946986203,0.5046891281695034,0.03964925657643925,-0.3884758364312267,-0.4117647058823529,-0.13257828114590275,0.005524861878453136,0.022759601706970226,0.07035928143712566,-0.16166505324298164,-0.40639269406392703,0.0,-0.022038311326018082
27,2000-09-30,-0.008064516129032251,-0.09823666505430716,0.015676875550614255,-0.014960575300020816,-0.25849125512315874,-0.10006963319032323,-2.538994800693241,-2.538994800693241,-2.125,-2.127659574468085,-0.2724965840327933,-0.7809622043763353,-2.1520403340160703,-2.0330350997935307,-0.3464912280701754,-0.019068573524019028,0.03221884498480243,-0.0625,-0.23118279569892475,0.12637362637362615,0.6230876216968011,0.22051282051282065,-0.2528868360277137,-0.061538461538461424,-0.016129032258064502,-0.08452980888085959
28,2000-12-31,0.00756682076624693,-0.0775588823328619,0.006814084208293547,0.01706572769953052,0.0184425108082964,0.06297424121405748,0.21283783783783794,0.21283783783783794,3.018518518518518,3.018867924528301,-0.03622216259726319,2.460141271442987,-1.3951039387308533,-0.7298467688207861,-0.14323560579300598,-0.0900934579439252,-0.09187279151943463,-0.17999999999999994,0.012987012987013102,0.18536585365853675,-0.07283633247643527,0.06837280366692132,0.010819165378670892,-0.16393442622950816,-0.016393442622950838,-0.09306190278354798
29,2001-03-31,0.0005836418548559318,0.014854756429572012,0.010183927677936522,0.008747432317030901,-0.13653949489521766,-0.005306783760302468,-0.01671309192200554,-0.01671309192200554,-0.7327188940092166,-0.7370892018779343,-0.07516703786191536,-0.2994070185671236,-0.5610938040844583,-1.654747225647349,0.10946196660482377,0.13229252259654878,-0.18223086900129715,-0.3008130081300813,-0.13412228796844194,0.11934156378600826,-0.2606284658040665,0.010725777618877386,-0.13608562691131498,-0.2941176470588236,0.0,0.006069628950984951
30,2001-06-30,0.017425251329119096,-0.0496679255111343,0.027074535040481518,0.01915068869262804,-0.143817287945734,-0.0011095111069143737,-1.7101038715769594,-1.7101038715769594,-1.7241379310344829,-1.732142857142857,0.2937989163154726,0.7761898154571945,3.2965299684542586,1.2674199623352167,0.2237086584912671,-0.003628447024673353,0.08009516256938931,-0.06976744186046513,-0.10022779043280172,0.15073529411764694,0.17500000000000004,0.010611956137247969,-0.15929203539823011,-0.05555555555555558,-0.01666666666666672,-0.06750142287990879
31,2001-09-30,-0.04150981191244218,-0.10126616969962733,-0.042155568770214764,-0.057988909592977526,-0.028565198430004383,-0.13735406721179755,-0.07978723404255318,-0.07978723404255318,-0.0714285714285714,-0.07317073170731703,-0.12819916240111684,-1.6515897195531597,-3.18208516886931,2.3654485049833887,0.6152444579410872,-0.2603787327021122,-0.6710719530102789,-0.7,-0.0658227848101266,-0.17891373801916932,-0.2308510638297873,0.010500525026251315,0.01473684210526316,-0.6911764705882353,-0.016949152542372947,-0.04602050781250011
32,2001-12-31,-0.003545600968554385,0.010002134601896806,0.01739462905338396,0.06163012392755007,-0.41743359521137297,0.12966412799298666,6.323699421965317,6.323699421965317,6.23076923076923,6.421052631578947,-0.9959967974379504,-1.6596331375134876,-1.1847240915208614,-1.8440276406712732,-0.3214890016920474,-0.16543574593796162,-10.551339285714286,-9.041666666666668,-0.41598915989159896,-0.10505836575875482,0.2337482710926693,0.005195704883962593,-0.4149377593360996,0.0,0.0,-0.04862444017914258
33,2002-03-31,-0.003236386384757539,0.17321336916155916,-0.0019645999918141976,-0.003704036277106804,-0.04713588492165421,-0.03341821268340006,-0.8421468034727704,-0.8421468034727704,-0.8404255319148937,-0.8404255319148937,189.2333333333333,-2.1892039258451472,-2.5478142076502728,-3.573684210526316,1.2194513715710724,-0.08023598820058997,0.6148632858144425,0.3523316062176165,-0.051044083526682105,0.5739130434782611,0.0,0.0034458993797381603,-0.046099290780141855,0.0,-0.017241379310344862,0.17767316745124415
34,2002-06-30,0.05312209774785237,0.12033558083277572,0.04499140659660217,0.049638358757125856,0.3470818169564631,0.06209699676342927,-1.7125,-1.7125,-1.6888888888888889,-1.6444444444444444,0.2560014017872787,-2.114014977838912,-0.06766696087084434,-1.3314019541013409,-0.1820848938826467,0.06157793457344464,-0.10086830680173664,-0.1800766283524905,0.3398533007334965,0.1187845303867403,0.0,0.003434065934065922,0.278810408921933,0.0,0.0,0.06726815897670169
35,2002-09-30,-0.015828944059581573,-0.016355032847888973,-0.01630770218732269,-0.026232182723682,-0.002401440864518656,-0.06500992157233297,-1.5719298245614035,-1.5719298245614035,-1.5806451612903225,-1.6206896551724137,-0.2445591517857143,-1.0078200027438606,-0.25181445250867784,-2.0181693520740485,0.22666564908799505,-0.2302114803625378,0.02961532271044587,-0.07009345794392519,-0.009124087591241059,-0.4271604938271605,0.0,0.0034223134839150853,0.01453488372093026,0.0,0.017543859649122858,0.01016586409844833
36,2002-12-31,0.033343133960573416,-0.04805940871514647,0.02987023349267015,-0.0015431418367797267,-0.4393179538615848,0.05232440626579082,0.3006134969325154,0.3006134969325154,0.2777777777777779,0.2777777777777779,-0.936657433056325,-52.42105263157895,-0.4120624209194432,-2.2801346801346805,-0.2378522988863311,-0.26138147566718994,-0.8141316241988432,-0.8291457286432161,-0.432780847145488,-0.2543103448275862,0.0,0.0034106412005456828,-0.4584527220630372,0.0,-0.017241379310344862,-0.0466101694915253
37,2003-03-31,-9.823116163432122e-05,0.09334216465508782,-0.004123791211500083,0.06155612470193405,0.2042933810375671,-0.01483757892967752,-3.1132075471698117,-3.1132075471698117,-3.130434782608696,-2.9565217391304346,21.755102040816325,-1.8161037188672808,1.3981348637015778,-2.8377169910573383,0.5703673469387756,-0.07651434643995758,-1.746005046257359,-1.7352941176470589,0.24350649350649345,0.630057803468208,0.0,0.003399048266485405,0.20634920634920628,0.04761904761904767,-0.01754385964912264,0.030000000000000027
38,2003-06-30,0.05622762057365849,0.09591868787722402,0.0539161430172812,0.06487104825291179,0.20083184789067146,-0.008846538152218919,-0.5345982142857143,-0.5345982142857143,-0.5306122448979591,-0.5111111111111111,-0.2290839205637412,-3.270484949832776,-0.2758001794795094,-1.222269929869758,-0.08072984353069601,0.09436133486766396,-0.16459977452085686,-0.24,0.19843342036553516,-0.12056737588652475,2.2309417040358746,0.003387533875338855,0.13596491228070162,-0.20454545454545456,-0.017857142857142905,0.029126213592233
39,2003-09-30,-0.0046922457671966225,-0.010441405290312013,0.011780376998906215,-0.0071876403836012015,0.013112320633349885,-0.09299237767396118,-1.0599520383693046,-1.0599520383693046,-1.0434782608695652,-1.0454545454545454,-0.04919395047365793,-1.4903332719572822,-1.7269723254853366,-7.5698647778493235,0.5769622257407827,0.20715036803364886,0.631578947368421,0.5263157894736841,0.013071895424836777,0.008064516129032251,0.5319222761970852,0.0033760972316001503,0.019305019305019263,0.5428571428571429,-0.036363636363636376,-0.003249475890985343
40,2003-12-31,-0.018477224098373383,0.0,-0.030724691509505964,0.0,0.42258852258852253,0.2363099110821947,30.72,30.72,43.0,43.0,-0.8860339101555672,-3.233946676680436,-1.6409090909090909,-1.596687248848378,-0.21934951769641764,0.20818815331010446,-0.5277088502894954,-0.4482758620689654,0.3677419354838709,0.19199999999999995,-0.26930917327293324,0.003364737550471064,0.4507575757575757,-0.4444444444444444,0.018867924528301886,0.0
41,2004-03-31,-0.014823010302238425,0.028282368519054968,-0.01993608955673254,0.14026873364679027,0.10565616685263056,-0.02004166209845415,-3.4615384615384617,-3.4615384615384617,-3.4318181818181817,-3.136363636363636,9.794478527607364,-0.5542107917297024,5.997340425531916,-0.41195795006570296,-0.1644464859898943,0.08435472242249452,1.6619964973730297,2.1875,0.15094339622641506,-0.20805369127516785,1.1190328580285185,0.0033534540576793948,0.12010443864229757,2.0666666666666664,0.0185185185185186,-0.09822273635503198
42,2004-06-30,-0.02154765911643264,-0.040864368926178514,-0.02509975319157853,-0.02922654888632015,0.05270920664493084,-0.04226801816920634,-0.4031762295081968,-0.4031762295081968,-0.4018691588785047,-0.3936170212765958,-0.15018471156578572,1.907993966817496,-0.9063727353351072,-0.2899441340782123,-0.13974711379879054,-0.01994680851063824,0.30723684210526314,0.4901960784313724,0.05327868852459017,-0.14830508474576276,-0.6963136337039204,0.00334224598930466,0.07692307692307687,0.4673913043478262,0.0181818181818183,-0.012011661807580287
43,2004-09-30,-0.016807838889967397,-0.042710299979022426,-0.01959057103059081,-0.006735742086836027,0.037460364279920284,-0.08892107845427788,-0.7716738197424893,-0.7716738197424893,-0.765625,-0.736842105263158,-0.17338237752884136,-1.258039419087137,6.173207036535858,-1.6970889063729349,0.11298568507157468,-0.0033921302578019397,-0.0005032712632108137,0.14473684210526305,-0.0025940337224383825,-0.04975124378109441,-0.3323699421965318,0.0033311125916055677,0.054112554112554216,0.11111111111111116,0.03571428571428559,-0.03623701605287999
44,2004-12-31,0.01377313130893243,0.0,0.007070957939487865,0.0,0.14045063615040165,0.15814442506923787,-0.6090225563909775,-0.6090225563909775,-0.6666666666666666,-1.0,0.3250404530744337,-4.254773869346733,-1.7674023769100171,1.6258465011286682,0.3499655489205329,-0.0605854322668481,0.2416918429003021,0.3678160919540232,0.1391417425227568,-0.06282722513089001,-0.18398268398268391,0.0033200531208499307,0.12525667351129366,0.3533333333333333,0.0,0.0
45,2005-03-31,-0.04122957485631496,0.009335144848139576,-0.042287438527265575,0.018447609504723683,-0.023371766905578076,-0.0005978345105506211,10.653846153846152,10.653846153846152,12.2,inf,-0.18928407876660047,-1.6953836652771344,-3.419616519174041,-1.0354609929078014,-0.00706052486070352,-0.06956521739130439,-0.2489862124898622,-0.2016806722689076,-0.028538812785388168,-0.17877094972067042,-0.3165340406719717,0.0033090668431503545,0.018248175182481674,-0.21182266009852213,0.034482758620689724,-0.008940600122473996
46,2005-06-30,-0.013379046858739474,-0.023643074250977003,-0.008509042988275928,0.001036560726646707,-0.0936183790682833,-0.013027295285359841,-0.21947194719471952,-0.21947194719471952,-0.2272727272727273,-0.21666666666666667,0.6993033327057052,-1.2928507992895204,-0.9462562226963324,-42.13939393939393,0.29076890126365385,-0.19158878504672894,-0.08963282937365014,-0.06315789473684208,-0.099882491186839,-0.17006802721088432,0.01681759379042691,0.0032981530343008107,-0.08064516129032262,-0.09375,0.01666666666666661,-0.02459218981710332
47,2005-09-30,-0.030845199650331945,-0.031486958261991105,-0.03275088322352715,-0.06297167327740527,-0.015208054636344446,-0.08287689683038524,-1.3002114164904863,-1.3002114164904863,-1.2941176470588236,-1.319148936170213,-0.3609972299168975,-0.8332069749810462,12.139886578449905,-1.1847377725397759,-0.06414893970066038,-0.0009633911368016613,-0.2164887307236062,-0.2022471910112359,0.0221932114882506,0.10655737704918034,0.08142493638676851,0.003287310979618541,0.015594541910331385,-0.2206896551724139,0.03278688524590168,0.0335740529583175
48,2005-12-31,0.0043385079856128606,0.06727126621513024,0.006495557749259584,-0.03440719235811951,-0.03896475298491453,0.13461915018601922,0.528169014084507,0.528169014084507,0.6000000000000001,0.6000000000000001,-0.9413906710594764,-13.681818181818182,-0.4997842037116962,-0.6259968102073366,0.007446808510638281,-0.15236258437801353,-0.2392127176381529,-0.2535211267605634,-0.0715197956577267,-0.1703703703703704,0.12352941176470587,0.00327653997378774,-0.042226487523992384,-0.2831858407079646,0.03174603174603185,0.10529541554302524
49,2006-03-31,-0.0014250776555988498,0.0344412175970743,0.0030600835638203705,0.06265396776133292,-0.08659425680702283,-0.11983346276641638,2.2788018433179724,2.2788018433179724,2.166666666666667,2.166666666666667,-1.0887573964497042,-2.3648745519713263,-0.01006614897900493,14.417910447761194,-0.2545230552622316,-0.06939704209328779,-1.8825870646766172,-1.8301886792452833,-0.10041265474552953,0.008928571428571175,0.2596858638743453,0.0032658393207054552,-0.08617234468937872,0.0,-0.015384615384615441,-0.026505489630697432
50,2006-06-30,0.029545665706587343,0.030195899014266118,0.021566441771780687,0.019057006735666127,0.20394201009936475,0.026788559103943618,-0.7772312016865777,-0.7772312016865777,-0.7763157894736842,-0.7763157894736842,-325.76666666666665,0.09506302521008414,-1.3024404416037187,-1.9412252800442535,0.3213560602483592,-0.13080684596577008,1.0338218714768883,1.0681818181818183,0.2018348623853212,-0.035398230088495415,0.0,0.003255208333333481,0.17105263157894735,0.0,-0.015625,0.010822510822510843
51,2006-09-30,-0.034509520801371714,-0.07224756752392103,-0.014939373403933587,-0.04474537410213697,-0.3801244757137059,-0.11419296319282002,15.555205047318614,15.555205047318614,15.411764705882351,15.411764705882351,-0.2544390844709021,1.7187050359712228,0.5389048991354466,-1.3635027916544225,-0.08840450241200648,0.09282700421940926,2.3137472283813745,2.010989010989011,-0.3829516539440204,-0.09174311926605516,0.0,0.0016223231667749085,-0.3576779026217229,0.0,-0.031746031746031744,-0.02873887073143244
52,2006-12-31,0.04145963023199295,0.2473073826671599,0.09162141888241536,0.054491927469106916,-1.3781512605042017,0.08644570196712477,0.07183689024390237,0.07183689024390237,0.07168458781362007,0.07168458781362007,-2.0140418502202646,-0.5105407074181882,9.032459425717851,-2.3674211802748584,0.13260946258476736,0.032175032175032266,0.0,0.6861313868613137,-1.379381443298969,0.6666666666666665,0.0,0.0,0.0,0.0,-0.03278688524590168,0.18287305639359494
53,2007-03-31,-0.022774758215642232,0.022503270824247638,-0.02162287260556861,-0.00972703832133015,0.07070707070707072,0.06699241033781432,-0.9498666666666666,-0.9498666666666666,-0.9498327759197324,-0.9498327759197324,-1.1335867499321206,-1.44656694899982,-1.3351791936286708,-1.5959207803724504,-0.0697722710597356,0.02244389027431426,0.0,-0.09307359307359307,0.07065217391304346,0.0,0.0,0.0,0.0,0.0,0.0,0.03256817735923079
54,2007-06-30,0.025744829359685584,0.06774716369529976,0.01865444871846189,0.042217353828472914,-0.4754716981132076,0.028429298681977636,-3.6595744680851054,-3.6595744680851054,-3.666666666666667,-3.066666666666667,3.328252032520325,-1.261501210653753,-1.2519027287915352,-3.5446428571428568,0.19086241535828566,0.05853658536585371,0.0,-0.09546539379474928,-0.5279187817258884,0.0,0.0,0.0,0.0,0.0,0.016949152542372836,0.02441573247197426
55,2007-09-30,-0.010941271694518306,-0.003930591506087655,-0.022532001014600955,-0.002705077620220875,-1.5976361767728675,-0.07151575426065726,-1.5066666666666668,-1.5066666666666668,-1.475,-1.6129032258064515,0.8818971589575018,8.108024691358025,-5.920412675018422,-1.8910331384015595,-0.14280804798800295,-0.012672811059907807,0.0,-0.4722955145118734,-1.5913978494623655,0.0,0.0,0.0,-0.8775510204081632,0.0,0.01666666666666661,-0.0012056014096263337
56,2007-12-31,0.011228875700220577,-0.12988450433108756,-0.005083952837291572,-0.1324073114266957,3.8392089423903695,0.07395686255416534,6.397368421052631,6.397368421052631,5.842105263157895,5.842105263157895,-0.5206487835308796,-0.5914944086750253,-1.8184813539014528,-2.716473419383067,0.2859642089149688,-0.07234539089848313,0.0,-0.51,3.6363636363636362,7.757575757575758,0.0,0.0,3.809523809523809,0.0,0.016393442622950838,0.0029712163416899533
57,2008-03-31,0.013066489056949626,0.011909370794388252,0.007791635288283194,0.04514317575371374,0.2635039090262972,-0.013668510291050873,-1.0355745286374956,-1.0355745286374956,-1.0384615384615383,-1.0384615384615383,-0.7251431546069755,-0.22314392368311908,-1.188655077767612,-1.1952587305633444,-0.04342034407505035,-0.2515723270440251,0.0,-0.1428571428571429,0.2431372549019608,-0.8387543252595155,0.0,0.0,0.24257425742574254,0.0,0.0,-0.031845954452879084
58,2008-06-30,-0.06226649181903976,0.0196760735302155,-0.032132129942843764,0.04412689339811382,-1.2366755730558292,-0.04598625698067249,-87.67,-87.67,-78.6,-78.6,0.06060606060606055,0.14628937533368935,1.7264791464597478,1.4053524804177546,-0.10918195016443956,0.11428571428571432,0.0,4.071428571428572,-1.2334384858044165,-0.10300429184549363,0.0,0.0,0.0,0.0,0.0,-0.023427041499330614
59,2008-09-30,-0.08756978028398366,-0.1956082831567475,-0.08633968687975713,-0.13592817649312972,0.18181818181818188,-0.2280545384467142,-0.985115957078574,-0.985115957078574,-0.9845360824742267,-0.9845360824742267,-0.024107142857142886,-0.9958081043316256,1.0103166133048735,0.4035278154681139,-0.1720215525843145,-0.20814479638009054,0.0,0.00938967136150226,0.12162162162162148,0.0,0.0,0.0,0.0,0.0,-0.03225806451612912,-0.0690296680701068
60,2008-12-31,-0.0980604383120236,-0.2420426023411297,-0.03360319213836993,0.03856225713802997,7.703368526897937,-0.08856295833983463,45.32558139534883,45.32558139534883,40.16666666666667,40.16666666666667,-4.154620311070449,-99.44444444444444,-1.068837373916121,-0.44992266047950497,-0.11428456656222385,-0.3828571428571428,0.0,0.3534883720930233,7.698795180722891,0.0,0.0,0.0,0.0,0.0,-0.033333333333333326,-0.2701935212452672
61,2009-03-31,-0.06959253966509105,0.0,-0.0632688403200764,0.0,0.015365952284674522,-0.1516417297223268,-0.7612115127175368,-0.7612115127175368,-0.757085020242915,-0.757085020242915,-2.206786542923434,-0.2042889390519187,-13.467866323907455,-0.6639718804920913,-0.04335797541838637,-0.3055555555555556,0.0,0.19931271477663226,-0.1523545706371191,0.0,0.0,0.0,0.0,0.0,-0.05172413793103437,0.0
62,2009-06-30,-0.014492896314747927,0.0,-0.045548720237146616,0.0,-0.3888035500938727,0.09730406005327308,-2.5844428871758938,-2.5844428871758938,-2.25,-2.15,0.3501562124489306,6.087943262411348,0.7197938144329896,-4.052301255230125,0.1383397335608969,0.9866666666666666,0.0,-0.6504297994269341,-0.4558823529411765,0.0,0.0,0.0,0.0,0.0,-0.054545454545454564,0.0
63,2009-09-30,0.014566162145961403,0.0,0.0036639822907522657,0.0,-0.19249744019361448,0.13619478465555934,-0.5590446704997789,-0.5590446704997789,-0.5866666666666667,-0.5797101449275363,0.04147383410466365,-1.5815489293576146,-0.8345522119649922,-0.3875942426319397,0.07442422223147728,0.5771812080536913,0.0,-0.17622950819672134,-0.2132132132132132,0.0,0.0,0.0,0.0,0.0,0.03846153846153855,0.0
64,2009-12-31,-0.040648725296150816,0.18860625952408872,-0.0428328326425067,-0.24687868559111806,-0.09855907780979822,0.14751391946134929,-0.11133400200601806,-0.11133400200601806,-0.16129032258064513,0.0,-0.9295846863783968,-2.2639366827253955,5.0782608695652165,-3.438164521544488,-0.16888906116753233,0.20425531914893624,0.0,-1.6766169154228856,-0.0725190839694656,0.0,0.0,0.0,0.0,1.8395061728395063,0.09259259259259256,0.5781812941346016
65,2010-03-31,-0.014790864767770029,0.01183431952662728,-0.01966578104437211,0.07940707940707936,-0.2998721227621484,-0.1095376456317526,1.3532731376975171,1.3532731376975171,1.3846153846153846,0.7241379310344829,5.5121359223300965,-0.6822760686087667,-0.9866475917978064,-1.7945834289648839,0.1359544797350869,0.4475853945818609,0.0,1.3161764705882355,-0.3374485596707819,0.0,0.5245220282626768,0.0,0.0,1.1652173913043478,0.06779661016949158,-0.06255136517213045
66,2010-06-30,-0.06364602433738953,-0.10791910331384014,-0.07149768242952304,-0.08582220221121617,-0.3472146118721461,0.11091047329405046,0.2465227817745803,0.2465227817745803,0.22580645161290325,0.22,0.40663436451733137,0.4370179948586119,97.75892857142857,-2.742923165800116,-0.2477418295286582,-0.01057770545158654,0.0,0.08253968253968247,-0.3540372670807453,0.0,-0.6254089422028353,0.0,0.0,-0.008032128514056214,0.09523809523809512,-0.024157412819014182
67,2010-09-30,-0.014865090403337944,0.08164212941465676,-0.024403816881352625,0.029523627110296324,-0.5039171796306658,-0.14754612598739558,-0.3509041939207388,-0.3509041939207388,-0.35526315789473684,-0.29508196721311475,0.0018547959724430907,-2.3261776982707216,-0.7832926498508272,-0.9453099105071264,-0.018011134155659914,-0.04358552631578938,0.0,0.1436950146627567,-0.5096153846153846,0.0,0.0014556040756914526,0.0,0.0,0.11336032388663965,0.028985507246376937,0.050608903972848784
68,2010-12-31,-0.06997481335908473,-0.13212121212121208,-0.07543424040085445,-0.08265561048211345,-0.6204173716864072,0.08480246211487641,-0.8873740367516301,-0.8873740367516301,-0.8979591836734694,-0.9767441860465116,-0.6723089129859825,-3.8273381294964035,3.526908635794744,8.657575757575758,-0.17713428190306799,0.2699914015477214,0.0,-0.056410256410256425,-0.6470588235294118,0.0,0.17296511627906974,0.0,0.0,-0.07454545454545458,0.014084507042253502,-0.053966745843230364
69,2011-03-31,0.016419025181101166,0.07687383612662946,-0.002437563887763172,0.06440491366322876,-4.604754829123328,0.021154557789564654,12.426315789473687,12.426315789473687,12.6,60.0,1.0153349475383373,0.09637404580152677,-0.6975393972905723,-3.0436146846564167,0.4399189463019251,0.10765064319566696,0.0,0.10869565217391307,-4.5555555555555545,0.0,0.30731102850061953,0.0,-0.4223107569721115,0.05697445972495085,0.05555555555555558,0.011750527267249122
70,2011-06-30,0.004151955600958157,0.028803026209132776,-0.013278682560663555,-0.003211845722529194,1.188375927452597,0.07286948118620518,-0.05997647981183851,-0.05997647981183851,-0.07352941176470595,-0.03278688524590168,0.4933920704845816,-1.590513489991297,0.13436928702010964,-1.5891294334408106,-0.17998874190824654,-0.1191931540342298,0.0,-0.01225490196078427,1.1875,9.775119617224881,-0.17725118483412328,0.0,1.179310344827586,-0.03159851301115246,0.013157894736842035,0.032062735755409966
71,2011-09-30,-0.031805147365039366,-0.04832440382393111,-0.03700471929997051,-0.061139783184511624,0.12676586927858358,-0.06980606299434232,-0.31234361968306923,-0.31234361968306923,-0.31746031746031744,-0.30508474576271183,0.017162778224725228,-0.5499877180054039,-0.4066612946548481,-0.7518894970028669,-0.054459127052228114,-0.1832061068702291,0.0,0.017369727047146455,0.12142857142857146,-0.6265541740674956,-0.17281105990783407,0.0,0.16455696202531622,-0.028790786948176605,0.051948051948051965,0.01365778589977884
72,2011-12-31,0.09590758264716737,0.05273760900761682,0.04187883660681235,-0.045285323715897885,1.5122032764961553,0.04626743728628924,7.256519102486356,7.256519102486356,7.325581395348838,7.219512195121952,-1.0619562351700502,1.2008733624454146,-3.2512449071978264,-1.6502100840336134,0.03744933147800844,-0.07816482582837725,0.0,1.9146341463414636,1.5222929936305731,-0.17835909631391197,-0.06685236768802227,0.0016196954972464985,1.2907608695652173,1.9308300395256917,0.0,0.10266628712401538
73,2012-03-31,0.020897346760266444,0.06383201824520922,0.013155557733177448,0.0627570449352628,0.10500399254724524,-0.06163234613604818,-0.8974660301138451,-0.8974660301138451,-0.8966480446927374,-0.8961424332344213,-9.829787234042556,0.11879960317460325,-0.9255982304443996,-4.075928917609047,-0.11103335665966874,0.1078341013824884,0.0,-0.07698744769874477,0.0984848484848484,-0.5600578871201158,-0.6402985074626866,0.0016170763260023868,0.08185053380782925,-0.05192178017532023,-0.03703703703703709,0.0010326133723432829
74,2012-06-30,-0.00460799121241251,0.022768715193928424,-0.00766510503249207,0.006220438583918631,0.02589425508852217,0.023609184774233242,-0.2550143266475645,-0.2550143266475645,-0.2702702702702702,-0.2571428571428571,0.8814457831325302,-0.32653513633340725,-2.937837837837838,-0.9248949579831932,-0.009380739963264271,-0.0673876871880199,0.0,-0.08884859474161366,0.027586206896551783,-0.15131578947368418,-0.012448132780083054,0.0016144656118823875,0.030701754385964893,-0.05547652916073964,-0.02564102564102566,0.01641880856184974
75,2012-09-30,0.019002847116466937,0.038837758396376376,0.00997216079728558,0.027234915389436454,0.10595210143226108,-0.031284815272048405,0.5682692307692307,0.5682692307692307,0.5925925925925926,0.5769230769230769,-0.12218237704918035,0.6701777485187623,-0.9511854951185496,9.923076923076923,-0.10343685848619301,-0.1311329170383586,0.0,-0.030845771144278663,0.10514541387024634,-0.15503875968992242,-0.0672268907563024,0.001611863313990991,0.0851063829787233,0.005271084337349352,-0.039473684210526334,0.011332882273342504
76,2012-12-31,0.0318063677712801,0.0013219537084281365,0.05290300010856841,-0.023018470242387238,-0.1536011888965554,0.13216461519333578,-0.020232985898221974,-0.020232985898221974,-0.046511627906976834,-0.02439024390243893,-1.1053399474759265,-0.6714623571147025,-117.77142857142857,-2.357234314980794,0.15658468129108494,0.1694045174537988,-1.5538641686182668,-0.6848049281314168,-0.15384615384615394,0.05963302752293576,0.16666666666666652,0.0016092693916962553,-0.17941176470588238,-0.6838951310861423,0.0,0.024920555276802148
77,2013-03-31,0.012888734951772118,0.04006948465547189,0.004622919829289972,0.00025547859657093497,0.10334232143976928,-0.016857017351197046,0.008135168961201478,0.008135168961201478,0.0,0.0,-1.5844875346260388,1.3101379724055189,-0.5187178859799364,-1.8674528301886792,-0.11744044958171017,0.15891132572431954,0.023255813953488413,0.022801302931595883,0.07177033492822993,0.3679653679653681,2.5907335907335907,0.003213367609254503,0.08960573476702516,0.011848341232227444,0.0,0.03981723237597912
78,2013-06-30,0.016579451841873368,0.032312660060126897,0.009214697899322609,0.050032636149502034,0.09002557544757027,0.06380899190170353,-0.23463687150837986,-0.23463687150837986,-0.24390243902439024,-0.2500000000000001,27.80568720379147,0.8727603219942872,-0.6400610066090493,-0.7509516041326808,-0.03314037626628075,0.06969696969696959,0.0020661157024794985,0.01273885350318493,0.0870535714285714,-0.0031645569620254443,0.033333333333333215,0.003203074951953821,0.07127192982456121,-0.0023419203747073736,0.027397260273972712,-0.016870684243565637
79,2013-09-30,0.024774476326385075,0.013072741392699871,0.020187809343006347,0.02991891891891885,0.06715678606809528,-0.05562409765061027,0.031630170316301776,0.031630170316301776,0.032258064516129004,0.03333333333333344,-0.36821322803553796,-0.4097337770382695,1.3545197740112993,-4.034934497816594,0.1040263433617723,0.17988668555240794,-0.08011782032400594,-0.07861635220125797,0.06570841889117053,0.08571428571428563,0.14776274713839754,0.0031928480204341803,0.041965199590583424,-0.0821596244131455,0.0,-0.016362040067044448
80,2013-12-31,0.004749566073675382,-0.09592862314211492,-0.027420096255559082,-0.028971055186711062,0.2890506669272488,0.029464087169224,1.3891509433962264,1.3891509433962264,1.4375,1.4193548387096775,-0.91796875,0.036175710594315236,1.2741451709658067,-1.2043165467625898,-0.019251626898047717,-0.006002400960384291,0.09574127441562584,0.2320819112627988,0.2909441233140655,-0.06725146198830413,0.06436990027198553,0.003182686187141792,0.2829076620825146,0.24552429667519185,-0.013333333333333308,-0.06897111327491068
81,2014-03-31,0.025026481739974127,0.033987328355748136,0.026564546438129888,0.07502094424776362,0.014782246143349775,-0.031320876984555546,-0.6745640013162224,-0.6745640013162224,-0.6794871794871795,-0.6799999999999999,6.047619047619048,0.2836091589208796,-0.4756001055130572,4.22887323943662,-0.10264030964888028,-0.058574879227053074,-0.17708942139099934,-0.1024930747922438,0.01044776119402968,-0.2695924764890282,-0.2453151618398638,0.004124365482233383,-0.009954058192955584,-0.08829568788501019,-0.013513513513513488,-0.03817326128638665
82,2014-06-30,0.0186544460648439,0.047767653758542084,0.021428373318541197,0.07403403806028308,0.00011205318791329688,0.042786263797524704,0.3255813953488371,0.3255813953488371,0.3200000000000001,0.3333333333333335,1.1396396396396398,0.06375838926174504,-1.0935613682092555,-0.0505050505050505,-0.10860355849957637,0.05131494547787052,-0.06463068181818178,-0.006172839506172756,0.019202363367799125,0.03862660944205998,0.1557562076749437,0.0037914691943128354,-0.01856148491879339,0.018018018018017837,-0.0273972602739726,-0.02446538600942361
83,2014-09-30,-0.010002607314702929,-0.0721351392482118,-0.007972281658321423,-0.02539556221327588,-0.023902001792650118,-0.06658469434123647,-0.3630816170861938,-0.3630816170861938,-0.33333333333333337,-0.34375,0.13031578947368416,-0.3509878797941225,-4.28494623655914,-2.2390070921985816,0.15095480860623867,-0.005491153142159866,-0.11617312072892948,-0.07453416149068326,-0.01594202898550734,-0.02479338842975209,-0.017578125,0.004091910607491256,-0.013396375098502777,-0.05973451327433621,-0.014084507042253502,-0.04792866431357989
84,2014-12-31,-0.0014748485646562948,-0.05241453642306526,0.005611211474243261,-0.0367684142270468,-0.05092592592592593,0.02720504009163793,-0.9377245508982036,-0.9377245508982036,-0.9545454545454546,-0.8571428571428572,-0.5962004097597318,0.4146840624200563,0.6530278232405893,-2.4670864338866627,-0.19241741741741747,-0.09815950920245407,-0.4759450171821306,-0.4865771812080537,-0.06480117820324016,-0.08474576271186429,-0.03876739562624265,0.004075235109717967,-0.04952076677316297,-0.48,-0.014285714285714348,-0.016292682926829172
85,2015-03-31,0.018448450320581955,0.0071707630680974965,0.0201693023762215,0.009923207340181595,0.0057246522878451325,-0.05492054641761923,16.76923076923077,16.76923076923077,22.0,6.666666666666668,0.11300738007380072,-0.10307414104882462,3.538613861386138,-1.6285602809207957,0.14976294505903145,0.05578231292517,-0.003278688524590123,-0.02614379084967311,-0.011023622047244051,0.12962962962962954,1.0062047569803516,0.0046831095847641455,-0.012605042016806787,-0.004524886877828149,-0.014492753623188246,-0.002677774471883332
86,2015-06-30,0.017285543428103182,0.052636747520377065,0.012219850586979721,0.0315755690514985,0.0555978674790556,0.09920353982300888,1.04004329004329,1.04004329004329,1.043478260869565,1.043478260869565,1.1591380024865314,-0.19556451612903225,-1.1839005235602094,-0.6716325263811298,0.0427716688227684,-0.00322164948453596,0.1891447368421053,0.1744966442953022,0.0573248407643312,0.008196721311475308,0.009278350515463885,0.0046612802983219135,0.037446808510638314,0.18181818181818188,-0.014705882352941237,0.020385839299920328
87,2015-09-30,0.015672660788261794,0.03484466834592781,0.011898360482893056,-0.018499461529256852,0.04294827979038507,0.02364275554839912,0.012732095490716187,0.012732095490716187,0.021276595744680767,0.021276595744680767,0.2389635316698657,0.9333333333333332,-5.02846975088968,2.3818525519848768,0.13871442971233616,-0.16806722689075634,0.2745504840940525,0.27428571428571424,0.04216867469879526,-0.21138211382113825,-0.3008171603677221,0.004639653572533264,0.027071369975389725,0.2653846153846153,0.0149253731343284,0.05438066465256797
88,2015-12-31,0.025037483309104047,-0.0404778003155285,0.022511422423898253,-0.03330732468545794,0.04285454214454765,0.05523804530201337,0.3907805133577789,0.3907805133577789,0.4166666666666667,0.3750000000000002,-0.6759101471727342,0.23126782473424945,1.1157243816254416,-1.2314141978759083,-0.028190113032820374,0.135975135975136,0.4899620184481826,0.5156950672645739,0.04190751445086716,0.08762886597938135,-0.11760409057706354,0.00461822660098532,0.01677316293929709,0.4984802431610942,0.014705882352941124,-0.007394398742952223
89,2016-03-31,0.05496498832944319,0.025931319584723056,0.05759471742719136,0.08810472683246727,0.03362195377417776,-0.06293011353755185,-0.0764595103578154,-0.0764595103578154,-0.08823529411764708,-0.0757575757575758,0.9560229445506692,-0.26563487049905243,-0.3965205288796103,-4.9734299516908225,0.11526065022421528,-0.1443228454172366,0.15731973780043695,0.1745562130177516,0.03328710124826628,-0.17535545023696675,-0.4370860927152318,0.012258657676984308,-0.01963864886095834,0.17647058823529416,-0.014492753623188246,-0.05717478349939487
90,2016-06-30,0.010072148612656262,1.535990658912954,0.004128687876977732,1.072556155682793,0.051883127850025364,0.04684765894267984,-0.19657422512234912,-0.19657422512234912,-0.19354838709677413,-0.19672131147540986,0.8919843597262953,-0.2639426523297491,-1.2977398523985242,-0.30334346504559273,0.07199849217817422,0.04796163069544357,-0.03209565764631861,-0.017632241813602012,0.05234899328859055,0.011494252873563315,-0.13088235294117645,0.004541326067211582,0.04086538461538458,-0.0034482758620690834,0.0,0.223604938271605
91,2016-09-30,-0.01967222690443016,-0.06547076295286502,-0.02428164986638137,-0.0024606299212598377,0.011014418290999028,-0.08970495124730915,-0.5142131979695431,-0.5142131979695431,-0.52,-0.5102040816326531,-0.3335055541203823,0.158745617452279,1.2285050348567004,-4.2486910994764395,-0.2181914083103792,-0.010678871090770259,-0.1355656697009101,-0.12051282051282065,0.010204081632652963,-0.0625,-0.020304568527918843,0.00452079566003616,0.031562740569669234,-0.09342560553633206,-0.0441176470588236,-0.06320122689482588
92,2016-12-31,0.012716895851687228,0.04778051490122204,0.02606113056134696,0.012255011885006885,-0.07349764959979678,0.07542497843808249,-1.806687565308255,-1.806687565308255,-1.8333333333333333,-1.8333333333333333,-0.4577519379844961,0.2260884182215499,-3.5338894681960373,-1.6889605157131349,0.1922788605697152,-0.0647648419429453,-0.429108687476495,-0.4344023323615159,-0.0732323232323232,-0.07272727272727264,0.04835924006908465,0.004500450045004546,-0.08507462686567169,-0.4217557251908397,-0.015384615384615441,0.035154230570394684
93,2017-03-31,0.02581623947787559,0.043951282027641314,0.02246631011942424,0.01133128786787907,0.04967432293452178,0.012728307549024764,-3.064766839378238,-3.055699481865285,-3.0,-3.0,0.5496783416726232,-0.5010967918837401,-0.8463648834019204,-0.25224171539961016,0.12059100911663,0.01731244847485569,-0.1943346508563899,-0.19072164948453615,0.04768392370572205,0.09803921568627437,0.7825370675453047,0.005973715651135025,0.02283849918433933,-0.19471947194719466,0.0,0.03221241884468107
94,2017-06-30,0.013826640556506842,0.002746670434874865,0.008221001518588622,0.03280250591430822,0.053071622195368866,0.01806059367496049,0.28607277289836897,0.2867044738500315,0.2749999999999999,0.2749999999999999,0.2949723247232472,0.4352844187963727,-2.9267857142857143,-1.8342022940563083,-0.08977164338214673,-0.09400324149108596,0.009811937857726829,0.01273885350318493,0.05591677503250958,-0.13690476190476186,0.11090573012938988,0.004453681710213653,0.039074960127591714,0.016393442622950616,0.0,-0.029110555600354807
95,2017-09-30,0.015371622304207744,-0.007107689868679491,0.013030542513132735,0.0005620420152918637,0.030827440764173094,-0.085363711640278,-0.23365853658536584,-0.2340842311459353,-0.2352941176470588,-0.2352941176470588,-0.10988423864648267,-0.2954240857744591,-0.9411492122335496,-1.85375,0.08420144239659733,0.00805008944543828,0.14331983805668005,0.1383647798742138,0.030788177339901468,-0.04137931034482767,-0.01331114808652245,0.004433934377771065,0.01534919416730629,0.157258064516129,-0.015625,-0.007641196013288942
96,2017-12-31,0.026007569456328428,0.028119788524997302,0.022389669271681845,0.0026284551466848605,0.049702148143691005,0.13374118679871616,0.5359643539147041,0.5402813299232736,0.5641025641025641,0.5384615384615383,-0.3703481392557023,0.861413043478261,-36.89763779527559,-0.3389458272327965,0.05133890499744154,0.0949423247559893,0.6437677053824364,0.6850828729281766,0.04898446833930703,0.05755395683453246,-0.05396290050590213,0.0044143613890526,0.0226757369614512,0.6898954703832754,0.0,0.025443588885168955
97,2018-03-31,0.03654657729783395,0.06351917999689394,0.03547703687744619,0.05579281183932338,0.04327887646890227,0.015317233702753619,-0.27683381682552843,-0.2793690327936903,-0.2786885245901639,-0.2833333333333333,0.11661900222434075,-0.044671532846715316,-0.4704979162096951,-1.5548172757475085,-0.019197490806835416,-0.04294975688816849,-0.02326583369237389,-0.003278688524590123,0.03986332574031914,-0.08163265306122436,-0.4456327985739751,0.008203926164664255,0.006651884700665135,0.002061855670103085,-0.015873015873015928,0.007264120143649855
98,2018-06-30,-0.03424390974067282,-0.06684027777777779,-0.03981430107154005,-0.05023128216424033,0.001126373626373578,-0.07242784623084443,-0.3873925501432665,-0.3859447004608295,-0.3863636363636364,-0.372093023255814,0.414911781445646,-0.6213325183374083,-2.328086164043082,1.2275449101796403,-0.06153167558030548,-0.0321761219305674,-0.15218350242611378,-0.13486842105263153,0.0010952902519167915,-0.07407407407407418,-0.048231511254019255,0.0043591979075852105,0.03671071953010285,-0.12139917695473244,-0.016129032258064502,-0.017421602787456525
99,2018-09-30,0.0034369321021858745,-0.0015822647250597346,0.0033271485388988165,-0.0011701331421763994,0.0040888010757114115,-0.032219938335046217,-0.07109448082319925,-0.07035647279549717,-0.07407407407407418,-0.07407407407407418,0.0416331456154464,0.4418886198547216,-1.0449157829070492,-2.553763440860215,0.1018741554550262,-0.10936132983377078,-0.10561914672216444,-0.09125475285171104,0.006564551422319376,-0.11199999999999988,0.016891891891891886,0.004340277777777679,0.0007082152974504652,-0.09133489461358313,0.0,-0.0004123371268348608
100,2018-12-31,-0.0093680251461582,-0.0016892627326001721,-0.007982074079406766,0.008643799472295433,-0.0179830554796393,0.10956831094355657,-1.1127895266868078,-1.117053481331988,-1.12,-1.12,-0.7379803050782004,0.02602854743912686,2.6527777777777777,-2.065743944636678,-0.09853372434017592,-0.15225933202357556,-0.4112856311809191,-0.4058577405857741,-0.019565217391304342,-0.15315315315315325,-0.07475083056478392,0.004321521175453702,-0.00849256900212314,-0.4097938144329897,0.016393442622950838,-0.010312680471908251
101,2019-03-31,0.026276604038356632,0.057096006070702636,0.028293585638215824,0.03838064644393047,0.012968941333630246,-0.03471873280214388,-11.5625,-10.879310344827584,-10.666666666666666,-10.666666666666666,1.6116433308769342,-0.6361156573922531,2.5608365019011408,-3.2251082251082255,0.24321287040870646,-0.04171494785631536,-0.1610671936758893,-0.147887323943662,0.011086474501108556,-0.021276595744680767,0.6140035906642729,0.004302925989672968,-0.013561741613133615,-0.15283842794759828,-0.016129032258064502,0.01808936312104037
102,2019-06-30,-0.004166650840736752,-0.0234663146169396,-0.0029288259995059467,-0.009099428640527265,-0.008269685147535566,-0.03690942442119871,-0.8748943364327979,-0.8708551483420593,-0.8620689655172413,-0.8620689655172413,0.8236455981941309,0.8665667166416791,-2.4313934863854776,-0.6870136186770428,0.061230315428897564,0.17049576783555032,-0.2956419316843345,-0.2975206611570247,-0.007675438596491112,0.15217391304347827,0.38042269187986655,0.00428449014567267,-0.00361794500723589,-0.2938144329896907,0.0,-0.014492753623188468
