,Quarter end,Assets,Current Assets,Liabilities,Current Liabilities,Shareholders equity,Revenue,Earnings,Earnings available for common stockholders,EPS basic,EPS diluted,Cash from operating activities,Cash from investing activities,Cash from financing activities,Cash change during period,Cash at end of period,Price,ROE,ROA,Book value of equity per share,P/B ratio,P/E ratio,Cumulative dividends per share,Equity to assets ratio,Net margin,Asset turnover,Current ratio
0,1994-12-31,0.0945290054404304,0.10970464135021096,0.1702954898911353,0.1702954898911353,0.07868556815326166,0.08580767649879628,0.10453648915187386,0.10453648915187386,0.125,0.1212121212121211,-2.964208242950108,-0.2305239179954441,-4.425559947299078,-0.5570866141732284,-0.6485796361315034,0.08396946564885477,-0.0320024382810119,-0.04505536464299365,0.09090909090909084,0.0782339271882262,0.07889426957223566,inf,-0.014508523757707503,-0.004870129870129913,-0.026666666666666727,-0.05176923808617895
1,1995-03-31,0.0945290054404304,0.10970464135021096,0.1702954898911353,0.1702954898911353,0.07868556815326166,0.08580767649879628,0.10453648915187386,0.10453648915187386,0.125,0.1212121212121211,-2.964208242950108,-0.2305239179954441,-4.425559947299078,-0.5570866141732284,-0.6485796361315034,0.08396946564885477,-0.0320024382810119,-0.04505536464299365,0.09090909090909084,0.0782339271882262,0.07889426957223566,inf,-0.014508523757707503,-0.004870129870129913,-0.026666666666666727,-0.05176923808617895
2,1995-06-30,0.07355322975191836,0.09211821913865448,-0.010872848082150388,-0.010872848082150388,0.09270679164611084,0.08580767649879628,0.10453648915187386,0.10453648915187386,0.125,0.1212121212121211,-2.964208242950108,-0.2305239179954441,-4.425559947299078,-0.5570866141732284,-0.8174386920980926,0.17605633802816897,-0.0320024382810119,-0.04505536464299365,0.08333333333333348,0.0782339271882262,0.07889426957223566,inf,0.01778922831554408,-0.004870129870129913,-0.026666666666666727,0.10412539184952996
3,1995-09-30,0.05361453304478103,0.03777013343690183,-0.13850381679389312,-0.13850381679389312,0.09306846257070124,0.045389815232086635,0.09910714285714284,0.09910714285714284,0.05555555555555558,0.1212121212121211,-5.7012700165654335,1.0959147424511544,-2.0,-3.6377777777777784,11.81094527363184,0.22155688622754502,-0.0320024382810119,-0.04505536464299365,0.0769230769230771,0.12715517241379315,0.07889426957223566,inf,0.03748794599807148,-0.004870129870129913,-0.026666666666666727,0.2046017216707927
4,1995-12-31,0.07954377129314172,0.08393814240079123,0.0630892464733821,0.0630892464733821,0.08220702632001653,5.173038125283469e-05,-0.02233956133225024,-0.02233956133225024,0.0,0.1212121212121211,-0.14023960535588442,-0.06440677966101692,-1.0,0.6882898062342038,1.556504854368932,0.17156862745098045,-0.0320024382810119,-0.04505536464299365,0.1428571428571428,0.08795411089866167,0.07889426957223566,inf,0.002439874520739016,-0.004870129870129913,-0.026666666666666727,0.01960969171301974
5,1996-03-31,0.10793999268203436,0.10724194483149807,0.34153497366139884,0.34153497366139884,0.07079927483222548,0.08733360921442856,0.029358814568619218,0.029358814568619218,0.05263157894736836,0.1212121212121211,-0.10259562841530057,0.26992753623188404,-inf,-0.5998003992015968,0.24365790672945464,-0.06694560669456072,-0.0320024382810119,-0.04505536464299365,0.0625,-0.1833626244874048,0.07889426957223566,inf,-0.03349559573481686,-0.004870129870129913,-0.026666666666666727,-0.17464632454923712
6,1996-06-30,0.10562252311756937,0.02503508029489732,0.22282419603360012,0.22282419603360012,0.08227641310482081,0.12351532642996466,0.13614960312121616,0.13614960312121616,0.09999999999999988,0.1212121212121211,-1.0881412695996346,1.9291488349976225,-8.328063241106719,-5.574189526184538,-0.8961768657627946,0.13901345291479816,-0.020151133501259518,-0.04505536464299365,0.0588235294117645,0.07173601147776187,0.07889426957223566,inf,-0.021105648159251644,-0.004893964110929905,-0.0182648401826484,-0.16174856041764685
7,1996-09-30,0.0764974274342296,0.07759501097325128,0.06251524266319808,0.06251524266319808,0.0796443175892636,0.07568101623147494,0.029248075784487963,0.029248075784487963,0.04545454545454541,0.1212121212121211,-4.561312607944732,-0.5774350649350649,-0.4239482200647249,-1.0081777293171597,0.07058823529411762,0.04724409448818912,-0.03309768637532129,-0.04505536464299365,0.05555555555555558,-0.010709504685408322,-0.005049560501215522,inf,0.002940095553105371,-0.02786885245901638,-0.018604651162790756,0.014193306960333496
8,1996-12-31,0.05124967916923917,0.043061380867881915,-0.02149961744452944,-0.04215761285386377,0.06736317649152235,0.017792473626200508,-0.08317993557294068,-0.08317993557294068,-0.08695652173913049,0.1212121212121211,1.1464597478176528,-0.08451786400307337,-1.0449438202247192,-9.066666666666666,-0.5318681318681319,0.08270676691729317,-0.047856430707876485,-0.0551779288284685,0.10526315789473673,0.025710419485791558,0.031203007518797014,inf,0.01526810797605971,-0.04637436762225966,-0.009478672985781977,0.08897556861608202
9,1997-03-31,0.14193803820647322,0.1401285583103764,0.5290484009695833,0.5404585030753255,0.06333404780617148,0.12282126650165015,0.09988706236667078,0.09988706236667078,0.09523809523809534,0.1212121212121211,0.16538635336647078,0.8755770037767521,-26.034722222222218,-0.6363636363636364,-0.4131455399061033,-0.11458333333333336,-0.02931937172774857,-0.048666948793906095,0.04761904761904767,-0.1992084432717678,-0.13525337222019684,inf,-0.06881616939364776,-0.0389036251105217,-0.009569377990430672,-0.2598804424114813
10,1997-06-30,0.04410736471064114,0.05547171730873579,-0.07289695729992329,-0.07391755250194454,0.07827093209899583,0.12787186405648998,0.1955504848830576,0.1955504848830576,0.21739130434782614,0.1212121212121211,-0.31834044203179523,-0.6777044412126636,-1.1667128987517337,-1.193181818181818,0.1359999999999999,0.027450980392156987,-0.01150665228335146,-0.016459074733096157,0.09090909090909084,-0.018945634266886332,-0.007166947723440066,inf,0.03268733850129202,-0.02575896964121449,0.009661835748792312,0.139727281645466
11,1997-09-30,0.08047573718232526,0.09425278123619417,0.08850216497972907,0.08984014110137473,0.0784606969514432,0.07450728886717163,0.08159175493844839,0.08159175493844839,0.0714285714285714,0.1212121212121211,1.0463594994311718,0.8149947934744881,2.239600665557404,-0.4411764705882353,0.06690140845070425,0.3053435114503815,0.0014550745725718794,-0.004522840343735846,0.08333333333333348,0.19647355163727956,0.22292993630573246,inf,-0.0018766420618041566,-0.012275731822473991,0.004784688995215447,0.0040454467206059155
12,1997-12-31,0.0507506569208469,0.0582988937744533,-0.005143407317320325,-0.03370324702013972,0.06491355345689875,0.014808007503481768,-0.09511205223222163,-0.09511205223222163,-0.09999999999999988,0.1212121212121211,-1.1684503127171646,-0.12602792120864414,-4.012326656394453,3.3684210526315788,0.27392739273927397,-0.1578947368421053,-0.011260443152924071,-0.01590186278964112,0.03846153846153855,-0.22245614035087724,-0.21562500000000007,inf,0.013537227375282068,-0.01912045889101344,0.004761904761904745,0.09521360194313487
13,1998-03-31,0.07575912682743735,0.09316020558919624,0.09940150261046732,0.10375903870693316,0.07016253496672142,0.08955878783352311,0.20768330733229326,0.20768330733229326,0.2222222222222221,0.1212121212121211,-9.349009900990099,-0.04004376367614882,-1.971867007672634,-0.6144578313253012,0.08290155440414515,-0.10069444444444442,0.015062454077883869,0.024007386888273308,0.07407407407407396,-0.1344765342960289,-0.15073041168658707,inf,-0.005194162750432829,0.013645224171539905,0.009478672985782087,-0.009601586349048952
14,1998-06-30,0.08172087838388964,0.07178208398370578,0.09669199406968132,0.10053228642308333,0.07808010816292033,0.08328549272965624,0.13160019376715648,0.13160019376715648,0.1212121212121211,0.1212121212121211,-0.8384227690483249,1.1732391155687258,-2.452982456140351,10.96875,0.916267942583732,0.16216216216216206,0.006152732537097583,0.006762849413886496,0.10344827586206916,0.08237747653806049,0.06359134740682837,inf,-0.003356539035305861,0.012500000000000178,-0.0046948356807510186,-0.026133459785558144
15,1998-09-30,0.020346693924059082,0.02220051505194931,-0.1891766296311943,-0.1960037642527301,0.07217954747348078,0.03893155734139064,0.001212899543378887,0.001212899543378887,0.0,0.0,6.3143730886850165,-0.5590518145584225,-1.834460275295822,1.2036553524804177,1.0536828963795255,-0.2192691029900331,-0.014388489208633115,0.0,0.0625,-0.2928709055876687,-0.274442538593482,inf,0.05076711987027571,0.0,0.0,0.2714042253902129
16,1998-12-31,0.031469521983503716,0.003486520140155713,-0.12499348720887825,-0.1613904238233933,0.06074089958719786,-0.02079954929234329,-0.10795980902159197,-0.10795980902159197,-0.108108108108108,-0.108108108108108,0.6391838782506898,1.4938154138915318,0.2556793517580669,-0.4774881516587678,0.2680851063829788,-0.11063829787234047,-0.02372262773722633,-0.0058217644424540796,0.0588235294117645,-0.16212534059945494,-0.15704154002026338,inf,0.028371320037986706,0.0,-0.004716981132075526,0.19661702127659586
17,1999-03-31,0.09391244815590237,0.12297783190105438,0.2854590925330476,0.3112178654894833,0.06435220495667271,0.0934324389466401,0.2314267454864993,0.2314267454864993,0.2424242424242422,0.2424242424242422,0.031933887670254624,-0.4972338801983976,-0.35803180456326344,20.285714285714285,4.5,0.1818181818181821,-0.010467289719626294,0.0004504504504503348,0.05555555555555558,0.11544715447154474,0.13100961538461542,0.0,-0.02701142791180877,0.008547008547008517,-0.009478672985781977,-0.14356074749737746
18,1999-06-30,0.052236307799787614,0.08296543749196973,-0.06605521586066332,-0.07060104960887215,0.07428383955243212,0.0942659669781134,0.10684398313331167,0.10684398313331167,0.09756097560975617,0.09756097560975617,-0.6922240348015225,-0.7820147979510529,-0.9998204990127446,-0.4592521572387345,0.4424300531683083,0.12145748987854232,-0.012466943709860123,0.004052228725799134,0.07894736842105265,0.06268221574344013,0.06092809068366978,0.0,0.02099893225768179,0.002824858757062065,0.0,0.16523761081238186
19,1999-09-30,0.05407283943786645,0.05585189684792002,-0.036925900208312656,-0.03966013211165565,0.06881780920999757,0.035531642526203555,0.0016410737310983414,0.0016410737310983414,0.0,0.0,1.3053324767105687,4.7789382071366395,-1.0,0.5195035460992907,0.4660704574294519,0.20216606498194944,-0.014537107880642774,-0.005829596412555982,0.07317073170731714,0.11385459533607678,0.1402337228714523,0.0,0.013943760167325124,0.0009389671361501596,-0.004784688995215225,0.09945479813277268
20,1999-12-31,0.04527247138484558,0.02210466229487573,-0.05598043002446251,-0.06639855775897929,0.060055792410126825,-0.02545824208234237,-0.07033352837916906,-0.07033352837916906,-0.06666666666666676,-0.06666666666666676,0.0576882881627534,0.7460843373493975,-inf,-0.534941008686633,0.1478443656747177,-0.21021021021021025,-0.01164596273291929,-0.005412719891745632,0.04545454545454541,-0.2635467980295565,-0.24860907759882864,0.0,0.014095805638322243,0.007504690431519689,-0.014423076923077094,0.09478511700265768
21,2000-03-31,0.10783658327605528,0.12949143598425716,0.4753007282943729,0.458245447253498,0.0600581642786211,0.13500148098543474,0.2617069486404835,0.2617069486404835,0.2619047619047621,0.2619047619047621,0.5321125090573744,-0.3238744178023115,-inf,2.452746027320881,0.4447197385902546,0.01520912547528508,0.005106048703849231,0.0045351473922903285,0.06521739130434767,-0.030100334448160626,-0.03780202650038966,0.0,-0.04305571250988816,0.012104283054003906,-0.004878048780487697,-0.22543925870006065
22,2000-06-30,0.052614879029973416,0.05732873405696659,-0.04167437044706579,-0.04591940675549033,0.06967687541402645,0.06989924433249373,0.04634341015663978,0.04634341015663978,0.03773584905660377,0.03773584905660377,-1.2047379509007266,-0.12004082153335882,-1.0,-1.94146144529673,-0.2898046428393896,0.3895131086142323,-0.008597108245408491,-0.008577878103837477,0.08163265306122458,0.3051724137931036,0.29971648440664245,0.0,0.016178554558337273,0.0018399264029438367,-0.009803921568627416,0.1082232881686318
23,2000-09-30,0.045533330462492534,0.043494110325984936,-0.0875327982713382,-0.09687820293816196,0.06710559239334413,0.022975889367884642,-0.008247914183551863,-0.008247914183551863,0.0,0.0,-1.5997480050398991,0.08901130762539866,-inf,-0.6006861063464837,-0.1629453349198572,0.010781671159029615,-0.013401655498620269,-0.011384335154826952,0.05660377358490565,-0.0647291941875826,-0.04113430975381749,0.0,0.02068564787913996,0.0009182736455464193,-0.014851485148514863,0.15542334885325082
24,2000-12-31,0.036023373748294674,0.03541068989974905,-0.08645734221376468,-0.13514599834495802,0.05300212500915946,-0.025715055825670463,-0.09109700990289392,-0.09109700990289392,-0.09090909090909094,-0.09090909090909094,4.917366946778712,0.07973908413205533,-inf,-2.8876718213058417,0.3674638347687933,-0.10133333333333328,-0.0219736316420297,-0.01842468908337158,0.05357142857142838,-0.1497175141242939,-0.14527136821579456,0.0,0.016281452806558017,-0.006422018348623881,-0.01005025125628145,0.1972150500723846
25,2001-03-31,0.07571111950385623,0.0612219859316212,0.3193769383881868,0.3772383061319336,0.04640676060101656,0.06945589776602601,0.09689532977204207,0.09689532977204207,0.10000000000000007,0.10000000000000007,0.541715976331361,-0.18579706571322896,-inf,0.8245534190465353,0.09291588956492493,0.04154302670623133,-0.04697712418300648,-0.042233693101830116,0.05084745762711873,-0.011627906976744096,0.002661596958174917,0.0,-0.027223840466054198,-0.0240073868882732,-0.020304568527918843,-0.2294650759814003
26,2001-06-30,0.027105685611003905,0.027069122766452125,-0.13770721866502933,-0.15582198578744688,0.052097464953581696,0.019356668125920296,-0.08298375042191042,-0.08298375042191042,-0.09090909090909094,-0.09090909090909094,-0.3590481673383228,-0.13522107813446393,-1.0,-0.31472935894237963,0.3068035584401052,0.08547008547008561,-0.07415345049292765,-0.06663400293973543,0.04838709677419351,0.03361344537815136,0.07508532423208192,0.0,0.024415524588276002,-0.04446546830652787,-0.020725388601036343,0.2166639702313542
27,2001-09-30,0.07491623001326819,0.09269988774830606,0.3487132539924729,0.4030521068472537,0.04088846187881612,0.010590170174762159,-0.1060574192869913,-0.1060574192869913,-0.09999999999999998,-0.09999999999999998,0.7385628742514969,2.4043074767991595,-inf,-0.1351351351351351,0.20345514096718254,-0.028871391076115468,-0.09166666666666656,-0.09606299212598436,0.04615384615384621,-0.0747967479674797,-0.005643738977072266,0.0,-0.031703204047217486,-0.06435643564356441,-0.03703703703703698,-0.22120422329193368
28,2001-12-31,-0.00573032932133566,-0.023530320719730824,-0.2404368287679498,-0.3202332869664315,0.032065622669649414,-0.008663444032895984,-0.21451679312981586,-0.21451679312981586,-0.22222222222222232,-0.22222222222222232,-0.31328786939450304,0.4860096697870589,-inf,-1.942024410774411,-0.15925787573154027,0.032432432432432316,-0.11111111111111116,-0.1103368176538908,0.02941176470588225,-0.012302284710017595,0.08407236608726487,1.0,0.037965865552072486,-0.09312169312169316,-0.016483516483516536,0.4364744651424863
29,2002-03-31,0.061818770989218175,0.07255869019256189,0.3066566049725952,0.3807105347501294,0.032801585358965164,0.045298441663459636,0.3258199790324996,0.3258199790324996,0.34285714285714297,0.34285714285714297,0.05687631658140235,-0.4203385137239971,-inf,-1.058862950966157,0.01115013540961418,0.1544502617801049,-0.07912844036697253,-0.07963446475195833,0.02857142857142869,0.12099644128113884,0.2480366492146597,0.0,-0.027293064876957485,-0.059509918319719864,-0.022346368715083772,-0.22317841435873054
30,2002-06-30,0.04232664781430895,0.03854907500252725,-0.020046202012219183,-0.023552309697694732,0.05167891528513646,0.08808753763130173,0.2330415136966959,0.2330415136966959,-0.3829787234042553,-0.3829787234042553,-0.5968583902809415,-0.4218068907864096,-1.0,-3.0834914611005693,-0.022975037140884225,0.12698412698412698,0.00249066002490661,-0.0007092198581559739,0.05555555555555558,0.09523809523809534,0.1780283167278447,0.0,0.008969641214351398,0.0074441687344912735,-0.011428571428571456,0.063592129020412
31,2002-09-30,0.025974272883863003,0.0047223172239614355,-0.06788256641697299,-0.08004169409699369,0.03908750322316434,0.01971013003032329,-0.1243186294718519,-0.1243186294718519,-0.13793103448275856,-0.13793103448275856,-1.151854031783402,1.0488484973665186,-inf,18.31511839708561,-0.4542008438095646,-0.10261569416498996,-0.008695652173913104,-0.0007097232079488203,0.039473684210526334,-0.14927536231884064,-0.1415535277097707,0.0,0.01276498746295873,-0.00492610837438423,0.005780346820809301,0.09214501510574014
32,2002-12-31,0.03588291540348832,0.03817965200769824,-0.016056038068616663,-0.06446418987417257,0.04239253287511824,-0.07896306376687412,-0.1165454830778888,-0.1165454830778888,-0.07999999999999996,-0.07999999999999996,7.1069767441860465,-0.9628005443822774,-inf,-0.4724160694077707,-0.4390425740631744,-0.07399103139013452,0.006892230576441172,0.0078125,0.03797468354430378,-0.10902896081771718,-0.098262898625875,0.0,0.0063020481656539395,0.032178217821782214,-0.02298850574712641,0.109714812619377
33,2003-03-31,0.051398191081344136,0.05642317761535076,0.20227607081860755,0.25416454190039106,0.0335486555531328,0.07550413615096274,0.12742021434069506,0.12742021434069506,0.08695652173913038,0.08695652173913038,-1.8571428571428568,-0.8997289972899729,-inf,-1.4026275806595765,0.31512311135982096,0.004842615012106588,-0.0224019912881146,-0.02043692741367153,0.03658536585365857,-0.032504780114722916,-0.05031627372052905,0.0,-0.016998434354730474,-0.0047961630695443356,-0.0117647058823529,-0.15767295000237413
34,2003-06-30,0.04082757681968219,0.04306720432032885,-0.010295503452931842,-0.01240131467488903,0.04786302287274924,0.05626200480828358,0.1515676697652435,0.1515676697652435,0.15999999999999992,0.15999999999999992,1.9071842927264613,110.12162162162164,-1.0,3.0042175360710326,0.9594702409446304,-0.021686746987952032,-0.03819223424570328,-0.03597122302158273,0.04705882352941182,-0.055335968379446536,-0.03602785346654558,0.5,0.0068259385665530034,-0.01566265060240979,-0.02380952380952384,0.05617169994785876
35,2003-09-30,0.039294728444950085,0.05134402695378304,0.00959256469651959,0.011579236285037986,0.04315540786413696,0.037003436205401696,0.06088384183882889,0.06088384183882889,0.06896551724137945,0.06896551724137945,0.03066001534919427,0.04365803234829135,-inf,0.013747990465103443,0.4963897937024973,0.1798029556650247,0.0119126406353407,0.011194029850746244,0.04494382022471921,0.12552301255230125,0.17996231155778886,0.0,0.003728813559322086,0.031823745410036734,-0.018292682926829174,0.03930777749609726
36,2003-12-31,0.02480283874458533,-0.011172843806604438,0.052940514062104205,0.033441299665926134,0.021263183244441645,-0.025885495296713468,-0.14495744132060873,-0.14495744132060873,-0.16129032258064513,-0.16129032258064513,0.07003239137719207,1.6630156140759729,-inf,-1.2940340132334445,-0.09753841130480524,0.15657620041753662,0.0006540222367559245,-0.0014760147601476925,0.021505376344086,0.10780669144981414,0.09236092627096082,0.6666666666666667,-0.0034898120004502875,0.0023724792408066357,-0.006211180124223614,-0.04317461132579314
37,2004-03-31,0.05937290401400985,0.07151758271759334,0.2996804940978304,0.3678475902922498,0.028205083746575488,0.12940157286314347,0.4151332327802917,0.4151332327802917,0.4230769230769229,0.4230769230769229,-0.013604732080723771,-0.4046118841340685,0.0,-1.6207922633438718,0.06709547738693478,0.10830324909747292,0.07124183006535945,0.06430155210643007,0.03157894736842115,0.08389261744966436,0.07821637426900585,0.0,-0.029484862178038918,0.057988165680473276,0.006250000000000089,-0.2166375955990876
38,2004-06-30,0.05440384105518903,0.046488547892964416,0.04235753960090527,0.04940137719235116,0.05637876112760898,0.09126126823501267,0.23750310867943306,0.23750310867943306,0.2432432432432432,0.2432432432432432,-0.7357931496701824,0.3084441831410303,-1.0,-4.111743559017375,-0.19565626883664852,0.07328990228013033,0.09701037217815743,0.08958333333333357,0.05102040816326525,0.04024767801857587,-0.03141242937853106,0.4000000000000001,0.0019788150389943304,0.07494407158836712,0.012422360248447006,-0.002774732803507929
39,2004-09-30,0.02387403851174397,0.021034588379435396,-0.012127730959758387,-0.014049567881476044,0.029697975863610226,0.05008979728705798,-0.002612540192926005,-0.002612540192926005,0.0,0.0,-0.6148197596795728,-0.9586048079083352,-inf,0.6047944546067199,-0.3903655652092457,0.11987860394537185,0.0717463848720803,0.06500956022944537,0.029126213592233,0.06696428571428581,-0.016098926738217445,0.0,0.0056923791821561496,0.044745057232050016,0.024539877300613574,0.03558792209130579
40,2004-12-31,0.03365885932150836,0.034708480684285226,-0.14228490944870087,-0.17466114763412066,0.06096483340671344,-0.0221476427637114,-0.04237068593304738,-0.04237068593304738,-0.0434782608695653,-0.0652173913043479,5.48630849220104,14.453188602442332,-1.0000527175918603,-1.448197252384666,0.2869929317762754,-0.023035230352303482,0.06694343539180059,0.0688210652304011,0.06603773584905648,-0.051603905160390484,-0.1176191605406688,0.1428571428571428,0.026337068268453168,0.053784860557768883,0.011976047904191713,0.2536736657047136
41,2005-03-31,0.04957194826507272,0.09484152501737708,0.3040936353578292,0.3668151103493811,0.017638145503376057,0.11098236854913424,0.11307824100513986,0.11307824100513986,0.11363636363636355,0.13953488372093026,1.5166996205846202,-1.7855825796821494,-23523.0,3.349083121402757,0.9698235978867564,0.03051317614424409,0.025778210116731426,0.02631578947368407,0.017699115044247815,-0.032352941176470584,-0.07121741467347488,0.0,-0.030388294879009518,0.0103969754253308,0.01183431952662728,-0.19898397915040555
42,2005-06-30,0.014784467402921163,0.009127529082646912,-0.10994320211473883,-0.1265340103192386,0.0348386077766929,0.08324830628955171,0.20569252788204476,0.20569252788204476,0.20408163265306126,0.20408163265306126,-0.8639133665994267,-2.542081144517716,-0.2033415525890656,-1.810968853871722,-0.3992726721721343,-0.03499327052489898,0.03366524419155992,0.03873431533006011,0.034782608695652195,-0.05319148936170204,-0.0980902777777778,0.5,0.019733023795704963,0.014031805425631427,0.029239766081871288,0.15531479157032435
43,2005-09-30,0.03391892419011966,0.0452753190215216,0.002297697285907896,0.0026946565783745324,0.038291778999116184,0.0494569003530212,0.02963178641820452,0.02963178641820452,0.033898305084745894,0.016949152542372836,2.444063036355125,-0.5243168804812641,0.2494263301136668,-0.7109677419354838,-0.19210493126497666,0.08368200836820082,0.036238532110091766,0.0409663865546217,0.04201680672268915,0.04815409309791319,0.012191209496310584,0.0,0.004211724530449601,0.01845018450184499,0.02272727272727271,0.042471980786825236
44,2005-12-31,0.049329516596438916,0.04444719813192699,0.06598994934630698,0.07423837018260349,0.04710543899505537,-0.045186938426425516,-0.14807161036305494,-0.14807161036305494,-0.5901639344262295,-0.5666666666666667,1.0991709328138448,2.37330489105592,-1.0,-4.174238445378151,0.7547847263417529,0.16473616473616493,0.0017706949977867035,0.0,0.04838709677419351,0.1179173047473201,0.08748019017432651,0.3333333333333335,-0.0020403536613012863,-0.008152173913043459,0.005555555555555536,-0.02774159044471569
45,2006-03-31,0.0711623700191566,0.078831077583019,0.4274552523336401,0.4848368983373026,0.022741398432006173,0.12410068664186034,0.22188744765601065,0.22188744765601065,0.28,0.23076923076923084,0.3600517966979606,-0.09973350196485843,-inf,-0.4658117890382627,0.22977012312290945,0.17790055248618786,0.02828104286345545,0.020686175580222118,0.023076923076923,0.12328767123287655,0.12969979597784898,0.0,-0.04520672421626526,0.012785388127853905,0.005524861878453136,-0.27342736248236954
46,2006-06-30,0.02848940392627441,0.03403316337460893,-0.14292387042446253,-0.16678315761593301,0.061003184554411886,0.0628070687486535,0.07646173778576504,0.07646173778576504,0.0625,0.0625,-1.0570947983115937,-0.13807636345391605,-0.8124193174671477,-3.0385628000619485,-0.3808848635666541,0.0009380863039398779,-0.003867640739149025,-0.0064260998517053905,0.0601503759398494,-0.02195121951219514,-0.06295149638802887,0.3125,0.03152510111824891,-0.008115419296663595,0.005494505494505475,0.2410024459370268
47,2006-09-30,0.017069287826110946,0.00012430956396358717,-0.04153393870078825,-0.04777924944812362,0.02604868662776072,0.02456534958382095,0.050239745307009816,0.050239745307009816,0.0588235294117645,0.0588235294117645,-6.628126737076154,0.3882065312299901,4.59096523733898,0.3429309427941958,-0.8261824640119648,-0.1293345829428304,0.005176876617773996,0.0029850746268655914,0.021276595744680767,-0.1783042394014962,-0.16134361233480174,0.0,0.008880175296966941,0.00363636363636366,0.0,0.05030580800575635
48,2006-12-31,0.04186027856047003,0.06033374350390619,-0.06362719031297047,-0.03656376635540015,0.05695883319845674,-0.04543617365259267,-0.15768654923199202,-0.15768654923199202,-0.16666666666666666,-0.16666666666666666,-0.10098765432098766,-0.4447752432069775,-1.2176177250347178,-1.3368218589127114,1.6009680021511157,0.046286329386437286,-0.008583690987124526,-0.005456349206349187,0.05555555555555558,0.02427921092564489,-0.002954694681549519,0.2380952380952381,0.014517604023776887,-0.003623188405797117,-0.005464480874316946,0.10058827909747547
49,2007-03-31,0.054060765185521616,0.07181130954861836,0.3094429667387939,0.34824247324247315,0.02167785678884893,0.09009446681627442,0.18571428571428567,0.18571428571428567,0.2,0.2,3.6391101345784134,-0.2838909447926894,-6.0788977519942,2.3626133691635878,2.0697818670526207,-0.23559670781893016,-0.00909090909090915,-0.004488778054862919,0.02631578947368429,-0.27555555555555555,-0.2584787619361212,0.0,-0.030760563380281655,-0.0009090909090909703,0.0,-0.20503660401358612
50,2007-06-30,0.03090068718920813,0.041119878091312456,-0.06377364405894037,-0.07665783818899607,0.04628684127284033,0.062452341477276185,0.11517035885477388,0.11517035885477388,0.11111111111111116,0.11111111111111116,-0.7239003019359422,-0.6395275258384308,-0.36000456894828525,-1.0513960341641275,-0.034653465346534684,-0.03499327052489898,0.004368719965050172,0.006513026052104243,0.0512820512820511,-0.05930470347648265,-0.06349911190053281,0.1923076923076923,0.014880260404557031,0.010009099181073731,-0.005494505494505475,0.12756396071288756
51,2007-09-30,0.0183777550246762,0.02329153579403065,-0.008211245988558713,-0.009100116747462141,0.022244361298910054,0.0270229706795766,0.03129978757302188,0.03129978757302188,0.024999999999999908,0.024999999999999908,1.2581267690196416,2.066705675833821,1.046359093342852,0.5476190476190477,-0.05555555555555558,0.08368200836820082,0.0013049151805133439,0.0014932802389249213,0.024390243902439046,0.0304347826086957,0.03793266951161689,0.0,0.0038946162657502725,0.004504504504504458,-0.005524861878453025,0.03268368533083743
52,2007-12-31,0.011553544730847907,0.004638965945176432,0.07552598074041761,0.07513147422793033,0.002527753683454259,-0.027248711943793857,-0.0957645392810016,-0.0957645392810016,-0.07317073170731703,-0.07317073170731703,0.28130282024499104,0.363480251860332,0.09530558402197853,-1.9654631083202512,0.05679194754825013,0.16473616473616493,0.024326672458731657,0.01938369781312144,0.005952380952380931,0.1371308016877637,0.12517131110095936,0.19354838709677424,-0.009014148790506549,0.011659192825111964,0.011111111111111072,-0.06556442417331809
53,2008-03-31,0.05117014498809613,0.04269441205489288,0.19177894048397648,0.21280780312211967,0.029887314992362638,0.09053054086431978,0.21183107615098493,0.21183107615098493,0.21052631578947367,0.21052631578947367,0.2856062964115791,1.211237055695494,-0.2578731536409603,4.851056910569106,0.3144355120587208,0.10497237569060758,0.034775233248515613,0.031204290589956107,0.029585798816567976,0.0983302411873841,0.04790905399918799,0.0,-0.020149683362118642,0.022163120567376016,0.005494505494505475,-0.1402668919447443
54,2008-06-30,0.03933337423061989,0.044256431196406654,-0.11100684326347388,-0.12104312026520815,0.06566623604318544,0.06712880380071007,0.11854201544923205,0.11854201544923205,0.10869565217391307,0.10869565217391307,-0.677769323003136,-0.4353384172388697,-0.7600858369098713,-0.9318586038239216,0.016300590331330026,0.18599999999999994,0.033196721311475434,0.033569739952718614,0.07471264367816087,0.1520270270270272,0.11390933746609845,0.16216216216216206,0.02526439482961229,0.024284475281873386,0.010928961748633892,0.18806296060413066
55,2008-09-30,0.03008586855838247,0.02295574957326174,0.15506651439859254,0.17101697915390154,0.011824098828504105,0.034454394846901604,-0.042761862248247295,-0.042761862248247295,-0.03921568627450989,-0.03921568627450989,1.112597946259258,0.4340711683945082,5.384391771019678,-20.845840130505714,-0.3183102645281143,0.0295109612141653,0.013090043633478876,0.007319304666056903,0.010695187165775222,-0.042521994134897316,-0.034782608695652195,0.0,-0.017765042979942747,0.0,0.00540540540540535,-0.12643590136314894
56,2008-12-31,-0.0036236755973755312,-0.005739862226997182,-0.13481014349464238,-0.13960559515365745,0.018258530884480702,-0.12811721546084476,-0.14227324472973155,-0.14227324472973155,-0.1428571428571429,-0.1428571428571429,0.4593615039376746,-0.5489039115313978,-0.2976428146124479,-2.388557806912992,0.6483773773197459,-0.2104832104832105,-0.007439310884886473,-0.004995458673932918,0.015873015873015817,-0.21898928024502307,-0.24468468468468466,0.16279069767441867,0.022053675612602186,0.011854360711261558,-0.016129032258064502,0.15558867362146067
57,2009-03-31,-0.0011501753250586775,-0.008020274696715068,0.021298412502316344,0.0232983992486131,-0.004331767138626153,-0.1020480439812903,-0.22134450556479468,-0.22134450556479468,-0.2142857142857142,-0.2142857142857142,0.0854841704577105,0.4740124740124741,0.29621503017004946,-0.2903655468403138,0.2791296046197551,-0.17427385892116187,-0.08915187376725843,-0.08352350524874473,-0.00520833333333337,-0.18627450980392146,-0.1917938931297709,0.0,-0.0031967119534194177,-0.037656903765690315,-0.04371584699453557,-0.030602800831449506
58,2009-06-30,0.01998619735631002,0.022134603857045358,-0.14212703673686633,-0.15511651402196236,0.04355361022622661,-0.029535278646849794,-0.10588573540887992,-0.10588573540887992,-0.12121212121212133,-0.12121212121212133,-0.20865139949109407,-0.2991302303714152,-1.0,1.6611053180396245,0.5807021216561843,0.11306532663316582,-0.14032048505846684,-0.1349601593625499,0.04712041884816753,0.11807228915662638,0.19539551357733176,0.17999999999999994,0.02302141793608969,-0.07217391304347831,-0.06857142857142863,0.20979152319539215
59,2009-09-30,0.006833829563688497,0.009194163379666387,0.07603691509387402,0.08436107854630714,-0.0014365818619954671,0.030417314179585375,0.09304515595571684,0.09304515595571684,0.10344827586206916,0.10344827586206916,0.15690777918884602,0.013667616971323238,-inf,-0.6853134796238245,0.11560630401861037,-0.003386004514672636,-0.1234256926952142,-0.11629245826137015,0.0,-0.047413793103448176,0.13975308641975293,0.0,-0.008172861621137506,-0.05060918462980324,-0.06748466257668706,-0.06931794659490775
60,2009-12-31,-0.007778651540929494,-0.015756094139807053,-0.1055469650906804,-0.13863662572795946,0.0048120897109202865,-0.025726541313894846,-0.06415348084641402,-0.06415348084641402,-0.0625,-0.0625,-0.38240377428998507,2.3681859541732155,-0.2520698000254744,-2.439059620461224,-0.14912461805268806,0.08607021517553792,-0.09827586206896544,-0.09315960912052124,0.010000000000000007,0.08371040723981893,0.22227036395147334,0.15254237288135594,0.012755389998871271,-0.05725567620927941,-0.039473684210526334,0.14265061580805696
61,2010-03-31,0.032332648765442284,0.047659523353868805,0.3134820349412153,0.3581320235296086,0.00010244843358875322,0.09233770319874156,0.2581731632836357,0.2581731632836357,0.26666666666666683,0.26666666666666683,0.4943085126498506,-0.8401444078785795,0.4347022187621643,-1.483524851169874,0.08474267828112493,0.1762252346193951,0.028043339706819603,0.02658045977011492,0.0,0.16492693110647186,0.2899680964197093,0.0,-0.031319661168078494,0.023036649214659644,0.0,-0.2286009732360097
62,2010-06-30,0.0522376895148784,0.05762143370032336,0.02050080865540127,0.0237509934754081,0.05701594925123742,0.09680051922914434,0.2343755576971125,0.2343755576971125,0.2368421052631577,0.2368421052631577,-0.487536063167485,2.4527577200798896,-1.0,0.2576950608446671,0.09825412980505743,0.1622340425531914,0.1165530068195908,0.11056682995101473,0.0544554455445545,0.1630824372759856,0.11706512778235778,0.1470588235294117,0.004602462317339739,0.08085977482088036,0.027397260273972712,0.033086785787506345
63,2010-09-30,0.01906016901838248,0.026015033725743875,0.059982730919305276,0.06607327700344245,0.013111769373937987,0.05701675294957996,0.08424537713071256,0.08424537713071256,0.08510638297872353,0.08510638297872353,0.15474456159411346,-0.5824953279345021,-inf,-2.356118383608424,-0.12132367917226773,-0.05720823798627006,0.10549694614103268,0.09955891619407664,0.014084507042253724,-0.10631741140215722,-0.17269372693726925,0.0,-0.005841255297216796,0.0672348484848484,0.03333333333333344,-0.037583769673469984
64,2010-12-31,-0.0007173303333408709,-0.027851823463941217,-0.042229921324795534,-0.08444025448366578,0.005596001176124688,-0.04966293995859217,-0.13111715603914975,-0.13111715603914975,-0.13725490196078427,-0.13725490196078427,0.5865158448445451,3.4422892465096453,0.0,0.21173458681327892,-0.1673108683684409,0.12540453074433655,0.06479156202913106,0.057879656160458426,0.004629629629629539,0.1103448275862069,-0.0032708890871245844,0.2692307692307692,0.006336405529953959,0.037267080745341685,0.019354838709677358,0.06181299072091372
65,2011-03-31,0.03836453871631007,0.04349552085386543,0.25474912661287274,0.2918334001294818,0.007021376798033829,0.11645339737802528,0.220776231181228,0.220776231181228,0.2272727272727273,0.2272727272727273,0.0011995417480963333,-0.5225277098027925,0.19046850018572048,-0.34729149348850097,-0.13114765507018433,0.10136592379583044,0.06698113207547185,0.060130010834236414,0.009216589861751112,0.09627329192546563,0.0155131264916466,0.12121212121212133,-0.030223239839725306,0.03421727972626165,0.025316455696202445,-0.19224104448627166
66,2011-06-30,0.0375557600518952,0.03433072561987993,-0.02314926039056864,-0.024446820290574437,0.048511943706509575,0.09545523374800767,0.1830992997850327,0.1830992997850327,-0.40740740740740733,-0.40740740740740733,-0.6366243067147703,0.4917596221485279,-0.5526148002441837,0.8805518705226851,-0.2838571703191081,0.09268929503916444,0.06631299734748007,0.061318344404700964,0.04566210045662111,0.0821529745042493,0.003525264394829586,0.06306306306306286,0.010624483532050588,0.02977667493796532,0.03086419753086412,0.0602518817154587
67,2011-09-30,0.0437134254310243,0.038870470168072664,0.06365393061045244,0.07081910427899052,0.04036048623105937,0.03564333860601665,0.02854046242774566,0.02854046242774566,0.03125,0.03125,2.4417812025339902,0.16827781333153702,0.06774007701870888,-1.6105984931854738,0.2420226151729692,-0.013142174432496991,0.04270315091210608,0.038035628310062686,0.04366812227074246,-0.05628272251308897,-0.09192037470725987,0.05084745762711873,-0.003270645952575646,0.02008032128514059,0.017964071856287456,-0.02982679527655196
68,2011-12-31,0.020549720778670236,0.015421845889972197,-0.06697936365062718,-0.14187025115480034,0.035597014819431116,-0.03981880777497382,-0.09634496580507856,-0.09634496580507856,-0.12121212121212133,-0.12121212121212133,-0.20016360974769654,-0.19426264956032868,0.13344503450430234,-0.6937011876704099,0.0596859015921043,0.15799031476997571,0.03260437375745528,0.030612244897959107,0.03347280334728042,0.10957004160887653,0.08188265635074155,0.05645161290322576,0.014766201804758072,0.018897637795275424,0.0117647058823529,0.18329407957426147
69,2012-03-31,0.07619463627364165,0.09209085069789946,0.2141504257164604,0.25774419917153835,0.054827495448862784,0.10184951648313856,0.14544082677885495,0.14544082677885495,0.1724137931034484,0.1724137931034484,0.7789201701028152,-0.02268579811786597,-0.3932902385247544,11.251357875678938,0.6900472483768993,0.2854155776267644,0.0123219098960341,0.012601260126012592,0.05263157894736836,0.2450000000000001,0.21096543504171628,0.06870229007633566,-0.019863725603418425,0.010819165378670892,0.0,-0.1317156922328917
70,2012-06-30,0.020633287230358288,0.020830756125113536,-0.08934845679462322,-0.10882752606602973,0.04024060279356045,0.04684116403836769,0.1208854821646006,0.1208854821646006,0.11764705882352945,0.11764705882352945,-0.5593926831482434,-0.1787793358473987,0.9826553788973778,-1.1596266101820152,-0.06517563531411219,-0.054493696624644206,0.004944845949029997,0.007555555555555538,0.03846153846153855,-0.10240963855421703,-0.1060531496062993,0.05714285714285716,0.019205844232355274,0.01146788990825698,-0.005813953488372103,0.1455019511085447
71,2012-09-30,0.037262791726800026,0.03250426675645235,0.021945167100260177,0.026111657380093908,0.03965339431581172,-0.002873684602864968,-0.02658807187505563,-0.02658807187505563,-0.02631578947368418,-0.02631578947368418,0.6940233161066567,0.6791350869371378,0.07983753384711513,-1.7473383737077612,0.05210417607951978,-0.0929032258064516,-0.010598031794095242,-0.006616674018526725,0.04074074074074074,-0.12639821029082776,-0.1334984860996421,0.06756756756756754,0.002312138728323809,0.006046863189720364,-0.011695906432748536,0.006232623506767343
72,2012-12-31,-0.054111790785175466,-0.09574457617946576,0.0005443871336645589,-0.05482001333234576,-0.0624966203590771,-0.05649551382608775,-0.09699963410171973,-0.09699963410171973,-0.108108108108108,-0.108108108108108,0.08646429838341874,-0.4743382099142395,2.924252068746022,-12.973985754103436,-0.5929970399227006,0.029397818871503167,0.011094108645753442,0.009325044404973282,-0.06405693950177938,-0.010243277848911549,-0.0006353240152477957,0.22151898734177203,-0.008881199538639084,0.00826446280991755,0.0,-0.04329740397753157
73,2013-03-31,0.0712973446882752,0.07008866394747315,0.1916491826892968,0.2396142505901828,0.0515925811992104,0.0648292802102386,0.10466388427407924,0.10466388427407924,0.1212121212121211,0.1212121212121211,0.49486921153774394,1.7433074047883623,-0.8727567647275676,-1.6865042416718394,1.0002260994083731,0.14739751266697376,0.004918653045781429,0.003079630444346781,0.05323193916349811,0.22509702457956027,0.1150667514303878,0.025906735751295432,-0.01838705923426032,0.008941877794336639,-0.00591715976331364,-0.13675457805706304
74,2013-06-30,0.024750474991980687,0.020686559619301104,-0.055979476600762745,-0.06699802842388491,0.039728484340252564,0.051182772228602236,0.1096856430195876,0.1096856430195876,0.10810810810810813,0.10810810810810813,-0.665379046953396,-0.34837604949182505,1.0822034225673116,-1.4569566364013111,-0.2285041446872645,-0.024889602569249325,0.004141566265060126,0.0013157894736841589,0.03610108303249104,-0.07391763463569179,-0.04503990877993158,0.050505050505050615,0.014582098399525734,0.006646971935007517,0.0,0.09397058823529414
75,2013-09-30,0.033598151539823366,0.022423394562654183,0.08139781691145509,0.09922927077157627,0.02554611465535639,0.012774954105493563,-0.013709724070110507,-0.013709724070110507,-0.02439024390243893,-0.02439024390243893,0.891199343540777,0.4616993020824503,0.4988126600126155,-0.1573089290131091,-0.2495909745793754,-0.0226430629888843,0.009748781402324713,0.0048182216381953405,0.02787456445993031,-0.05701254275940704,-0.04238805970149262,0.0625,-0.007712082262210873,0.005869405722670472,-0.005952380952380931,-0.06986826186315365
76,2013-12-31,0.0074572210797900764,-0.019744159016724327,-0.024766397240527205,-0.07604826406546161,0.013181034901565079,-0.05203023214635194,-0.16858818600754089,-0.16858818600754089,-0.17500000000000004,-0.17500000000000004,-0.005532107920479645,0.16676654230538746,-0.08570473703103143,0.09852264944721643,-0.36537585421412294,0.02695871946082562,-0.03007797994801331,-0.03138622493461196,0.013559322033898313,-0.0012091898428052696,0.0065461346633417525,0.05429864253393668,0.005652378709373629,-0.01604668125455877,-0.0119760479041916,0.06093507244282259
77,2014-03-31,0.043030488721369935,0.04759166210494992,0.20355541478189432,0.2572384002134829,0.015584727677657284,0.07710012780180886,0.12800693345695313,0.12800693345695313,0.15151515151515138,0.15151515151515138,0.4209445992443999,-0.4782795983962358,0.09455086983009542,-1.9059197244982784,0.5215704372201142,-0.04511894995898269,-0.01607963246554356,-0.02025202520252023,0.013377926421404451,-0.05690072639225175,-0.045215236915453705,0.05579399141630903,-0.02634660421545676,-0.014825796886582697,-0.0060606060606061,-0.16675464437141352
78,2014-06-30,0.05443936694092577,0.05441574742526556,0.1372518380841159,0.16561424222123455,0.037659887886847036,0.08378427406243683,0.16602192422117198,0.16602192422117198,0.1578947368421053,0.1578947368421053,-0.4442978966908121,1.0140044458558273,-1.0034632462986557,-0.4455513681795839,0.19005627885555088,0.06314432989690721,-0.0019455252918287866,-0.013321084060633924,0.03960396039603964,0.048780487804878085,0.05643853389555643,0.048780487804878085,-0.01587492483463615,-0.008276899924755332,-0.0060975609756097615,-0.09539379572485396
79,2014-09-30,0.03943191618998565,0.04089454692238381,0.1363701009282896,0.16058589382097122,0.01790512835336422,0.0325031738913486,0.021453637157699657,0.021453637157699657,0.02272727272727271,0.02272727272727271,0.38153482940061023,-0.30537203765314325,-196.40357142857144,-0.3859566168213251,0.09806494242023778,-0.05252525252525253,0.008966861598440401,-0.005586592178770888,0.01904761904761898,-0.08935128518971848,-0.07092416334049734,0.050387596899224674,-0.020774776976658967,-0.004552352048558307,0.0,-0.1031265531107396
80,2014-12-31,-0.005854626748054703,-0.022316838591951996,-0.058412632418512474,-0.07979838343919997,0.0071751123937919825,-0.05562726470054469,-0.11193873111601182,-0.11193873111601182,-0.11111111111111104,-0.1333333333333333,0.5130030087353312,0.13079402551414174,1.0918246120666022,-1.1764366156511694,-0.015757033929630567,-0.051172707889125764,0.02047913446676985,0.007958801498127333,0.009345794392523477,-0.06854838709677424,-0.08096497025776618,0.04428044280442811,0.013103706476974786,0.009146341463414531,0.0,0.06246694037933542
81,2015-03-31,0.027482915109223738,0.028853034709918964,0.26412021131599395,0.31173322179388463,-0.02736191251435216,0.029217687588933394,0.0778353084271608,0.0778353084271608,0.07499999999999996,0.10256410256410242,0.08203664764193452,-0.1512365505058616,0.11122761031017904,-4.433715220949264,0.05497135271101184,-0.02022471910112356,0.02309731162438466,0.0037157454714351608,-0.021604938271605038,-0.028860028860028808,-0.05537576411362821,0.04946996466431109,-0.05333826065533387,0.010574018126888296,-0.012269938650306678,-0.21566582110428867
82,2015-06-30,0.023513399894469208,0.021133898156293632,0.2776997597678945,-0.1945454877803572,-0.05305363447646117,0.0466896111157149,0.09992476842781683,0.09992476842781683,0.11627906976744184,0.11627906976744184,-0.5499902834457677,-0.015041861785156763,-0.6870891649630445,-0.9402605656180488,0.003112840466926059,-0.04357798165137616,0.033678756476683835,-0.0018509949097639253,-0.041009463722397436,-0.02228826151560181,-0.07156452226874754,0.04713804713804692,-0.07482108002602472,0.0067264573991030465,-0.006211180124223614,0.267772941603192
83,2015-09-30,0.005782101242597593,0.005781625648606736,-0.007199964293086779,-0.07135076252723316,0.011058490326442794,-0.0025826120159105907,-0.027522674323332663,-0.027522674323332663,-0.02083333333333337,-0.02083333333333337,0.7376031783242236,-0.3055755654804784,1.9262237410795056,-25.976063829787236,-0.07750524074410314,-0.053237410071942604,0.022198353025420614,-0.006490496059341711,0.013157894736842035,-0.013677811550151908,-0.07503075030750317,0.045016077170418,0.0052039381153305975,0.0022271714922050823,-0.006249999999999978,0.0830651121760484
84,2015-12-31,0.01490215314772669,-0.0049097723238035185,0.027237119021728432,0.013267079396111605,0.009979304633440876,-0.07280281336347649,-0.1801544390229607,-0.1801544390229607,-0.17021276595744672,-0.17021276595744672,0.029283325404207968,1.3436721991701246,-0.5351303541373269,-2.8362261739963794,0.15427421158577492,-0.022796352583586588,0.003152364273204977,-0.029864675688287438,0.012987012987013102,-0.035439137134052445,-0.03368794326241131,0.04307692307692301,-0.0047572408003357936,-0.011111111111111072,-0.018867924528301886,-0.017940872168534128
85,2016-03-31,0.043561956704582405,0.06151217941632981,0.12272335001429213,0.07639227582362818,0.011429037761292005,0.06923221134100488,0.12799363740348868,0.12799363740348868,0.1282051282051282,0.1282051282051282,0.11318685109171822,-0.5731421236666224,1.1308949847603214,0.24872419392252376,0.16689789875909744,0.11975116640746508,0.003142458100558798,-0.0240500240500241,0.00961538461538458,0.10543130990415328,0.11972477064220174,0.04424778761061954,-0.030788696752425126,-0.011235955056179804,-0.012820512820512886,-0.01383035954451717
86,2016-06-30,0.021324127878927568,0.013425910207222723,0.012265731113831668,0.023673485646284357,0.025405680737876857,0.027979689463655918,0.04194031387896402,0.04194031387896402,0.02272727272727271,0.02272727272727271,-0.4627545518771458,0.9704479469099958,-0.7886542529213911,-0.7721636557841453,0.032586747436101904,0.060648148148148014,-0.03132613992342504,-0.03794972893050752,0.025396825396825532,0.050578034682080775,0.05448586644817688,0.04237288135593209,0.003916449086161844,-0.02121212121212124,-0.019480519480519543,-0.010001136492783223
87,2016-09-30,0.011608159055342071,-0.007395139666738548,-0.011798203072538982,-0.19484559148989988,0.022019503661887985,-0.0011485900933364546,-0.03494498977349625,-0.03494498977349625,-0.022222222222222254,-0.022222222222222254,0.5372414668189316,0.2569945096388289,1.8337981952420013,-2.727476559315124,-0.054516332385596056,-0.06940200785683104,-0.035573122529644174,-0.040471311475409937,0.021671826625387025,-0.09215955983493808,-0.05322455322455311,0.04065040650406493,0.01040312093628093,-0.02399380804953577,-0.019867549668874163,0.2328090919527035
88,2016-12-31,-0.02255437529390569,-0.032003834249705536,-0.10397359864583457,-0.16740217177895578,0.012463219466002595,-0.06433085057870623,-0.09548946228087453,-0.09548946228087453,-0.09090909090909084,-0.09090909090909084,-0.0043822459010243175,-0.5744906502930505,0.91130152848541,3.041061946902655,-0.23300653817108094,0.024390243902439046,-0.011922503725782518,-0.0069407367859049,0.0121212121212122,0.003030303030303161,0.042265080016413485,0.0390625,0.03575003575003577,0.0,0.0,0.16262221808362032
89,2017-03-31,0.044031887485555865,0.052261487589857936,0.09365443944603767,0.3408599497903093,0.025144147154768426,0.10523056668779997,0.16893863507686954,0.16893863507686954,0.1499999999999999,0.1499999999999999,0.5857583225932876,1.4629410993047358,-0.13137646916272872,-1.6306937631394534,0.1912893067813899,0.13049450549450547,-0.004901960784313597,0.0026881720430107503,0.02694610778443129,0.11631419939577035,0.12362204724409455,0.04010025062656642,-0.018086428275576383,0.0,0.0,-0.2152273855863649
90,2017-06-30,0.023327591157048518,0.034351355829237214,0.06859699266807495,-0.07386363636363635,0.004945249028611709,0.0704400114536603,0.10953800298062588,0.10953800298062588,0.13043478260869554,0.13043478260869554,-0.6059885931558935,-0.5392809587217045,-0.40017436791630345,-1.8888888888888888,-0.142963514519732,-0.04212231672742006,0.01780977643046611,0.019839142091152784,0.008746355685131045,-0.06630581867388352,-0.052908199018920736,0.03855421686746974,-0.017997750281214864,0.007930214115781098,0.0135135135135136,0.11683778653222032
91,2017-09-30,0.017605386827523217,0.03059426557744671,0.0179090591929294,0.052877592754893454,0.017474265628922847,0.010075791350869334,-0.03895231699126933,-0.03895231699126933,-0.03846153846153855,-0.03846153846153855,0.9613992762364294,-0.17630057803468213,0.7107558139534884,-1.953125,0.15899218071242394,-0.08710359408033819,0.0156366344005956,0.015247108307045119,0.020231213872832218,-0.09565217391304348,-0.12208657047724747,0.037122969837587005,-0.0001431844215349365,0.0015735641227381247,0.013333333333333421,-0.021164214566389502
92,2017-12-31,0.003067273228563483,0.002849445653300142,-0.07049011767394031,-0.026082130965593756,0.03484182993633711,-0.039106638418079036,0.06498951781970641,0.06498951781970641,0.06000000000000005,0.06000000000000005,-0.2047970479704797,0.4421052631578948,-0.0994052676295667,-1.901639344262295,-0.12368815592203895,0.13432144511347846,0.048020527859237605,0.046607975142413334,0.03399433427762033,0.11217948717948724,0.09776654024441632,0.03579418344519025,0.031791493627380873,0.0353495679497251,0.006578947368421018,0.02970666766249042
93,2018-03-31,0.04092080398556952,0.06436947874154053,0.0540806293018683,0.14814814814814814,0.035814774190471736,0.0893890675241158,0.14370078740157474,0.14370078740157474,0.15094339622641506,0.15094339622641506,0.23511214230471775,-0.2968369829683698,0.062264150943396324,-2.2242424242424237,0.17279726261762196,0.1237239689669254,0.04442112626792572,0.04700643245917857,0.03287671232876721,0.08645533141210371,0.05105566218809976,0.04103671706263512,-0.004996530187369896,0.03641881638846733,0.013071895424836557,-0.07296728802495099
94,2018-06-30,0.023270398732506026,0.03902344318788531,0.018540111940298587,-0.05459057071960294,0.025138121546961267,0.06923595884634848,0.2117039586919105,0.2117039586919105,0.19672131147540986,0.19672131147540986,-0.0488415779586725,-0.1349480968858131,0.10923623445825936,-1.0792079207920793,-0.011670313639679077,-0.05377906976744185,0.07066309444072337,0.07797731568998101,0.02917771883289122,-0.08355437665782495,-0.11943024105186263,0.03734439834024883,0.001813363091086595,0.06661786237188871,0.012903225806451646,0.09901416164619348
95,2018-09-30,0.030257088481016717,0.03961321063203616,0.005495134516313671,0.0921259842519686,0.039971256624449884,0.009385598233299096,-0.06439393939393945,-0.06439393939393945,-0.0547945205479452,-0.0547945205479452,0.21527320605661626,0.8,0.1537229783827061,2.625,-0.04280442804428042,0.04185867895545314,0.04441664060056305,0.054362121876369913,0.038659793814433074,0.011577424023154759,-0.05060141020323517,0.040000000000000036,0.009468114731272737,0.046671242278654816,0.006369426751592354,-0.0480724735699285
96,2018-12-31,0.03995115689282702,0.04075488654234993,0.15996812023226692,0.051189617880317284,-0.005570910347210245,-0.03766213470854818,-0.14574898785425106,-0.14574898785425106,-0.14492753623188406,-0.14492753623188406,-0.035752979414951265,0.6666666666666667,-0.5496183206106869,-7.4655172413793105,0.2891287586738627,-0.0003685956505712351,-0.0008984725965857088,-0.011226611226611172,0.0,-0.03719599427753928,-0.07426823940585403,0.03846153846153855,-0.04372413793103447,-0.007213114754098249,-0.0063291139240506675,-0.009928017201084384
97,2019-03-31,0.09944302273069394,0.03151714014333828,0.2314487632508835,0.2679469593049839,0.04103878056194898,0.06308866515102296,0.14988151658767768,0.14988151658767768,0.15254237288135594,0.15254237288135594,0.15112359550561805,-0.2973333333333333,1.078582434514638,-0.5146666666666666,0.10885167464114832,0.052728613569321466,0.0011990407673860837,-0.021446593776282663,0.03970223325062028,0.0520059435364042,0.028315243039169324,0.04074074074074074,-0.05322371267849424,0.0019815059445178478,-0.025477707006369418,-0.186463723231484
98,2019-06-30,0.028643408729941425,0.03310731625648744,-0.001514426908974964,-0.04814280562567619,0.04442683130318703,0.04513862369204924,0.054095826893354015,0.054095826893354015,-0.4705882352941178,-0.4852941176470589,-0.3748169838945827,0.26944971537001905,-0.4729429206819866,-1.5714285714285714,-0.056094929881337685,0.7838879159369527,-0.03742514970059885,-0.05543618392780403,0.042959427207637235,0.7175141242937852,0.7379531895364846,0.03736654804270456,0.015386959171237002,-0.02834541858932105,-0.026143790849673217,0.08535283194057564
