,Quarter end,Assets,Current Assets,Liabilities,Current Liabilities,Shareholders equity,Revenue,Earnings,Earnings available for common stockholders,EPS basic,EPS diluted,Cash from operating activities,Cash from investing activities,Cash from financing activities,Cash change during period,Cash at end of period,Price,ROE,ROA,Book value of equity per share,P/B ratio,P/E ratio,Equity to assets ratio,Net margin,Asset turnover,Current ratio
0,1995-03-25,0.08103531892406224,0.08198246119957077,0.21336375023258847,0.21336375023258847,0.023398293286941874,0.2513753832719954,2.1747151878132933,2.1747151878132933,2.666666666666667,2.666666666666667,-0.8827835023081464,-1.4645992832168522,-1.9902186124358037,-1.2448583336269512,-0.3227730037004698,-0.30000000000000004,-0.015091863517060378,0.004658385093167627,0.015384615384615332,0.7813953488372094,-0.06424581005586594,-0.05325868504163078,0.120967741935484,-0.10576923076923073,-0.1082841031149302
1,1995-06-24,0.08103531892406224,0.08198246119957077,0.21336375023258847,0.21336375023258847,0.023398293286941874,0.2513753832719954,2.1747151878132933,2.1747151878132933,2.666666666666667,2.666666666666667,-0.8827835023081464,-1.4645992832168522,-1.9902186124358037,-1.2448583336269512,-0.3227730037004698,-0.30000000000000004,-0.015091863517060378,0.004658385093167627,0.015384615384615332,0.7813953488372094,-0.06424581005586594,-0.05325868504163078,0.120967741935484,-0.10576923076923073,-0.1082841031149302
2,1995-09-30,0.03173292003094885,0.029192350667616163,0.001195227036770996,0.001195227036770996,0.04750289300755717,0.0,0.0,0.0,0.0,0.0,-0.8827835023081464,-1.4645992832168522,-1.9902186124358037,-1.2448583336269512,0.116701874345994,0.8071428571428572,-0.015091863517060378,0.004658385093167627,0.03030303030303028,0.7813953488372094,-0.06424581005586594,0.015163002274450443,0.120967741935484,-0.10576923076923073,0.02796807950011293
3,1995-12-30,0.09294010370854199,0.07987002911053165,0.07386226393090811,0.07386226393090811,0.10235655926609466,0.30636359292542825,1.695926326927336,1.695926326927336,1.545454545454546,1.545454545454546,-2.795851981469641,-1.351863230814597,-4.064807606037364,0.010586633090937214,0.1056122112625546,0.6363636363636365,-0.015091863517060378,0.004658385093167627,-0.1470588235294119,0.5900783289817231,-0.06424581005586594,0.008663181478715476,0.120967741935484,-0.10576923076923073,0.005602548610348146
4,1996-03-30,1.4719914684886592,1.6492480449325817,0.0708577958446206,0.0708577958446206,2.145688021048087,0.2704913485725362,1.2942503976140871,1.2942503976140871,-0.0357142857142857,-0.0357142857142857,6.128411887421769,3.726596419176994,46.84664243481907,62.120144168425334,6.0294721177383686,0.3285024154589373,-0.015091863517060378,0.004658385093167627,2.0689655172413794,0.5566502463054188,-0.06424581005586594,0.2724714941507478,0.120967741935484,-0.10576923076923073,1.4739640230136186
5,1996-06-29,0.10497968723363504,0.04023571917931501,0.07557024621270259,0.07557024621270259,0.10979348320179703,0.21708936599259546,0.3062503936955665,0.3062503936955665,0.18518518518518512,0.18518518518518512,-1.5390156430582342,13.165419410776607,-0.9016121080207112,-1.5259271563401535,-0.45110970952035395,0.6036363636363637,-0.015091863517060378,0.004658385093167627,0.08426966292134819,-0.4767932489451477,-0.06424581005586594,0.0044222041196322346,0.120967741935484,-0.10576923076923073,-0.032852516926699986
6,1996-09-28,0.21779436630017268,0.2428759185067535,0.1440636165125897,0.1440636165125897,0.2294906035382149,0.5436879748012049,-0.2168006334977145,-0.2168006334977145,-0.4375,-1.0,-1.6433829027706433,-0.4289364626582529,0.726384950946624,-0.6761525640917625,-0.0949787760512074,0.006802721088435382,-0.015091863517060378,0.004658385093167627,0.07772020725388606,-0.07258064516129037,-0.06424581005586594,0.00961649866759351,0.120967741935484,-0.10576923076923073,0.08636695683934993
7,1996-12-28,0.06501636261576227,0.05624978640224798,0.21165712205661905,0.21165712205661905,0.04337038625581213,-0.2307305977691373,0.42856068822997,0.42856068822997,0.7777777777777779,inf,11.705037570808468,-0.9561528246007982,-0.9814631458480494,-1.5216496518012217,0.15341126352997625,-0.33783783783783794,-0.015091863517060378,0.004658385093167627,0.03846153846153855,-0.3847826086956521,-0.06424581005586594,-0.020312141381684582,0.120967741935484,-0.10576923076923073,-0.12825182466413565
8,1997-03-29,0.0343198464237926,0.00417974928774445,-0.0622935409091494,-0.0622935409091494,0.05088139798573232,0.032834874163137684,0.05503398820496086,0.05503398820496086,0.0625,0.0625,-0.6308806087570071,-13.019364598300395,-9.137298781405145,1.1340696877555292,0.2838452663082469,0.16666666666666674,0.01065956029313786,0.013137557959814528,0.046296296296296065,0.12367491166077738,-0.06424581005586594,0.01593065479676703,0.02230215827338133,-0.010752688172043,0.0708844892974223
9,1997-06-28,0.039560727957680175,0.04800028239012488,0.024340669321160743,0.024340669321160743,0.04188878298102483,-0.037569828850743996,0.020512803973424587,0.020512803973424587,0.02941176470588225,0.02941176470588225,-0.034654233482103385,-2.2238068341046326,-1.3194040336577235,-1.9853901548037671,-0.2178598451448006,-0.1574344023323615,-0.030323005932761937,-0.028985507246376833,0.03539823008849563,-0.1949685534591196,-0.21757877280265334,0.002306007148622058,0.013370865587614356,-0.0434782608695653,0.0230945842524648
10,1997-09-27,0.026183063128230263,0.04077222746244336,-0.028679193273225326,-0.028679193273225326,0.034433437086436765,-0.0859462451615498,-0.17332458547210328,-0.17332458547210328,-0.17142857142857149,-1.0,1.1684871965736978,-0.17015938227414318,-0.2387543502955669,-0.4382630706033847,-0.1564680187953258,0.04498269896193774,0.00679809653297081,0.008641005498821519,0.02991452991453003,0.0078125,0.013988978380669924,0.008052455999079777,0.15416666666666656,-0.125,0.07150400422423653
11,1997-12-27,0.0455841412944058,0.0364947137739442,0.2193888889199247,0.2193888889199247,0.02104147482479868,0.06044142905471661,-0.4741182449411926,-0.4741182449411926,-0.4482758620689654,inf,0.35274104901215164,-2.2701177779250057,-0.9560185405201612,-4.2768307836681965,0.6078242817964858,0.024834437086092682,-0.16272788656313308,-0.1627725856697818,0.020746887966804902,-0.0038759689922481795,0.02466555183946495,-0.023507931073833088,-0.12454873646209386,-0.038961038961038974,-0.14998699574281682
12,1998-03-28,0.05138553379652944,0.026408141873764283,0.17788960926361266,0.17788960926361266,0.03005196675735133,0.15606752941198088,0.31820312041861465,0.31820312041861465,0.3125,0.3333333333333335,-0.5860773572743524,-1.4728828572113464,148.9766604235701,-1.0884067715770211,-0.03342142735878306,-0.022617124394184285,-0.15241935483870972,-0.15999999999999992,0.016260162601626105,-0.04280155642023342,0.17543859649122795,-0.020334229285964626,-0.14295532646048106,-0.027027027027027084,-0.12860731770162326
13,1998-06-27,0.05784873353313458,0.028059426364976048,0.17804562405989646,0.17804562405989646,0.034669575973809375,0.14003259835098136,0.5770253129653118,0.5770253129653118,0.523809523809524,0.5499999999999998,2.07995719779793,-0.08932205335091126,-0.7025969559687528,-2.5056984171357928,0.05206259656163281,-0.02644628099173552,-0.061845861084681264,-0.07641196013289042,0.03200000000000003,-0.04065040650406504,0.16834432488719187,-0.021829893832756908,-0.0970328789093825,0.0277777777777779,-0.12731472925522092
14,1998-09-26,0.025931786048347668,-0.0781401257493275,0.06361339133996502,0.06361339133996502,0.017658191345590657,-0.2790213336904296,-0.6933758098395357,-0.6933758098395357,-0.71875,-0.6774193548387096,-0.9258793195538212,-0.6636718661953542,4.361807276004303,0.0966833339566151,0.054272166729279585,-0.3870967741935484,-0.2210953346855984,-0.23501199040767395,0.015503875968992276,-0.4067796610169492,-0.3499702911467617,-0.008048780487804774,-0.20159857904085265,-0.04054054054054057,-0.13326697867474213
15,1998-12-26,0.02877222663198076,0.008183666039682125,0.08570541673133625,0.08570541673133625,0.015707141941274427,-0.007586092168386904,0.5487632323456577,0.5487632323456577,0.6666666666666667,0.4999999999999998,4.583273936802091,0.04780508727435473,-1.2849435353962522,-0.994784704581597,0.0002684674638084861,-0.08864265927977832,-0.02604166666666652,-0.040752351097178674,0.01526717557251911,-0.09999999999999998,-0.2084095063985374,-0.012785837226456986,0.010011123470522907,-0.05633802816901401,-0.07141810007818616
16,1999-03-27,-0.04366337581590762,-0.0827145726601819,-0.18040942360475756,-0.18040942360475756,-0.010120137179406295,-0.21394933419941545,-1.5341188021600392,-1.5341188021600392,-1.5333333333333332,-1.5333333333333332,-1.6624594302199784,3.64349276974416,0.19767441860465107,-912.8461538461537,-0.244735320835742,-0.1671732522796352,-0.37700534759358295,-0.3774509803921569,-0.011278195488721887,-0.18253968253968256,-0.16743648960739033,0.035118306351183286,-0.3006607929515419,-0.1044776119402986,0.11919484278384428
17,1999-06-26,0.0672634120487603,-0.05365285569005673,-0.027384357775762203,-0.027384357775762203,0.08648614181261682,0.03336432186757565,0.4090073529411764,0.4090073529411764,0.375,0.375,-2.5106151333696243,-0.9550844412504492,-0.6275375110326566,-1.1513413193858613,0.049040511727078906,-0.2408759124087592,-0.8905579399141631,-0.8897637795275591,-0.04562737642585557,-0.2330097087378641,0.20180305131761436,0.018046198267564817,-0.8708661417322835,-0.1499999999999999,-0.0269895380275067
18,1999-09-25,-0.030138165445395937,-0.00189791143079987,-0.09085039991391984,-0.09085039991391984,-0.01909997326395008,0.006497401039584183,1.0632746249184604,1.0632746249184604,0.9090909090909091,0.9090909090909091,-1.5059459459459459,0.6240000000000001,-1.338862559241706,-2.041248606465998,-0.048676255993329136,-0.3798076923076923,-5.999999999999999,-6.071428571428572,-0.019920318725099584,-0.35443037974683544,3.9624927870744378,0.011344835736232685,0.0,-0.058823529411764726,0.09783265276536103
19,1999-12-25,-0.007196905046367386,-0.04322268626650805,0.06564620482878336,0.06564620482878336,-0.01947188576139125,0.05745357036448495,-0.0926335757192539,-0.0926335757192539,-0.09523809523809523,-0.09523809523809523,-3.965099715099715,5.177339901477833,-5.755244755244755,-0.7778372591006424,-0.011367371535006,-0.007751937984496138,1.2901960784313729,1.3192488262910802,-0.024390243902439046,0.019607843137254832,0.0,-0.012386071512035636,0.0,-0.04166666666666663,-0.10216568359890832
20,2000-03-25,-0.014337698060227557,-0.04728975524761103,-0.014215904042647718,-0.014215904042647718,-0.01436000352559108,0.0918995069265085,-0.23902439024390246,-0.23902439024390246,-0.26315789473684204,-0.26315789473684204,-1.3535911602209945,-1.5443912812333864,-1.3705882352941177,-2.5180722891566267,0.017454908153935692,0.609375,0.11986301369863005,0.12145748987854255,-0.01666666666666672,0.6538461538461537,0.0,0.0,0.0,0.04347826086956519,-0.033558856694611894
21,2000-07-01,-0.008121951361313441,-0.04823684060124589,0.051149166291122095,0.051149166291122095,-0.018978503869303557,-0.05027524514020298,0.21016483516483508,0.21016483516483508,0.2142857142857142,0.2142857142857142,3.504076086956521,1.04931640625,-1.0,-5.166666666666667,-0.07148108814639331,-0.11165048543689317,0.1330275229357798,0.13176895306859215,-0.021186440677966045,-0.09302325581395343,0.0,-0.011003312825366708,0.0,0.04166666666666674,-0.09453392517438176
22,2000-09-30,0.2874986811718228,0.16200284233071116,2.1469453376205787,1.2537692032868883,-0.0774387165535424,0.227912874156591,3.1324252743094965,3.1324252743094965,3.2352941176470584,3.2352941176470584,-1.4920060331825038,-4.4748629973790806,inf,3.3123809523809515,-0.3319842806029679,-0.016393442622950838,0.7719298245614035,0.6124401913875597,-0.07792207792207795,0.0,0.0,-0.28340710611317144,0.0,0.020000000000000014,-0.4844248977533755
23,2000-12-30,-0.042416516810452776,-0.07478575427414835,-0.033661432966633716,-0.04700156936100064,-0.04827774906515059,0.64297831538575,-0.3806079472624061,-0.3806079472624061,-0.3888888888888888,-0.3888888888888888,-1.0974862047823422,-0.8910449808008777,3.858778625954199,-0.9629858657243816,-0.018394942488365932,-0.18888888888888888,0.2589489718202589,0.1533135509396637,-0.05164319248826288,-0.11538461538461553,0.0,-0.006176961602671005,0.0,0.19607843137254896,-0.029122521054061438
24,2001-03-31,-0.03871387956527117,-0.05901025860624454,-0.002525905213938251,-0.0035762999434445493,-0.0633125698770165,-0.01818141006935869,0.17442719881744262,0.17442719881744262,0.15909090909090914,0.15909090909090914,16.29245283018868,-0.5273757079924482,-0.821681068342498,13.780429594272075,-0.2769801869493269,-0.041095890410958964,0.32425892316999394,0.2084048027444254,-0.06435643564356441,0.0,0.0,-0.025533344532168826,0.0,0.13114754098360648,-0.055683026470423565
25,2001-06-30,-0.048072405351269776,-0.030371081190704637,-0.09957245327020248,-0.16700332203729362,-0.010793575009378277,0.027365629500925914,-0.8473253618628068,-0.8473253618628068,-0.8431372549019608,-0.8431372549019608,-0.1192944171667576,-1.798934753661784,-0.8942731277533039,-0.3124495398030034,-0.2633923048373129,-0.03571428571428559,0.000913659205116435,-0.0759403832505322,-0.015873015873015817,0.028985507246376937,0.0,0.03913118427857265,0.0,0.1304347826086958,0.16403935048002838
26,2001-09-29,0.01373684894142091,0.015936661463275215,0.08977226647830583,0.1001422874205895,-0.036362539430817235,0.007187680804664255,3.061830173124485,3.061830173124485,3.0,3.0,-1.0844517860830063,-5.861666666666666,138.20833333333334,-1.1986848285580085,0.07104467584816931,0.03703703703703698,-0.1907804655408488,-0.1996927803379417,-0.05376344086021512,0.056338028169014225,0.0,-0.04943596549435969,0.0,0.14102564102564094,-0.07651970267793495
27,2001-12-29,0.06031703729518911,0.1316595531006779,-0.14868206260802766,-0.2189959195569805,0.2160508733800208,0.04158105211992669,-0.6807387862796834,-0.6807387862796834,-0.6875,-0.6875,-13.273838630806846,-0.7305450805622214,6.112541155342711,20.096926713947987,1.3994041085149758,0.4428571428571431,-0.2656514382402707,-0.24568138195777345,0.017045454545454586,0.5333333333333332,0.0,0.14694589877835962,0.0,0.022471910112359602,0.44897734163956105
28,2002-03-30,0.023950156606473042,0.062262057949150185,-0.023094818470215,-0.030927835051546393,0.048491133617234006,-0.02280296120314784,-3.813731722822632,-3.813731722822632,-3.3,-3.2,-0.18705179282868525,0.7633587786259541,-0.9519420948533436,-1.2449574181981171,-0.14286647931507745,0.5841584158415842,-0.8003072196620584,-0.7926208651399491,0.033519553072625774,0.5565217391304349,0.0,0.023889227023737192,0.0,0.0,0.09614579766388932
29,2002-06-29,0.0007883196518176928,-0.0007852900142856223,-0.03657251721102084,-0.05600750938673338,0.01894694014983589,0.034058348528262616,-0.8888386805241754,-0.8888386805241754,-0.8695652173913043,-0.9090909090909092,-2.536143102180838,0.5836940836940836,0.04728546409807355,-2.30512351326624,0.2175371711780405,0.171875,-0.5461538461538462,-0.5276073619631901,0.010810810810810922,0.13407821229050265,0.0,0.018130480011888883,0.0,-0.01098901098901095,0.058521346754598864
30,2002-09-28,-0.13081930097636907,0.15436387502403706,-0.37282219525714205,0.009612197547232304,-0.019606628251994773,0.035833490773978134,-7.4349593495934965,-7.4349593495934965,-6.333333333333334,-9.0,0.5621311213909714,-14.43006833712984,-21.955685618729095,1.4360322467577986,0.4352454909819639,-0.24,-1.1101694915254237,-1.1168831168831168,-0.0267379679144385,-0.25123152709359603,0.0,0.12801050941468395,-0.8902439024390244,0.03333333333333344,0.1433630640083947
31,2002-12-28,-0.026541853208519872,-0.04129789237343373,-0.10602875841972004,-0.1063437547350876,-0.003173956702174685,-0.007701037613488949,-0.7119393556538218,-0.7119393556538218,-0.6875,-0.6875,-1.037271520473808,-1.0866718681095018,-1.0134062163348363,-1.1889928057553956,-0.05731302906012736,0.06315789473684208,3.5384615384615383,3.7777777777777777,-0.005494505494505475,0.09210526315789468,0.0,0.024068322981366297,3.888888888888889,0.053763440860215006,0.07278880348743844
32,2003-03-29,0.01655108593854515,0.01665810467786777,0.03965051967830702,0.04795546387091298,0.010460914220503437,0.02802058655338624,-1.4199561403508771,-1.4199561403508771,-1.4,-1.4,25.421917808219174,0.08923679060665357,0.3125,3.487247811191473,-0.2728135342174084,-0.17161716171617158,-4.796610169491527,-4.930232558139535,0.005524861878453136,-0.16265060240963858,2.891511627906977,-0.006065200909780133,0.0,0.061224489795918435,-0.029861519542319526
33,2003-06-28,0.004908062932882817,0.0070965201043300405,-0.020097144766261454,-0.015343544385718944,0.01169113648722142,0.04078591862682779,1.8093994778067883,1.8093994778067883,1.5,1.5,-2.043343011198673,-0.3532159540064679,-0.471655328798186,-1.7170851713607058,0.2690239012125648,0.09561752988047822,-0.1830357142857143,-0.14792899408284022,0.005494505494505475,0.08633093525179869,0.0,0.006737859140605318,0.0,0.05769230769230771,0.022789274986910524
34,2003-09-27,0.02922269274425915,0.04766542707042088,0.04057279236276856,0.04411885526495962,0.02624053363102008,-0.0008207829887953987,1.170074349442379,1.170074349442379,1.6,1.1999999999999995,-0.5350824885708607,-0.5644444444444445,4.695278969957083,-0.3726487637525139,0.13299393088227918,0.3345454545454545,-2.087431693989071,-2.0902777777777777,0.010928961748633892,0.33112582781456945,0.0,-0.0029044071221114853,2.204545454545454,0.009090909090909037,0.003394762366634385
35,2003-12-27,0.020386738280939287,0.027600924021748297,0.03631918540175416,0.05675916697266947,0.01614213675156284,-0.047071409467772114,-0.5546038543897216,-0.5546038543897216,-0.6153846153846154,-0.5454545454545454,-0.8315519452757589,0.7691326530612246,-0.3202712886209496,-1.0305487459928342,-0.0035858954777873158,0.032697547683923744,0.6482412060301508,0.6496815286624205,0.010810810810810922,0.01990049751243772,-0.6515373352855052,-0.0041793313069908855,0.6737588652482269,-0.009009009009009028,-0.02760324364964295
36,2004-03-27,0.022515172929830296,0.034131330230900536,-0.00019456672422601962,0.002755026061057375,0.028685464313326525,0.11559279900565332,1.4894230769230767,1.4894230769230767,1.6,1.4,12.33502538071066,0.14419610670511895,0.951219512195122,-69.62962962962963,0.2469843385538153,0.2453825857519789,0.4298780487804876,0.4285714285714286,0.021390374331550662,0.22926829268292706,-0.2960898645172355,0.006104540251812285,0.419491525423729,0.009090909090909037,0.031286242889490216
37,2004-06-26,0.030993845950574524,0.04271408404965316,0.04305626505144855,0.04673151654662022,0.027808469088853597,0.06427903967797577,0.2842796446504441,0.2842796446504441,0.23076923076923084,0.25,-0.852683669585078,-0.027095148078134845,-0.5340909090909092,-0.9270552257600287,0.014447829262643984,0.10381355932203397,0.2857142857142858,0.2864864864864867,0.020942408376963373,0.08333333333333326,-0.2307223778779389,-0.003160156743774567,0.2776119402985073,0.0,-0.003828955471657736
38,2004-09-25,0.04372535488958995,0.05543055449622458,0.060565778119825664,0.0642010924826788,0.03921225492340663,0.07978049810046439,0.5669172932330826,0.5669172932330826,0.625,0.6666666666666667,7.422480620155039,0.3620466321243523,-0.4658536585365853,13.045622688039458,0.20003863444787864,-0.001919385796545048,0.2736318407960199,0.2710084033613445,0.02564102564102577,-0.02197802197802201,-0.23404592240696756,-0.0043114379913771214,0.2429906542056075,0.02702702702702675,-0.008251800881625582
39,2004-12-25,0.01863509499364824,0.015537207999855475,-0.0612630838244349,-0.059283619233845834,0.040487144790257064,0.03480844409695072,-0.12207293666026875,-0.12207293666026875,-0.15384615384615385,-0.16000000000000006,-0.5961803957662218,0.4821683309557774,3.052511415525114,-0.6166271617943989,0.06390575839613666,0.125,0.24869791666666674,0.2545454545454544,0.03499999999999992,0.09363295880149812,-0.15133347115980975,0.021523178807947074,0.2048872180451129,0.035087719298245716,0.07954576252811885
40,2005-03-26,0.11803594857601166,0.15067632076758408,0.267791051768564,0.27281746031746024,0.08108342437011218,0.046255440038684766,0.32225623087013555,0.32225623087013555,0.3181818181818181,0.2857142857142858,2.2820512820512815,-0.3378248315688161,3.507042253521127,4.264254637050607,0.3162086324997937,0.3572649572649573,0.16475495307612098,0.15810276679841914,0.03864734299516903,0.3150684931506849,0.05992691839220465,-0.03303827452936048,0.15600624024960985,0.008474576271186418,-0.09595300261096597
41,2005-06-25,0.07483921262911708,0.0662588511765494,0.12270426074424455,0.12543146642912806,0.06098858502419336,0.06955818420786564,0.3488756613756614,0.3488756613756614,0.2758620689655173,0.3333333333333333,-0.38003472222222223,2.481589147286822,-0.5785,-0.7148201313671756,0.0685121902791277,0.10579345088161184,0.18531781557743954,0.17633674630261664,0.046511627906976834,0.0625,-0.08273960009193293,-0.012893243940175323,0.1835357624831309,-0.008403361344537784,-0.052596500971952335
42,2005-09-24,0.07960494589224743,0.10379943837331253,0.02044007043760176,-0.0018303240168191515,0.09772124852601773,0.05624350127611311,0.16155920568766846,0.16155920568766846,-0.4054054054054054,-0.4166666666666666,0.03752450294035281,-0.8431672696910659,-0.4739027283511269,0.7917937766931056,0.11488845638502833,0.3018223234624147,0.0996978851963748,0.0976789168278529,0.08888888888888903,0.2450980392156863,0.05086444500125276,0.016718913270637348,0.11972633979475478,-0.016949152542372947,0.10584476491968586
43,2005-12-24,0.05135810233741545,-0.046020799124247384,-0.041448270300782235,-0.01815508639772689,0.07777481935785957,0.1244981973458794,-0.39679189531447867,-0.39679189531447867,-0.40909090909090906,-0.4285714285714286,-0.8556005398110661,27.11889973380657,5.018602029312289,-2.658295735081297,-0.17088618699229785,0.4111986001749781,-0.03640109890109888,-0.03612334801762118,0.05714285714285694,0.295275590551181,0.22103004291845507,0.02517985611510776,-0.03258655804480648,-0.008620689655172377,-0.028388157022821825
44,2006-03-25,0.1317761742422956,0.17537006862047597,0.1894506603852948,0.1009169681164297,0.11717552049613245,0.14813088362362992,0.953114065780266,0.953114065780266,0.9230769230769228,1.0,-0.0816199376947041,-0.8956137582833701,0.4590240704317692,-1.7069301848049283,0.1457032820534523,0.407935523868568,0.0776906628652887,0.0822669104204754,0.11196911196911197,0.3328267477203646,0.3751220464752978,-0.012907268170426091,0.06526315789473691,0.01739130434782621,0.06762876473155832
45,2006-06-24,0.20472939897471631,0.14410790715111374,0.679142796520263,0.5489279109929242,0.0768588487376376,0.18517601624003555,0.0764063059835185,0.0764063059835185,0.040000000000000036,0.04166666666666674,16.8561736770692,6.616686819830713,-0.9466555398639106,-0.8652966378621741,0.017130719859629773,0.013650374284456037,0.017857142857143016,-0.00929054054054057,-0.06944444444444431,-0.08893956670467495,-0.1282306163021869,-0.1061317760568744,-0.01976284584980237,0.008547008547008517,-0.2613517311869171
46,2006-09-30,1.1343655272814297,-0.010075979438448512,1.1098587277919585,0.7195587611370386,1.1446653330736956,0.2871621339349124,-1.1226595656153782,-1.1226595656153782,-1.1153846153846154,-1.12,-0.9344604863221884,4.813700587394824,75.42960288808665,-44.24366576819408,-0.728318503722535,-0.035621198957428324,-0.4853801169590644,-0.5038363171355499,1.1417910447761193,0.03629536921151422,-0.1179345170223164,0.004828859536997632,-0.4022177419354839,-0.1694915254237288,-0.42432628775037184
47,2006-12-30,0.013770066748033384,0.035045617229037866,-0.0384300572957218,-0.050683100086642674,0.03535286834502682,0.059446687525153585,-11.913161465400274,-11.913161465400274,-11.333333333333336,-11.0,17.05391304347826,-0.9307764776559576,-1.2087446664462391,-1.0920752458955083,0.24683353941783914,0.061711711711711865,0.07323232323232333,0.05670103092783507,0.026132404181184562,-0.503623188405797,0.5010156971375808,0.02120141342756177,0.18549747048903886,-0.1020408163265306,0.09031909140075722
48,2007-03-31,0.0040461062563723615,0.030184618869634194,-0.11452061620230035,-0.17816085006588256,0.0495754705699456,0.1095140063230644,0.34489618301628755,0.34489618301628755,0.32258064516129026,0.3333333333333335,0.5757955238737438,-0.8714990138067061,1.3189772213003468,1.3276468995396695,0.4608003430807579,0.12558336868901154,0.04470588235294115,0.04715447154471542,0.03735144312393901,0.0948905109489051,-0.14099409448818911,0.04539792387543251,0.11095305832147928,-0.06818181818181822,0.2535273368606701
49,2007-06-30,0.0716024082422746,0.13377656048401446,0.09659554513481837,0.21890122821210567,0.0635055912812168,0.05753619827043499,0.14394009429601562,0.14394009429601562,0.12195121951219524,0.125,-0.5146612328069282,-1.6707597851112816,-1.473020003252561,1.2858887854816192,0.7210693381772812,0.07576328684508105,0.06081081081081075,0.07298136645962727,0.062193126022913166,0.03777777777777769,-0.11142938985963903,-0.007546670197272509,0.13188220230473746,-0.04878048780487798,-0.06986457966936332
50,2007-09-29,0.1418125320561212,0.1385072600586965,0.11450551424209633,0.07770282500874902,0.15093420563951665,0.057753061277773465,0.2974785841280103,0.2974785841280103,0.28260869565217384,0.2666666666666666,1.0662524141405658,-56.67162471395881,-0.5186687753558412,-0.831980457518003,0.07039445628997876,-0.035739313244569026,0.4384288747346072,0.4645441389290883,-0.5053929121725732,-0.09207708779443248,-0.2079303675048356,0.00800426894343653,0.4490950226244341,0.012820512820512777,0.05644055778775714
51,2007-12-29,6.407169697725603,0.8860639310586702,11.61917843960311,0.4019214834389626,4.721249114149652,0.8337076987633598,-12.168109623170352,-12.168109623170352,-6.610169491525424,-6.80701754385965,0.010484821392286792,41.683580985264186,296.40671428571426,7.217476904437376,0.5404220989412667,0.1842296511627908,-2.2206642066420663,-2.027667984189724,4.61993769470405,1.3938679245283017,-0.2287342287342288,-0.22763366860772904,0.0,-0.5569620253164558,0.3453398362342832
52,2008-03-29,-0.013691744946084272,-0.12544379641350067,-0.05642974551261426,0.09718450479233233,0.01680028947390122,0.16046251800401135,-1.1561203319502074,-1.1561203319502074,-1.0664652567975832,-1.0664652567975832,1.3788658757289365,-1.0103180048679374,-1.0939550312775146,-2.047917434574272,-0.3676380259014761,-0.04602638846271878,-0.4498186215235792,-0.4653846153846154,0.0155210643015522,-0.8305418719211823,0.0,0.031014393420150776,0.0,-0.22857142857142845,-0.20291349319852334
53,2008-06-28,0.002964899989500003,0.056201447371418516,-0.02096191306337292,0.10618960088812844,0.018806375764397698,-0.0036098067964588365,0.09632765334190684,0.09632765334190684,0.09090909090909084,0.09090909090909084,-0.09916230632031853,-1.6866396005413224,-0.6444631901840491,-1.3879704537460429,0.22555545330920326,-0.17754905114184627,-0.3824175824175824,-0.38848920863309344,0.0169213973799125,-0.18604651162790695,0.0,0.01578859896958606,0.0,-0.14814814814814814,-0.045189017775181466
54,2008-09-27,0.04108897585997706,-0.002677441619693965,0.1494675871983948,0.12163509471585245,-0.027865473759333348,0.03031954029411499,-3.3521725671646654,-3.3521725671646654,-3.375,-3.375,-0.15553157549028807,40.46798966970233,-8.121148066663789,-2.0970988213961923,-0.20191385164729736,-0.17794290183809158,0.4661921708185053,0.4352941176470588,-0.027375201288244663,-0.19285714285714284,0.0,-0.06626308900523559,0.0,-0.08695652173913049,-0.11082462963772233
55,2008-12-27,0.0005818333269409504,0.07676281542955521,-0.01420098655265789,-0.07458159149248256,0.011702897871708862,-0.030012609770538327,-1.3324213501045894,-1.3324213501045894,-1.3333333333333337,-1.3333333333333337,0.3432635146397023,-0.9713042480660812,-1.0582945968103452,-4.13271630443765,0.7925695947146696,-0.27497621313035203,-1.0546116504854368,-1.0532786885245902,0.011037527593819041,-0.2566371681415929,0.0,0.011039074820396122,-0.9055425448868072,0.04761904761904767,0.16356219590111576
56,2009-03-28,-0.2894580842608729,0.06463279589833681,-0.017740376348333697,-0.026311451504507862,-0.4886365596196566,-0.06341311129386606,-48.92719771633364,-48.92719771633364,-48.21052631578948,-48.21052631578948,-0.0051535731716396685,-0.11285624535952946,1.0312445876199383,-0.3965944762457464,0.2667906857399449,-0.21850393700787407,-126.68888888888891,-121.26923076923076,-0.4890829694323144,-0.22619047619047614,2.9279683377308707,-0.28024263431542473,0.0,0.04545454545454541,0.09338965153115096
57,2009-06-27,-0.011259025894981513,-0.0012451451914756715,-0.035077115242902024,-0.03485896233786534,0.022278266604709662,0.0027511479699711128,-1.0178247694735607,-1.0178247694735607,-1.0178372352285396,-1.0178372352285396,0.2844492117341848,0.1760767398442027,0.8562926330150069,-0.4209053749808739,0.12195941591323402,0.14441645675902606,0.17344413012729842,0.0847457627118644,0.022435897435897575,1.2461538461538462,0.0,0.033951360462316504,0.0,0.04347826086956519,0.03480645908985558
58,2009-09-26,-0.0049695317356985855,0.034527224599482764,-0.026342967608437684,0.11079626912243423,0.023437044965874062,-0.0008756697757491548,-0.1478048780487805,-0.1478048780487805,-0.1875,-0.1875,-0.024159561865180312,-0.4411539303700461,-0.15241656178515986,0.867096969010682,0.2029574800694236,0.11298606016140855,0.08693686906734976,0.013266509433962348,0.017763845350052154,0.08904109589041109,0.0,0.028411737307871388,0.0,0.08333333333333348,-0.06865270467017581
59,2009-12-26,-0.0013364200112903069,0.06978074681442603,-0.07946081867406041,0.0271553949406298,0.0974451937446148,0.02403622938324146,-0.2531482541499713,-0.2531482541499713,-0.23076923076923075,-0.23076923076923075,-0.16428178133354565,0.4963267704966206,-0.3625327870629295,0.048337208126958416,0.1768706554883248,-0.0039551746868820015,0.20349320765178813,0.11841722432353795,0.09548254620123207,-0.02515723270440251,0.0,0.09895833333333348,0.0,0.0769230769230771,0.04148629148629146
60,2010-03-27,0.010145675355283323,0.13893965013051268,0.008631097595376058,0.3182963173206557,0.01175202633335837,0.013732640235859959,-0.2098869515232803,-0.2098869515232803,-0.20000000000000007,-0.20000000000000007,-0.25286361796200896,-4.684865147944489,0.08710511102798657,0.6637033323048442,0.2500362274737569,0.13103904698874924,-1.0537894494356141,-1.0559313215400623,0.009372071227741195,0.032258064516129004,0.0,0.0016484648670924695,5.198347107438017,0.03571428571428559,-0.13605049455413154
61,2010-06-26,-0.001568675549323939,0.04757789615444552,-0.013351300044069259,-0.11651079862746415,0.010889348789630215,0.0061729871422011575,0.3312639441264915,0.3312639441264915,0.375,0.25,0.2520133443828223,-1.196677917925031,-0.28049486212990915,-0.30391895494534793,0.1392323475881896,-0.043300175541252095,-0.1413276231263384,-0.11162790697674417,0.010213556174559102,-0.05000000000000005,-0.7663061731712233,0.012343139271754788,-0.11999999999999987,0.0,0.18576265146115456
62,2010-09-25,-0.018328107250731532,0.04797958364288157,0.005761866886100808,0.12177773716235253,-0.0431881802113564,0.018079692317200413,-5.9903089478286216,-5.9903089478286216,-5.8181818181818175,-6.3,0.00788343714465123,7.754674374491915,-1.0256287633415213,-0.5960734684362147,0.04936625909705139,-0.07828746177370037,-1.5660847880299251,-1.5759162303664922,-0.04595588235294112,-0.08552631578947377,0.056625467088243786,-0.025198130461288267,0.0,0.0,-0.06578255315951609
63,2010-12-25,0.007064730313763201,0.07855172671108157,-0.005370847047690974,-0.01289170694617936,0.02055437940908233,0.009974340355686008,-1.0798691722516682,-1.0798691722516682,-1.0754716981132075,-1.0754716981132075,0.13934377920536156,-0.6251457342426463,-6.156064461407973,2.8096631900070084,0.17922133333333326,0.15461181154611792,0.2422907488986783,0.2454545454545456,0.01734104046242768,0.2086330935251799,0.0,0.013341671878257078,0.0,0.034482758620689724,0.09261269956166808
64,2011-03-26,0.03012295830664446,-0.022172629092136357,0.02378241514952628,-0.06747819309285563,0.036826220326969805,0.014055496091970987,6.536106032906764,6.536106032906764,7.0,6.75,-0.3949941250803645,2.3693163051855115,-1.8236552064484288,-1.3800196946250989,-0.05775644863133099,0.1701149425287356,-0.7943262411347518,-0.7956204379562044,0.03409090909090895,0.14880952380952372,0.0,0.006583007611602687,0.0,0.0,0.0485829959514168
65,2011-06-25,0.017302226792133224,0.04217284871013649,0.015473326518623988,0.14837995968336706,0.01921142690643385,0.02833915800944253,-0.5609679180059434,-0.5609679180059434,-0.5625,-0.5483870967741935,0.4648100647367779,-0.28989331285637265,0.4753345316556821,-2.164160829204397,0.07135925210937688,0.039292730844793684,-0.5517241379310345,-0.5357142857142858,0.016483516483516425,0.005181347150259086,0.0,0.0018393623543837558,0.0,0.0,-0.09248859248859233
66,2011-09-24,0.012052267533154916,0.1118599498590822,0.01485168140657356,0.0905770885691166,0.009140660407732204,0.035388244266009394,-0.2383412531771466,-0.2383412531771466,-0.2857142857142857,-0.2857142857142857,-0.008463693672659311,-0.7594073187847274,-0.8160281575741167,1.4100726463322162,0.1605259685142253,-0.1502835538752363,-22.115384615384613,-21.615384615384613,0.00540540540540535,-0.1649484536082474,0.0,-0.0028559771521827764,0.3303030303030303,0.03333333333333344,0.01953200541481337
67,2011-12-24,0.006208248596220932,0.07029339489165243,0.0033891242673471647,0.004504858180390592,0.00915694977178272,0.012131593315419352,-0.24509412746200446,-0.24509412746200446,-0.20000000000000007,-0.20000000000000007,-0.060365489576062366,0.1762933919862293,-5.646063281824872,-0.1804609716738894,0.11336006244279352,-0.10789766407119028,0.04371584699453557,0.04477611940298498,0.007168458781362075,-0.11111111111111116,-0.2603373231773666,0.002864157119476296,0.039863325740318915,0.0,0.0654779969650987
68,2012-03-24,0.00035924079122939817,0.03738545338924393,-0.004387313872515786,0.16038652063039205,0.005295587943537017,-0.003270497195961175,-2.9350855275802417,-2.9350855275802417,-2.875,-2.875,-0.0951123680983792,-0.7362302345433113,4.355083940449794,-0.2386501547987616,0.07751909638599798,0.2107231920199504,-0.7382198952879582,-0.7357142857142858,0.001779359430605032,0.20138888888888884,0.13387274733357835,0.004895960832313362,-0.7393209200438116,0.0,-0.10599586982838438
69,2012-06-23,-0.0035484609117074632,0.0294782603446877,-0.015064652875921403,-0.061828291979751475,0.008312851592037873,-0.001988687614742135,-1.5858515630819656,-1.5858515630819656,-1.6,-1.6,-0.2898797278050325,2.210664200955463,-1.0107358334319176,-0.1782397241334439,0.059119243681843736,-0.014933058702368829,-0.2866666666666666,-0.28378378378378377,0.007992895204262941,-0.01734104046242779,2.6500162179695104,0.011977263499796996,-0.2899159663865547,0.0,0.09733561671113944
70,2012-09-29,0.738421455918354,0.018260776659561277,1.4866733078735357,0.18711306804617436,-0.014386281306056016,0.2516226171134004,-4.2960498431804695,-4.2960498431804695,-4.333333333333334,-4.333333333333334,0.19214162348877384,181.33944513775558,9276.856749311297,-7.821955226539459,-0.3807964361240197,0.00470465237846307,-3.3084112149532716,-2.9433962264150946,-0.022026431718061627,-0.00588235294117645,0.4233537723273793,-0.43309929789368096,0.0,-0.096774193548387,-0.1422349653395275
71,2012-12-29,-0.0008163512297477692,0.062201618155691474,-0.004243969294087879,1.3463451218645526,0.007884078214648982,0.0727451286895886,-1.0400941273290727,-1.0400941273290727,-1.0333333333333334,-1.0333333333333334,0.8112301527029709,-1.0041465071100275,-1.0037356043685874,-1.4585523948794727,0.2819995360705172,0.05411030176899079,0.23886639676113355,0.07766990291262132,0.004504504504504458,0.08284023668639051,0.0,0.008846426043878308,0.0,-0.07142857142857151,-0.5473047304730473
72,2013-03-30,-0.01522168054712425,-0.03191594448018231,-0.022118257727400725,-0.3489260210871189,0.0020734652738125803,-0.02961692341319244,-17.389993585631814,-17.389993585631814,-20.0,-20.0,-0.9064473472020642,2.1966099542915187,1.963436928702011,-0.8321638055947507,0.03691867869406007,0.07897334649555754,0.11764705882352945,-0.00900900900900914,-0.004484304932735439,0.07103825136612008,0.0,0.017537706068046388,0.0,-0.03846153846153855,0.4869613982615197
73,2013-06-29,0.002327725335976361,0.08965449015957705,0.002449498144601048,0.2460808903441136,0.002029717471353276,0.021990882426391026,-0.7857310582341891,-0.7857310582341891,-0.7894736842105263,-0.7894736842105263,15.982417430876373,-1.5167120131869003,-0.8529892980715071,7.047049952874646,0.2865089208532663,-0.04254345837145468,0.3391812865497075,0.19090909090909086,-0.0018018018018017836,-0.0357142857142857,0.0,-0.0003447087211307931,0.0,-0.040000000000000036,-0.1255892890816519
74,2013-09-28,-0.12894162632825468,-0.07263103500452506,-0.03779137087104345,-0.1354467270833879,-0.3521020585096478,-0.0064171362132188214,100.7262100456621,100.7262100456621,101.75,101.75,-0.6833160100042226,-0.1800676454762088,34.290093048713736,-1.6369420186649677,-0.14184866304134613,-0.00382226469182978,8.38646288209607,7.931297709923665,-0.3583032490974729,-0.005291005291005346,0.0,-0.2562068965517241,0.0,0.04166666666666674,0.07267629933146423
75,2013-12-28,-0.057385307987947276,-0.2445622091158229,-0.07444537780604621,-0.42277330334452395,0.0046448311188234115,-0.015543674994132894,-0.995196166269564,-0.995196166269564,-0.9951338199513382,-0.9951338199513382,0.9137157363009308,-0.3257863404115689,1.6596303476799794,1.7950777468849757,-0.4620141278313414,0.014868105515587482,0.11258432193533374,0.05897435897435899,0.0,0.5851063829787235,0.0,0.06583217431617983,0.0,0.040000000000000036,0.30873877496314184
76,2014-03-29,-0.014369233177296216,0.03066248607306465,-0.023184905147512702,-0.12347494735434705,0.015160999748273785,0.020507863524739992,2.133059241263316,2.133059241263316,2.0,2.0,-0.5374097249206116,0.4034624209135784,-0.9868147632663932,-1.1106152072883826,0.09499466652203004,0.007088846880907385,0.08153878319046615,0.023405972558514957,0.00843881856540074,0.0067114093959732566,0.0,0.030013049151805138,0.0,0.03846153846153855,0.1758410568897537
77,2014-06-28,0.005931913046441918,0.13272600746504715,-0.00024944016976968797,0.08574261417185558,0.02585572568699712,0.01214704451783022,-1.6740232627497762,-1.6740232627497762,-1.6666666666666667,-1.6666666666666667,1.2938058480209709,-0.14143465768354302,-2.0057496682883684,2.520197935004996,0.30541028064773124,0.08916001877053037,0.10032862942199894,0.03548895899053628,0.01952580195258013,0.08000000000000007,0.0,0.0198479729729728,0.0,0.07407407407407396,0.043287026956408285
78,2014-09-27,0.0003209700427959649,0.09313041049986047,-0.0045449558825834116,0.03629369459775877,0.0156057697041303,0.04433133101485942,1.488141592920354,1.488141592920354,1.5,1.5,-0.16848186381286112,-0.12872886734752753,-2.5684549985341545,-0.299848615916955,0.1637944664031621,0.09478672985781976,-1.0151089248067464,-1.015993907083016,0.012311901504788114,0.07407407407407396,0.0,0.015320910973084969,-0.5976331360946745,0.034482758620689724,0.05484826981675495
79,2014-12-27,-0.04000142607579593,-0.14637884787329158,-0.0591967504762505,-0.0190445448676565,0.019098400387784764,-0.011873263058470251,0.03855455968132016,0.03855455968132016,0.0,0.0,0.16552771450265746,0.4569536423841058,29.018691588785053,-2.8542471042471043,-0.26096997690531176,-0.015348288075560882,1.9534883720930232,1.9523809523809528,0.014864864864864826,-0.028735632183908063,1.603483798464132,0.0615823817292005,1.9705882352941175,0.03333333333333344,-0.12979304340944164
80,2015-03-28,-0.005731545784280922,0.05962890917252728,-0.018826246297504845,0.7179993418887791,0.031487823439878326,0.004136029411764719,0.6369863013698631,0.6369863013698631,0.7,0.7,0.02801302931596084,-0.2272727272727273,-0.9654420921544208,-1.6585111920874545,0.23253676470588225,0.1774580335731415,1.1929133858267718,1.274193548387097,0.027962716378162392,0.15976331360946738,-0.607505995203837,0.03726469458317338,1.2128712871287126,0.032258064516129004,-0.3832476922377336
81,2015-06-27,0.012288652605891627,0.1500388335804561,0.005150770910083313,0.13886228691821498,0.031587199114636144,0.058581235697940486,-0.3849372384937239,-0.3849372384937239,-0.4117647058823529,-0.4117647058823529,0.5354879594423321,0.04705882352941182,0.009009009009008915,0.6956521739130435,0.31991051454138697,0.1992532247114731,0.1274685816876122,0.17021276595744686,0.028497409326424968,0.16836734693877564,-0.4735137777234679,0.018888888888888955,0.1297539149888145,0.03125,0.009879820098798177
82,2015-09-26,-0.056626283746387014,-0.2224950884086444,-0.051328604880035315,-0.2061890346451396,-0.07058245049394307,0.012826055627612076,-0.1428571428571429,-0.1428571428571429,0.0,-0.20000000000000007,-0.040445728435823385,0.6460674157303371,51.964285714285715,-2.8354312354312348,-0.44485875706214695,0.11519954712708745,-0.02388535031847128,0.0,-0.07430730478589431,0.08296943231441056,-0.02715562260647564,-0.014540167211922972,-0.035643564356435675,0.03030303030303028,-0.020588450025553096
83,2015-12-26,0.001225538128577286,0.09578332280480106,-0.013897583573306616,-0.03029661016949148,0.041891111966140926,-0.01081388730791122,2.369047619047619,2.369047619047619,2.0,2.625,-0.2933333333333333,-1.4197952218430034,-0.9737019554956171,-1.4038608077216157,0.323631182576837,-0.010913705583756372,0.4127243066884176,0.4424242424242424,0.03809523809523818,0.06854838709677424,0.03304306334247875,0.0405754334194024,0.4004106776180698,0.02941176470588225,0.13000372717107722
84,2016-03-26,-0.05120125008138554,-0.21265403185126466,-0.0492091707175506,-0.08127594494210177,-0.05627106125652037,-0.0027330264672036364,-0.18845700824499406,-0.18845700824499406,-0.2,-0.1724137931034483,-0.08642726719415705,-3.1788617886178865,28.35897435897436,-3.10062893081761,-0.5136091034906967,-0.07903515524762639,0.1293302540415704,0.1386554621848739,-0.0393184796854521,-0.1132075471698113,-0.3524249422632795,-0.005317263381779513,0.09677419354838723,0.02857142857142869,-0.14295138201728352
85,2016-06-25,0.002799774920055453,0.11660259930441152,0.004216028539270056,0.08299643281807367,-0.0008315398160829713,0.0347612866003173,0.23076923076923084,0.23076923076923084,0.29166666666666674,0.25,0.6395736175882745,-0.19402985074626866,-0.7847161572052401,-1.3748502994011975,0.3958267467594057,-0.014488715519643482,0.2944785276073618,0.2988929889298895,0.004092769440654953,0.02765957446808498,-0.11162624821683308,-0.0035637918745545782,0.2553475935828875,0.05555555555555558,0.031019088669950845
86,2016-09-24,0.0014096651018928874,0.08737704918032785,-0.017040273556231056,-0.009771629336846721,0.04895481470602636,0.013102871480345613,0.08726415094339622,0.08726415094339622,0.06451612903225823,0.10000000000000007,-0.07882974400650145,0.4953703703703705,-0.11257606490872207,-0.14616613418530355,0.2421291053227632,0.02007350862312696,0.2448657187993681,0.26988636363636354,0.04619565217391308,0.014492753623188468,-0.2041348855881172,0.04721030042918462,0.2438764643237488,0.0,0.0980963045912655
87,2016-12-31,0.0028426950936175643,0.7624755012814715,-0.012581411978431878,0.4310899212773034,0.04008960657114846,0.010456796917996723,-0.061822125813449036,-0.061822125813449036,-0.06060606060606066,-0.09090909090909094,-0.2518747243052493,-0.2198142414860681,-0.5382857142857143,-0.0869971936389149,0.1779722830051058,0.055432372505543226,-0.0025380710659898,0.017897091722595126,0.036363636363636376,0.010204081632652963,-0.17200504413619164,0.03722677595628432,-0.009417808219178148,0.02631578947368429,0.23155890951118366
88,2017-04-01,0.1865409250729102,-0.1224498524442924,0.1566390041493777,0.8403966839699388,0.25509288342457137,-0.02587145969498905,5.090173410404624,5.090173410404624,5.064516129032258,5.133333333333334,-0.5058962264150944,-18.81746031746032,0.11633663366336645,4.006147540983608,0.7563467492260061,0.059873949579831935,1.1832061068702289,1.265934065934066,0.25187969924812026,0.022222222222222143,0.05086810843740497,0.05795192624300283,1.3604148660328437,-0.02564102564102566,-0.5231576041954182
89,2017-07-01,-0.06760388670663631,-0.25138902427137144,-0.111193840426432,-0.2368443209564705,0.024489649994637208,0.12678221973720993,-0.8870539104024298,-0.8870539104024298,-0.8882978723404256,-0.8858695652173914,-5.912887828162291,-1.067260579064588,1.5077605321507759,-2.1178878428162093,-0.4814031376696634,0.10158572844400404,-0.11130536130536127,-0.057225994180407413,0.02302302302302306,-0.12055335968379433,-0.5347826086956522,0.09866168689698096,-0.060783595752471616,0.0,-0.01910164389905067
90,2017-09-30,-0.017048534121704817,-0.03736979166666665,-0.01094737643743815,0.029071050308914437,-0.02823143495254044,-0.003969730802629967,0.38991596638655457,0.38991596638655457,0.4285714285714286,0.3809523809523809,-1.4046635899927131,2.5695364238410594,-0.02210433244915999,-0.9124862687660198,-0.08123725356900069,-0.0798470535312642,-0.07180327868852454,-0.03292181069958844,-0.011741682974559796,-0.101123595505618,-0.049221183800623125,-0.011331444759206777,-0.03703703703703709,0.0,-0.06455800778944898
91,2017-12-30,0.008609454107975312,0.10807520627620716,-0.06556430345146202,-0.2978290002680246,0.14698172154989764,-0.014696724374143709,3.917775090689238,3.917775090689238,3.9,4.0,0.015006002400960394,-0.7569573283858998,-0.8164556962025317,-3.5899581589958163,0.22900480947095825,-0.022977267171840562,0.3055457435535145,0.3936170212765957,0.1435643564356437,-0.010000000000000007,-0.007863695937090355,0.1372492836676218,0.3979757085020244,0.0,0.5780974009588695
92,2018-03-31,-0.10112694606314376,-0.001953125,-0.013493191603320742,-0.007863195663791123,-0.23431433938634935,-0.0022753128555176305,-2.6754364396360955,-2.6754364396360955,-2.673469387755102,-2.6965517241379318,-0.42400946185688937,0.3396946564885497,4.669950738916256,-1.4054927302100162,-0.07555689343768812,0.00600450337753311,-1.1268939393939394,-1.1290076335877863,-0.22424242424242424,-0.12121212121212123,-0.2992073976221929,-0.14814814814814806,0.0,0.07894736842105265,0.005916213623281097
93,2018-06-30,-0.01976667035275903,-0.024339530332680992,-0.03067574340126966,-0.0495537088334872,0.001594700686947892,0.043963005194476164,-1.1656882888171411,-1.1656882888171411,-1.1666666666666667,-1.1666666666666667,1.4024640657084189,-0.2478632478632479,1.098175499565595,-0.2270916334661355,-0.06317160534027999,-0.05545884108430743,-0.3795309168443496,-0.3846153846153846,0.0044642857142855865,0.2183908045977012,0.0,0.02159124519372968,0.0,0.024390243902439046,0.02654585916388497
94,2018-09-29,0.01967171503511289,0.08010530274539307,0.034511730110515115,0.13552461139896366,-0.008450704225352101,-0.012742718446601908,-0.5527015057573074,-0.5527015057573074,-0.5365853658536586,-0.5365853658536586,-0.006837606837606813,3.071969696969697,-0.8844720496894409,-3.3530927835051547,0.15867222801529368,0.07240652975250139,0.4536082474226804,0.4423076923076923,-0.06666666666666665,0.06839622641509435,0.0,-0.027504342790967033,0.0,0.023809523809523725,-0.04877671105605464
95,2018-12-29,-0.041405634153424915,-0.18645543175487467,-0.055184190250098915,-0.23164123770141165,-0.014163372859025025,0.0211432083589429,0.9524752475247524,0.9524752475247524,0.8947368421052628,0.8947368421052628,-0.5499139414802066,0.21581395348837207,10.763440860215054,-4.894852135815992,-0.5333733313334333,0.01448563712251416,3.080378250591017,2.9266666666666667,-0.021428571428571352,0.08609271523178808,0.0,0.02828222685323012,0.0,0.06976744186046524,0.058766075207553385
96,2019-03-30,-0.058602034191733376,0.07782295456166621,-0.037821515946309336,-0.030156815440289475,-0.09797861677246912,-0.014806789454676728,-3.7647058823529416,-3.7647058823529416,-3.8055555555555562,-3.8055555555555562,0.2762906309751434,-0.7214996174445294,-0.975624619134674,-1.2528121484814398,0.2889746062359371,0.04211035818005815,-0.973928157589803,-0.9745331069609507,-0.019464720194647175,0.0650406504065042,0.0,-0.04169079328314984,0.0,0.021739130434782483,0.11139298892988923
97,2019-06-29,-0.00044442401115663,0.05347452018530774,-0.01365250257702444,-0.02870264064293915,0.026252430780627774,0.04154447702834796,-1.3444607483492297,-1.3444607483492297,-1.3465346534653464,-1.3465346534653464,0.2262172284644195,-0.09890109890109887,12.0625,-0.7007786429365962,0.0670822942643392,0.07292150487691584,1.8666666666666667,1.9333333333333336,0.028535980148883144,0.0935114503816794,0.0,0.026586102719033056,0.0,0.042553191489361764,0.08459569758594454
