,Quarter end,Assets,Current Assets,Liabilities,Current Liabilities,Shareholders equity,Revenue,Earnings,Earnings available for common stockholders,EPS basic,EPS diluted,Cash from operating activities,Cash from investing activities,Cash from financing activities,Cash change during period,Cash at end of period,Price,ROE,ROA,Book value of equity per share,P/B ratio,P/E ratio,Cumulative dividends per share,Equity to assets ratio,Net margin,Asset turnover,Current ratio
0,1993-12-31,0.0019392372333548735,0.005911977227939458,-0.013982699371963505,-0.016050444253367768,0.05815899581589967,0.06731413261888819,0.15976331360946738,0.15976331360946738,0.1499999999999999,0.1730769230769229,2.6666666666666665,-0.4772727272727273,4.40677966101695,0.5185185185185186,-0.09080717488789236,-0.0005330490405117684,-0.021974063400576397,0.009831460674157409,0.05463182897862251,-0.10337078651685394,0.0907095830285296,inf,0.05618486633439046,0.0050675675675675436,0.008547008547008517,0.022307104660045814
1,1994-03-31,0.0019392372333548735,0.005911977227939458,-0.013982699371963505,-0.016050444253367768,0.05815899581589967,0.06731413261888819,0.15976331360946738,0.15976331360946738,0.1499999999999999,0.1730769230769229,2.6666666666666665,-0.4772727272727273,4.40677966101695,0.5185185185185186,-0.09080717488789236,-0.0005330490405117684,-0.021974063400576397,0.009831460674157409,0.05463182897862251,-0.10337078651685394,0.0907095830285296,inf,0.05618486633439046,0.0050675675675675436,0.008547008547008517,0.022307104660045814
2,1994-06-30,-0.005714285714285672,-0.014148889856334338,-0.019228458118014657,-0.05388872706087966,0.03875049426650845,0.06731413261888819,0.15976331360946738,0.15976331360946738,0.1499999999999999,0.1730769230769229,2.6666666666666665,-0.4772727272727273,4.40677966101695,0.5185185185185186,-0.15166461159062886,-0.05600000000000005,-0.021974063400576397,0.009831460674157409,0.045045045045044814,-0.10337078651685394,0.0907095830285296,1.2857142857142856,0.04461604461604463,0.0050675675675675436,0.008547008547008517,0.0419967120011957
3,1994-09-30,0.010752688172043,0.022742327224552827,-0.006739370175223636,-0.006157635467980316,0.06509326227636092,-0.02416065265139633,-0.0357142857142857,-0.0357142857142857,-0.02898550724637672,0.1730769230769229,0.17355371900826455,0.13043478260869554,-0.5924764890282131,-1.829268292682927,0.1482558139534884,0.02259887005649719,-0.021974063400576397,0.009831460674157409,0.06465517241379337,-0.022556390977443663,0.0907095830285296,0.5,0.05379876796714589,0.0050675675675675436,0.008547008547008517,0.029044750430292643
4,1994-12-31,0.038242846661775465,-0.010146804835924006,0.028744140143103888,0.050495662949194615,0.06576125804145816,0.13633440514469464,0.08465608465608465,0.08465608465608465,0.07462686567164177,0.1730769230769229,0.5880281690140845,12.192307692307693,-0.6384615384615384,-3.7647058823529416,-0.3569620253164557,-0.08342541436464103,-0.021974063400576397,0.009831460674157409,0.06680161943319818,-0.13846153846153852,0.0907095830285296,0.3750000000000002,0.02650038971161361,0.0050675675675675436,0.008547008547008517,-0.05770436964248383
5,1995-03-31,0.03497924211642078,0.06935659760087233,0.02098572970380141,0.07785314066646998,0.07411133467471487,-0.03254102999434072,-0.034146341463414664,-0.034146341463414664,-0.02777777777777779,0.1730769230769229,-0.7782705099778271,-0.8629737609329446,-0.9574468085106383,-1.0141843971631206,0.007874015748031482,0.10427968655816766,-0.021974063400576397,0.009831460674157409,0.06831119544592035,0.03571428571428581,0.0907095830285296,0.2727272727272727,0.03796507213363687,0.0050675675675675436,0.008547008547008517,-0.007839656830116226
6,1995-06-30,0.02799351369804559,0.024270854578829267,0.021846370683580085,0.0478796169630642,0.044333437402435116,0.061713951447791786,0.1464646464646464,0.1464646464646464,0.14285714285714302,0.1730769230769229,1.29,2.3829787234042548,-77.0,14.75,0.123046875,0.13100436681222696,-0.021362799263351828,0.009831460674157409,0.04973357015985802,0.057471264367816126,0.0907095830285296,0.2380952380952381,0.015727871250914568,0.005042016806722671,0.008474576271186418,-0.022586656727543786
7,1995-09-30,0.0013283520132836288,-0.0073675826363998045,-0.008735632183908049,-0.052219321148825104,0.027503736920777344,-0.036088154269972465,-0.044052863436123364,-0.044052863436123364,-0.03749999999999998,0.1730769230769229,-0.4148471615720524,-0.3930817610062893,-0.8092105263157895,-1.4761904761904765,-0.052173913043478286,0.08928571428571441,-0.01656003010914575,0.009831460674157409,0.028764805414551512,0.0380434782608694,0.04761904761904745,0.1923076923076923,0.026287360460929055,0.005016722408026864,0.0,0.047361195851128864
8,1995-12-31,0.0334963933338861,-0.01905717151454367,0.02887291280148418,0.04793388429752077,0.04509746872272325,0.08545298656759083,0.07373271889400912,0.07373271889400912,0.06493506493506485,0.1730769230769229,4.619402985074627,1.5854922279792745,-9.93103448275862,-0.8333333333333334,-0.00917431192660545,0.008418254319893625,-0.013394565633371602,0.008344923504867818,0.044407894736842035,-0.020942408376963262,-0.025608194622279038,0.16129032258064502,0.011228070175438807,0.014975041597337757,0.0,-0.06393359062113146
9,1996-03-31,0.012595266746891376,0.04723926380368093,0.006536684323227736,0.046004206098843266,0.02756124721603559,-0.00526592943654558,-0.03433476394849788,-0.03433476394849788,-0.02439024390243893,0.1730769230769229,-0.9256308100929614,-0.7795591182364731,-1.277992277992278,-4.6,0.03333333333333344,0.1687170474516695,-0.00504266873545367,0.011034482758620843,0.02834645669291347,0.1203208556149733,0.13140604467805514,0.15277777777777768,0.014573213046495503,0.004918032786885185,0.008403361344537784,0.001166861143523823
10,1996-06-30,0.02638250673427356,0.22300331966412806,0.019818609338259963,0.04548881628549895,0.042264968843132016,-0.11408152461619905,0.2088888888888889,0.2088888888888889,0.2,0.1730769230769229,2.392857142857143,-9.818181818181818,-1.0555555555555556,63.22222222222222,2.07168458781362,0.07744360902255631,0.013645224171539905,0.03137789904502042,0.04134762633996925,0.04773269689737458,0.04355400696864109,0.1325301204819278,0.015731874145006763,0.07177814029363773,-0.04166666666666674,0.16977466977466982
11,1996-09-30,-0.0017753763025858407,-0.018361807440523736,-0.022288098375054854,-0.05961538461538464,0.04678970626462186,0.00029877502240815984,-0.06985294117647056,-0.06985294117647056,-0.06249999999999989,0.1730769230769229,0.4105263157894736,-1.002061855670103,43.75,-0.9247404844290658,0.05075845974329063,0.03907885554780188,-0.002307692307692233,0.019841269841269767,0.04705882352941182,-0.002277904328018221,-0.01057317751808562,0.1276595744680853,0.048484848484848575,0.048706240487062624,-0.02608695652173898,0.04390567917635346
12,1996-12-31,-0.007964738632848745,-0.0502602472348731,-0.02874789444132508,-0.05521472392638038,0.0379935435808294,0.04480286738351258,0.06719367588932812,0.06719367588932812,0.05555555555555558,0.1730769230769229,1.544776119402985,291.5,1.4189944134078214,-4.862068965517242,-0.1865630205441421,0.14372061786433846,-0.0011565150346954931,0.031128404669260586,0.03792134831460658,0.09132420091324199,0.10067491563554554,0.10377358490566024,0.046242774566473965,0.059506531204644324,-0.0267857142857143,0.005217612624077272
13,1997-03-31,-0.008652272195806332,-0.007535536907004592,-0.01399005665394848,-0.03787878787878785,0.0023923444976077235,-0.048885077186964006,-0.04074074074074074,-0.04074074074074074,-0.03157894736842093,0.1730769230769229,-0.8621700879765396,-0.6051282051282052,-0.8545034642032332,-0.4047619047619048,-0.13651877133105805,0.04961832061068705,0.0015438054805094747,0.03144654088050314,0.0013531799729364913,0.012552301255229992,0.012263668880940104,0.11111111111111116,0.011356660527931384,0.06849315068493156,-0.03669724770642202,0.03152297759210021
14,1997-06-30,0.015253970750118029,-0.02709232096635028,0.003752345215759956,0.010686164229471329,0.0386634844868734,0.0754433423504659,0.1776061776061777,0.1776061776061777,-0.4130434782608695,0.1730769230769229,2.936170212765957,1.4329004329004333,0.15873015873015886,0.325,-0.20948616600790515,0.06825174825174818,0.00038535645472048685,0.03170731707317054,0.03918918918918912,0.06611570247933883,0.033821302372539115,0.04615384615384621,0.02306525037936269,0.012820512820512777,0.01904761904761898,-0.037371134020618535
15,1997-09-30,0.0125464684014871,-0.07272082298687478,0.011098130841121543,0.07345575959933215,0.015395220588235281,0.02207937395192849,-0.04262295081967216,-0.04262295081967216,-0.03703703703703709,0.1730769230769229,-0.18648648648648647,0.10142348754448394,1.6986301369863015,0.9433962264150944,-0.515,0.15553809897879045,0.01232665639445285,0.03309692671394804,0.01820546163849146,0.11240310077519378,0.3017578125,0.09558823529411753,0.0026698309107089373,0.013924050632911468,0.01869158878504673,-0.13616370242876266
16,1997-12-31,0.04841670491050931,0.06599081866870704,0.07694974003466215,0.1498185588387766,-0.007467752885268132,0.0691823899371069,0.07534246575342474,0.07534246575342474,0.05769230769230771,0.1730769230769229,0.7973421926910298,-1.208400646203554,1.7614213197969542,-1.2446601941747573,0.2597938144329897,-0.14389304328121466,0.02663622526636233,0.021739130434782702,-0.010217113665389577,-0.1585365853658537,-0.17854463615903982,0.08724832214765099,-0.05325443786982242,0.008739076154806291,0.00917431192660545,-0.07290974835805475
17,1998-03-31,-0.0072225869993434175,-0.036605060111250635,-0.051925759038729764,-0.15802524797114514,0.08777929776561777,-0.06751918158567771,-0.04458598726114649,-0.04458598726114649,-0.036363636363636376,0.1730769230769229,-0.8410351201478743,2.0232558139534884,0.11029411764705888,-2.015873015873016,-0.20949263502455,0.03811540497617783,0.001482579688658392,0.017917133258678497,0.08903225806451598,0.04761904761904745,-0.005022831050228271,0.09259259259259256,0.09562500000000007,0.013613861386138735,0.009090909090909037,0.14423306535063274
18,1998-06-30,0.0212375073486184,-0.010616502141925888,0.02681905624080572,0.048995983935743004,0.01089918256130784,0.061162918266593584,0.16666666666666674,0.16666666666666674,0.16981132075471694,0.1730769230769229,3.790697674418604,-1.8333333333333333,-0.8956953642384106,-1.1875,0.049689440993788914,0.11142274349821536,0.010732790525536771,0.01760176017601767,0.017772511848341166,0.019762845849802483,0.07572280862781099,0.0847457627118644,-0.00998288648031942,0.01709401709401703,0.0,-0.05683478260869568
19,1998-09-30,0.009138663020795912,-0.0007530120481927803,-0.009036808463742552,0.021949974476773937,0.04333402446610002,-0.03308348410441975,-0.06000000000000005,-0.06000000000000005,-0.048387096774193616,-0.049180327868852514,-0.2233009708737864,-0.7446153846153847,1.8253968253968256,1.4583333333333337,0.11637080867850093,-0.0901582931865108,-0.004027828634199926,0.011891891891891992,0.04540162980209561,-0.10465116279069764,-0.23080204778157,0.078125,0.03370786516853918,0.02400960384153672,-0.009009009009009028,-0.022200914589172286
20,1998-12-31,0.10952652595550494,0.05369253956292397,0.14134786476868322,0.2949550449550449,0.052662957074721684,0.03501737503341351,0.06990881458966558,0.06990881458966558,0.06779661016949158,0.05172413793103448,0.1781250000000001,11.783132530120485,-5.662921348314606,1.4745762711864407,0.2579505300353357,-0.016641452344931862,-0.01764705882352946,-0.003205128205128305,0.05902004454342968,-0.06060606060606066,-0.0427066001109262,0.07246376811594213,-0.05128205128205132,0.03165298944900341,-0.036363636363636376,-0.18631666289507431
21,1999-03-31,-0.011568123393316143,-0.01358841408903988,-0.01753873136509787,-0.019479267116682686,0.0,-0.07128099173553715,-0.04829545454545458,-0.04829545454545458,-0.04761904761904767,-0.03278688524590168,0.05835543766578244,-0.9773798303487276,-1.3518072289156626,-0.4315068493150685,0.1165730337078652,0.13794871794871802,0.0,-0.005359056806002127,0.007360672975814886,0.07603686635944706,0.10834298957126287,0.07657657657657646,0.011750881316098694,0.029545454545454538,-0.03773584905660377,0.006025771762306453
22,1999-06-30,-0.0839401820546164,-0.024288562624614873,-0.1011603689378161,-0.19512195121951212,-0.05116103454785725,0.06173526140155738,0.19402985074626852,0.19402985074626852,0.2,0.20338983050847448,-0.1278195488721805,-49.25,4.660958904109589,-2.7710843373493974,-0.18490566037735845,0.32807570977917977,0.026571856287425092,0.03340517241379315,-0.04697286012526092,0.31691648822269824,0.2890747516989023,0.07112970711297062,0.03571428571428581,0.039735099337748325,0.0,0.2122189458164394
23,1999-09-30,0.061324437504436176,0.08991268809214192,0.05152819154805255,0.16911045943304015,0.07898925586947869,0.005238344683080154,-0.03500000000000003,-0.03500000000000003,-0.02777777777777779,-0.02816901408450712,-0.11494252873563215,-1.341105354058722,-1.2540834845735027,-3.26530612244898,0.5138888888888888,0.06090939938920936,0.02078016769959912,0.02398331595411873,0.0744797371303394,0.11382113821138208,0.018248175182481674,0.06640625,0.016820857863750982,0.03397027600849256,-0.009803921568627416,-0.06773090079817556
24,1999-12-31,0.5733966428141509,0.7763763422532809,0.5664218258132214,0.7290969899665551,0.5856536972155633,2.2524752475247523,0.08808290155440424,0.08808290155440424,-0.8857142857142857,-0.9130434782608696,3.2824675324675328,1.6075949367088609,-0.011904761904761862,1.114114114114114,1.0295616717635068,-0.07148568687030221,-0.09571428571428586,-0.07637474541751521,0.10193679918450572,-0.1357664233576642,-0.11071286340103548,0.06227106227106227,0.007719878687620473,-0.3336755646817249,0.3861386138613861,0.027315720808871458
25,2000-03-31,0.05568070727249541,-0.0644789867587795,0.06457663451232576,0.005077369439071554,0.040237236888010175,-0.5158215172634784,0.2047619047619047,0.2047619047619047,7.0,9.5,-0.7065959059893858,1.3427184466019415,1.4939759036144578,-2.4076704545454546,-0.4977398292315419,-0.13176024801929045,-0.033965244865718724,-0.024255788313120245,0.03700277520814055,-0.21283783783783786,0.10120913569189448,0.06551724137931036,-0.014774281805745582,0.007704160246533087,-0.03571428571428559,-0.06921184220969911
26,2000-06-30,0.003985988645971661,0.01035897435897426,-0.025673294739491537,-0.038369016117392296,0.05667970933482391,0.043845135671740636,0.2193675889328064,0.2193675889328064,0.203125,0.20634920634920628,0.1653746770025839,-0.9714048901782014,-1.4086956521739131,-0.958627648839556,-0.041000000000000036,-0.09482245586193204,-0.02698282910874905,-0.012429378531073287,0.05263157894736836,-0.12660944206008584,-0.1122407482716552,0.058252427184466,0.05276312135517913,0.029051987767584112,-0.03703703703703709,0.05065234075211045
27,2000-09-30,0.039340712223291614,0.13551923662572318,0.07084732627228107,0.03427141963727332,-0.012272534913245871,-0.014740846409890597,-0.5429497568881685,-0.5429497568881685,-0.5454545454545454,-0.5394736842105263,0.14190687361419066,0.10144927536231883,-2.5768321513002364,-27.97560975609756,1.1532846715328469,-0.17817225509533208,-0.15588235294117647,-0.1578947368421053,-0.007627118644067731,-0.21867321867321865,-0.19743472285845165,0.058103975535168224,-0.04985491954629373,-0.1263001485884101,-0.03846153846153855,0.09796282769255747
28,2000-12-31,-0.028629856850715733,-0.04693366708385482,-0.06712502261624753,-0.12758495585923324,0.039738646101114,0.03828828828828823,-0.099290780141844,-0.099290780141844,-0.1142857142857142,-0.1142857142857142,0.2349514563106796,1.0526315789473686,-3.022488755622189,-1.7857142857142856,-0.4208232445520581,0.18746666666666667,-0.11796913887506222,-0.1059782608695652,0.026473099914602786,0.19496855345911945,0.4121004566210045,0.054913294797687806,0.07051637978900605,0.12755102040816335,-0.208,0.09240094618568896
29,2001-03-31,-0.015372393247269134,-0.034705937529312385,-0.017584690974915995,-0.018852231771555258,-0.011847120634593587,-0.07902076231794243,-0.8385826771653544,-0.8385826771653544,-0.8387096774193548,-0.8387096774193548,-0.6116352201257862,0.4935897435897436,-0.899184581171238,-0.8596087456846949,-0.10200668896321076,-0.041769593532450015,-0.29232505643340845,-0.27963525835866265,-0.014143094841930104,-0.06578947368421051,-0.15885206143896524,0.052054794520547835,0.0036307053941908585,-0.277526395173454,0.0,-0.016172689132494256
30,2001-06-30,0.005930288849443244,0.0024293071615975052,0.01441168728612796,0.08024865781294155,-0.007506255212677226,0.02052489905787347,0.2195121951219512,0.2195121951219512,0.2,0.2,1.145748987854251,-0.06866952789699576,0.15441176470588225,-2.278688524590164,0.14525139664804465,0.03585657370517925,-0.4760765550239235,-0.4746835443037974,-0.010126582278480956,0.05070422535211283,0.4449783757808747,0.04947916666666674,-0.013436692506460068,-0.4697286012526096,-0.010101010101010057,-0.0720132058601004
31,2001-09-30,0.015921395628634368,0.014831329972857743,0.043139798897178006,0.07821082919173428,-0.028151260504201688,-0.0456643587207386,-7.16,-7.16,-7.333333333333334,-7.333333333333334,0.0943396226415094,0.05990783410138256,0.6305732484076434,-0.3974358974358975,0.07642276422764227,-0.2925339366515838,-0.9406392694063926,-0.9397590361445785,-0.029838022165387886,-0.2841823056300268,0.35051546391752564,0.04466501240694787,-0.043478260869565084,-0.9409448818897638,-0.010204081632653073,-0.058775570708567974
32,2001-12-31,-0.043660192641717936,-0.054924061514948885,-0.06368159203980095,-0.2455118874332848,-0.008862948551664473,0.011055449991362877,-1.3831168831168832,-1.3831168831168832,-1.3947368421052633,-1.3947368421052633,0.10172413793103452,-0.017391304347826098,0.34375,-0.26595744680851063,0.05211480362537757,-0.03837543971858004,-3.717948717948718,-3.6666666666666665,-0.011423550087873545,-0.011235955056179692,17.51145038167939,0.04750593824228022,0.03641840087623205,0.0,-0.02061855670103097,0.2526183164028664
33,2002-03-31,-0.0013621728721208148,-0.01586820295128366,-0.022980871413390003,-0.034887459807073966,0.03413304252998905,-0.11173757047667864,2.1864406779661016,2.1864406779661016,2.066666666666667,2.066666666666667,-0.3661971830985915,-0.7699115044247787,-0.5523255813953488,1.884057971014493,0.1428571428571428,0.15530428999002344,-3.3773584905660377,-3.4,0.031111111111111086,0.1704545454545454,0.0,0.04081632653061207,0.03566710700132103,5.866666666666666,-0.021052631578947326,0.019676871817438712
34,2002-06-30,0.02446988798412764,0.05237752901304305,0.00027192386131891233,-0.0033316674995835798,0.06200569440050607,0.08693979611463742,0.2207446808510638,0.2207446808510638,0.21739130434782614,0.21739130434782614,0.7827160493827161,0.0,0.8571428571428572,0.92964824120603,0.2412060301507537,0.08808290155440401,1.6944444444444446,1.729166666666667,0.059482758620689635,0.055016181229773364,-0.8266178915862986,0.04139433551198257,0.03647959183673466,1.7864077669902914,-0.021505376344086,0.05591861898890249
35,2002-09-30,-0.00960258220698007,-0.026446764906801982,-0.03663177925784966,-0.1031255223132208,0.0298877966438289,-0.014510706069722157,-0.10239651416122007,-0.10239651416122007,-0.1071428571428572,-0.1071428571428572,-0.3088642659279779,0.3269230769230769,0.4125874125874125,-0.9322916666666666,0.013157894736842035,-0.2306878306878307,1.0574374079528717,1.1335877862595418,0.02766476810414975,-0.273006134969325,-0.7175847782722111,0.0397489539748952,0.03987201575190746,1.1358885017421605,0.0,0.08547906813802775
36,2002-12-31,0.12270338534240445,0.021952686447473942,0.3145679012345679,0.22512113306000736,-0.13951021982259926,0.05135571915963366,-4.560679611650485,-4.560679611650485,-4.5,-4.5,0.5110220440881763,9.101449275362318,-0.905940594059406,-0.2692307692307693,0.009490509490509558,-0.2042640990371388,-1.1624910522548315,-1.1556350626118068,-0.17418844022169444,-0.2278481012658228,-0.6234718826405868,0.03822937625754541,-0.23337278106508866,0.0,-0.03296703296703296,-0.16583292991232326
37,2003-03-31,0.014586886316629856,0.06130456105934279,0.005527530320918793,0.04791603285670831,0.033501400560224104,-0.0778821520068318,-1.1731424676209952,-1.1731424676209952,-1.1714285714285717,-1.1714285714285717,-0.3726790450928382,-0.7202295552367288,-0.7631578947368421,13.157894736842106,0.1331024245423058,0.002160760587726962,0.5594713656387664,0.4942528735632184,0.030680728667305868,0.21311475409836067,0.0,0.03682170542635643,0.01852423587527019,0.0,-0.02272727272727271,0.01276760381738451
38,2003-06-30,0.02045706519795432,0.027356746765249573,0.0030421091957091306,-0.034838147771810164,0.0558326105810929,0.06482681978144099,0.2559055118110236,0.2559055118110236,0.2333333333333334,0.2333333333333334,0.16913319238900626,-0.4205128205128205,30.88888888888889,-0.4312267657992565,0.1467248908296943,0.09141871496334608,0.42372881355932196,0.3692307692307693,0.05302325581395362,0.05855855855855841,0.0,0.033644859813084294,0.03455592603819335,0.0,-0.03488372093023262,0.06443397427734633
39,2003-09-30,-0.005186976483370187,0.009625764663548031,-0.015590081941045053,-0.008271920589562387,0.014888592257932043,0.003304922595233961,0.07836990595611293,0.07836990595611293,0.08108108108108114,0.08108108108108114,0.2115732368896925,-0.3539823008849557,0.21602787456445996,0.5947712418300655,0.09291698400609284,0.11181351244567383,0.15476190476190488,0.101123595505618,0.013250883392226244,0.059574468085106476,0.0,0.03435804701627476,0.020216818048637508,0.0,-0.02409638554216853,0.018064361765761427
40,2003-12-31,0.033785450061652345,0.026730820636193583,0.0061618290903193715,0.028662420382165713,0.08549170376365844,0.07264216366158105,0.18313953488372106,0.18313953488372106,0.17499999999999982,0.17499999999999982,-0.24925373134328355,3.095890410958904,-0.2836676217765043,-0.6721311475409837,0.02787456445993031,0.06574271499644624,-3.2989690721649483,-3.3673469387755097,0.08892763731473408,0.04819277108433728,0.0,0.033216783216783334,0.04997128087306146,-0.06525285481239806,0.0,-0.0018801410105757645
41,2004-03-31,0.0109732824427482,0.045127137030287263,0.015793714746172416,0.0645731977001327,0.0026097492776586684,-0.001454663003070955,-0.27518427518427513,-0.27518427518427513,-0.276595744680851,-0.276595744680851,-0.33001988071570576,-0.7324414715719063,-0.936,2.125,0.0847457627118644,0.15338446148716267,-0.007473841554559102,0.015086206896551825,0.0024019215372297342,0.06130268199233724,0.6204906204906206,0.032148900169204575,-0.008205689277899329,-0.0017452006980802626,0.012345679012345512,-0.018248175182481785
42,2004-06-30,-0.003876491606552901,-0.0021589304990451423,-0.012903908191866265,-0.023265475695886998,0.0119921911313563,0.03399158303658134,0.2237288135593221,0.2237288135593221,0.23529411764705865,0.23529411764705865,0.4985163204747773,-3.05,36.8125,-0.872,0.010000000000000007,0.013298641225787609,0.003012048192771122,0.021231422505307632,0.011182108626198062,0.010830324909747224,-0.012466607301869992,0.031147540983606614,0.015995587424158852,0.003496503496503545,0.024390243902439046,0.021585321981052896
43,2004-09-30,0.014787993638117225,0.02812682033785463,0.006321993035092399,0.02509570395576355,0.029303692816461613,0.001095804633688191,0.030470914127423757,0.030470914127423757,0.023809523809523725,0.023809523809523725,0.27722772277227725,-2.3658536585365857,-0.5520661157024793,5.28125,0.062190594059405864,0.03680456490727546,-0.011261261261261256,0.006237006237006293,0.02922590837282768,0.02500000000000013,0.004959422903516586,0.028616852146263968,0.014115092290988063,-0.005226480836237003,0.011904761904761862,0.002993309073834993
44,2004-12-31,0.03581432573029208,0.037636584378794025,0.05467710163445672,0.208713692946058,0.004194556001784866,0.0383111806098515,-0.3198924731182796,-0.3198924731182796,-0.3023255813953488,-0.3023255813953488,0.18759689922480627,0.9821428571428572,0.22140221402214036,-0.2388059701492537,0.04456743373143013,-0.05090809025866816,-0.11769172361427492,-0.1198347107438017,0.01534919416730629,-0.0766550522648084,-0.06774338268281732,0.029366306027820862,-0.03051391862955022,-0.12434325744308228,0.0,-0.141553045818948
45,2005-03-31,0.11583285042817583,0.1632605304212169,0.17258960121150935,0.3217759469046801,0.015908282971916154,-0.028162650602409637,0.4189723320158103,0.4189723320158103,0.3999999999999999,0.3999999999999999,-0.5704960835509139,-1.5157657657657655,-0.9969788519637462,2.333333333333333,0.14221974344673738,0.06262684836184396,0.034423407917383735,0.00938967136150226,0.012849584278155746,0.04528301886792452,0.1838306063522619,0.03153153153153143,-0.08945334069574827,0.03999999999999981,-0.02352941176470591,-0.11990456714383092
46,2005-06-30,-0.06035776110790536,-0.1369945684972842,-0.09380515734642048,-0.16266989871006846,0.007610882687428822,0.08879590887959088,-0.14763231197771587,-0.14763231197771587,-0.1428571428571429,-0.1428571428571429,0.7294832826747721,-10.253275109170305,593.0,-5.249019607843136,-0.529052734375,-0.0002728512960435969,-0.05490848585690511,-0.06511627906976736,0.0052238805970148405,-0.014440433212996371,-0.051219512195122,0.029112081513828162,0.07246816252274124,-0.06346153846153846,0.0,0.030594067074587675
47,2005-09-30,-0.011115205109309743,-0.02338772338772344,-0.0104038004750594,0.003515301902398571,-0.01241534988713322,-0.018075718758895576,0.5359477124183007,0.5359477124183007,0.5277777777777779,0.5277777777777779,0.23901581722319865,-0.9207173194903256,0.7070707070707071,-0.7798800184586987,-0.2472783825816485,0.019377729257642032,0.07218309859154927,0.057213930348258835,0.00222717149220486,0.0146520146520146,0.05998286203941716,0.029702970297029733,-0.0014136273678257982,0.05544147843942504,0.0,-0.026754847437246432
48,2005-12-31,0.002732410109917316,-0.048293420319834524,0.01003312370985543,0.07459303523593652,-0.01063736263736259,0.054500652268444805,0.1063829787234043,0.1063829787234043,0.1272727272727272,0.1090909090909089,0.19007092198581568,-1.2857142857142856,0.09171597633136086,-0.5429769392033543,-0.15013774104683195,-0.047121820615796506,0.1921182266009851,0.18352941176470566,0.003703703703703765,-0.04693140794223827,-0.1176232821341956,0.028846153846153744,-0.013306908267270769,0.16342412451361854,0.012048192771084263,-0.11436293436293432
49,2006-03-31,-0.0027249643896699594,0.018057181073399157,0.012024714828897444,-0.05033557046979864,-0.030300337657721662,-0.0046735395189003714,-0.16153846153846152,-0.16153846153846152,-0.16129032258064513,-0.14754098360655732,-0.7151370679380215,5.958333333333332,-0.6711833785004517,-1.9541284403669723,0.16855753646677465,0.10536667603259332,0.059228650137741035,0.0656063618290259,-0.0273062730627307,0.0984848484848484,-0.07100320659642677,0.030707610146862407,-0.02783357245337159,0.018394648829431537,0.04761904761904767,0.07202022844188694
50,2006-06-30,0.009252934235856712,0.002874035145344012,0.01094256328370835,0.03069156991418476,0.005956199028681386,0.0907333241265018,0.19495412844036708,0.19495412844036708,0.21153846153846145,0.21153846153846145,2.9121338912133883,-2.7754491017964065,0.03571428571428581,-1.0865384615384617,-0.012482662968099856,0.03940010167768171,0.13719115734720422,0.125,0.017450682852807375,0.06896551724137945,-0.01183431952662728,0.028497409326424968,-0.003246753246753165,0.09031198686371099,0.03409090909090917,-0.02700284668564468
51,2006-09-30,0.00615308885060295,0.02636534839924676,-0.006643129239059742,-0.012048192771084376,0.031244306795408905,0.006837173968093246,0.03838771593090207,0.03838771593090207,0.04761904761904767,0.04761904761904767,-0.1486631016042781,-0.7082630691399663,0.6949602122015914,-0.5,-0.0063202247191010965,-0.051357300073367584,0.03773584905660377,0.031509121061359835,0.034302759134973826,-0.06774193548387097,-0.16217564870259482,0.02896725440806036,0.025170269469943832,0.001506024096385561,0.03296703296703285,0.03886984870015886
52,2006-12-31,-0.05390777886497067,-0.01842840047865979,-0.007576111864565305,0.0048582193139004035,-0.14141860259694372,0.04074446680080479,0.0813308687615526,0.0813308687615526,0.10606060606060597,0.07575757575757569,0.5590452261306533,0.05202312138728327,0.9859154929577464,20.222222222222218,-0.13498233215547706,0.11910286156225824,0.06942148760330569,0.043408360128617485,-0.1240086517664022,0.08304498269896188,0.06849315068493156,0.028151774785801775,-0.0927209705372617,-0.0015037593984962294,0.042553191489361764,-0.023173479240424788
53,2007-03-31,0.008790924663068411,0.031859557867360166,0.039065077046322116,0.02358164775530347,-0.05730452674897124,-0.028395360077332014,-0.10085470085470084,-0.10085470085470084,-0.09589041095890403,-0.07042253521126751,-0.5342465753424658,-0.5,-0.7344365642237982,-1.8062827225130889,0.12581699346405228,0.06473162865699145,0.087583719732097,0.050847457627118516,-0.03292181069958855,0.21405750798722045,0.02229654403567438,0.029761904761904656,-0.0652658389048073,0.018072289156626287,0.030612244897959107,0.00807248764415158
54,2007-06-30,0.01787716656521332,0.03252993068683052,0.08712018140589572,0.1923076923076923,-0.14875040925461092,0.06180823280686476,0.16159695817490505,0.16159695817490505,0.19696969696969704,0.18181818181818188,0.7006920415224913,0.8241758241758241,0.7002967359050445,0.6558441558441559,0.18505079825834536,0.13608827347468622,0.12837517764092832,0.04838709677419351,-0.11319148936170208,0.1763157894736842,0.07633587786259532,0.02890173410404628,-0.16382833787465945,0.02071005917159785,0.029702970297029733,-0.13400882497140054
55,2007-09-30,0.03559850177835133,0.04172705774658625,0.028200742563931458,-0.02239469641846548,0.05833333333333335,0.02307331927851952,0.011456628477905184,0.011456628477905184,0.05063291139240489,0.03846153846153855,-0.07426246185147511,2.903614457831325,-0.7643979057591623,-0.39607843137254906,0.09430496019595846,0.10036183584079228,0.12468513853904305,0.03216783216783225,0.06046065259117084,0.24161073825503365,0.04154002026342463,0.0280898876404494,0.02199592668024453,0.010144927536231751,0.01923076923076916,0.06557841102094719
56,2007-12-31,0.02744514011306309,0.002123608670181687,-0.002596664908508184,-0.012487595104201166,0.11714112658994558,0.061820263308528974,0.11488673139158577,0.11488673139158577,0.1325301204819278,0.14814814814814814,0.5824175824175823,0.35339506172839497,2.9185185185185185,-0.7272727272727273,0.02350307778399552,-0.005192107995846351,0.05972377752892855,0.021680216802167918,0.12126696832579187,-0.06306306306306297,-0.055447470817120426,0.02732240437158473,0.08728577122359504,0.01434720229555242,0.009433962264151052,0.014876472150889832
57,2008-03-31,0.03369324064487511,0.07731092436974785,0.029491925314241607,-0.05100075370571977,0.044892648015614885,-0.040970350404312635,-0.06676342525399126,-0.06676342525399126,-0.07446808510638292,-0.08602150537634412,-0.4993055555555556,-0.7844925883694412,-0.6446124763705103,8.642857142857142,0.2214324767632585,-0.004523312456506612,0.033462486791123736,0.018567639257294436,0.04842615012106544,-0.1115384615384616,-0.07363542739443885,0.029787234042553123,0.010997067448680342,0.022630834512022743,-0.009345794392523366,0.13515400052351456
58,2008-06-30,0.05251259157509147,0.048565420877704664,0.04781096886360037,0.07897987998588074,0.06486093814860938,0.0875772906127037,0.12441679626749602,0.12441679626749602,0.11494252873563228,0.12941176470588234,0.44521497919556174,6.3386243386243395,-2.7872340425531914,-1.074074074074074,-0.013428827215756443,-0.0265641384131422,-0.024880708929788557,0.005208333333333481,0.06081601231716705,-0.0714285714285714,-0.08115619788771522,0.02789256198347112,0.0116026105873821,0.011065006915629285,0.0,-0.028209069946195212
59,2008-09-30,0.00823839691128092,-0.029950190827349725,0.038690700656158095,0.1131103295984297,-0.07046096871649933,-0.04124457308248919,-0.005532503457814642,-0.005532503457814642,0.010309278350515427,0.01041666666666674,-0.26199616122840697,-0.932227829848594,-2.520833333333333,-3.933333333333333,0.03992740471869327,-0.18043087971274696,0.003145753233135151,0.007772020725388407,-0.0471698113207546,-0.2284382284382285,-0.22202056866303696,0.028140703517588017,-0.0781362007168458,0.021887824897400817,-0.018867924528301886,-0.1285296211342245
60,2008-12-31,-0.04293188069683407,-0.11556415044011735,0.02755591054313089,-0.09706098457016897,-0.2464877332774167,-0.06070080862533689,-0.016689847009735748,-0.016689847009735748,-0.010204081632653073,0.010309278350515427,0.6371911573472042,2.7553191489361697,0.9706457925636008,-3.5795454545454546,-0.09904013961605583,-0.3060240963855422,0.06271777003484336,-0.005141388174807139,-0.25514089870525525,-0.27190332326283984,-0.33592534992223955,0.027370478983382185,-0.21267496111975104,0.02275769745649248,-0.02884615384615385,-0.020421129061535592
61,2009-03-31,-0.031924485770639666,-0.0363417024805851,-0.054163869554464165,-0.1099357148669542,0.04368999582579658,-0.13108356290174472,-0.4384724186704385,-0.4384724186704385,-0.4432989690721649,-0.4489795918367345,-0.7291501191421763,-0.6430594900849859,-0.8510427010923536,-0.9427312775330396,-0.006295399515738542,-0.06470959595959602,-0.031803278688524506,-0.08397932816537458,0.03067484662576692,0.2572614107883815,-0.07728337236533955,0.02854424357754537,0.0780246913580247,-0.05366492146596846,-0.029702970297029733,0.08264615954785515
62,2009-06-30,0.022702797101027402,0.07331194742195457,-0.007246918192005958,0.00521119034558426,0.12878282895613924,-0.0005284015852047297,0.1335012594458438,0.1335012594458438,0.11111111111111094,0.11111111111111094,2.302052785923754,0.25396825396825395,2.493333333333333,-43.615384615384606,0.269980506822612,0.09821127235909556,-0.0582458516762614,-0.09732016925246834,0.11706349206349208,0.06600660066006614,0.1967005076142132,0.02775208140610541,0.10398534127347704,-0.05117565698478577,-0.05102040816326525,0.06777920410783045
63,2009-09-30,0.018100577738566104,0.012246683189969463,-0.014975918121613476,0.0035470668485675367,0.12105822605409244,0.017710811525244452,0.35111111111111115,0.35111111111111115,0.3333333333333335,0.3333333333333335,0.019538188277087087,2.5822784810126582,0.24809160305343506,-1.0036101083032491,-0.0007674597083653367,0.06760909649661961,-0.04746494066882412,-0.04062500000000002,0.10479573712255763,-0.04334365325077405,0.1919406150583245,0.027002700270027047,0.10082987551867206,-0.001457725947521693,-0.03225806451612912,0.008655926905505984
64,2009-12-31,0.0064573840606043644,0.0036007489557827728,0.03331041332416529,0.01024107304694577,-0.06826801517067005,0.04831168831168831,0.14802631578947367,0.14802631578947367,0.13749999999999996,0.125,0.15940766550522656,-0.5,0.2599388379204892,-99.5,0.07565284178187404,0.11111111111111116,-0.052472631181578085,-0.00651465798045614,-0.06993569131832789,0.0032362459546926288,0.17615658362989328,0.026292725679228912,-0.07425555974368625,0.017518248175182327,-0.022222222222222254,-0.006595152959872896
65,2010-03-31,0.0006110432174202263,0.028487370838117032,-0.004731977818853927,-0.004126670853144332,0.016169154228855787,-0.03666997026759167,-0.4469914040114613,-0.4469914040114613,-0.4505494505494506,-0.4444444444444444,-0.4417731029301277,0.3462897526501767,-0.6978155339805825,-0.7461928934010152,0.017850767583005966,0.0639896373056994,-0.0462151394422311,-0.0180327868852459,0.01382886776145198,0.14516129032258052,0.09379727685325268,0.026473099914602786,0.015879478827361515,-0.012912482065997157,-0.011363636363636355,0.03271476563749798
66,2010-06-30,0.001804252484316926,0.041233517058536284,0.0015229180595794922,-0.037293937483109614,0.002336708579058655,0.049511316872427935,0.21243523316062185,0.21243523316062185,0.22,0.2,0.4670255720053835,1.916010498687664,0.18473895582329325,-9.0,-0.14030164854437044,0.06598490382274158,-0.006683375104427736,0.0016694490818029983,-0.005115089514066584,0.05070422535211283,0.08160442600276617,0.0249584026622296,0.0004008016032064354,-0.010174418604651292,0.011494252873563315,0.08163581442181099
67,2010-09-30,0.05619129422847791,0.016014473331546597,0.02559062418870295,0.08037802938149152,0.14675843694493773,0.028305354735939318,0.06623931623931623,0.06623931623931623,0.049180327868852514,0.06666666666666665,0.2155963302752293,-0.5607560756075607,1.5661016949152544,-1.4725,0.07711138310893517,-0.05207857469164001,-0.07190916736753572,-0.06500000000000006,0.1345329905741217,-0.045576407506702436,-0.052429667519181655,0.024350649350649345,0.08573717948717953,-0.07048458149779735,0.011363636363636465,-0.059577515216613024
68,2010-12-31,-0.007476586479183589,-0.01002440150366024,-0.021914439662966027,0.01481032392170456,0.032526621490803535,0.07733555767397515,0.3406813627254508,0.3406813627254508,0.34375,0.34375,-0.21132075471698109,-0.4077868852459017,-0.01453104359313073,-0.9470899470899472,0.003787878787878896,0.17253012048192762,-0.06026280018124153,-0.026737967914438387,0.027190332326283876,0.033707865168539415,0.2435897435897436,0.02377179080824088,0.04022140221402193,-0.042654028436018836,0.011235955056179804,-0.024518388791593737
69,2011-03-31,0.028228577470000626,0.06795016987542479,0.0016637704736199856,0.0045233421524279996,0.09600600037502338,-0.014600154850127224,0.05381165919282505,0.05381165919282505,0.046511627906976834,0.023255813953488413,-1.4239234449760765,-1.055363321799308,-2.0536193029490617,41.6,0.16075471698113208,0.16296752979860266,0.08293153326904522,0.1355311355311355,0.09191176470588223,0.13043478260869554,0.1812262615301139,0.025541795665634748,0.06598084427101814,0.1188118811881187,0.011111111111111072,0.06314885645148705
70,2011-06-30,0.01922780319777906,0.08452373526292799,0.013804813228997405,0.02897196261682233,0.032677502138579895,0.019867549668874274,0.14893617021276606,0.14893617021276606,0.14444444444444438,0.15909090909090914,-3.5688487584650117,-6.625,-1.7582697201017812,0.107981220657277,0.1534460338101431,0.03852270719208351,0.06767586821015148,0.120967741935484,0.03905723905723901,-0.04807692307692313,-0.09416628387689484,0.025660377358490468,0.01331114808652245,0.11651917404129808,0.01098901098901095,0.054038179148311334
71,2011-09-30,-0.005170239596469117,-0.01967099965489472,0.007718633947426001,0.061762034514078135,-0.03396288933068259,0.023332599603786086,0.06419753086419755,0.06419753086419755,0.07766990291262132,0.07843137254901977,-0.4191564147627417,-3.0777777777777784,-0.3540268456375839,-0.2860169491525424,0.09498308906426156,-0.12897736940615967,0.10258548790658883,0.12517985611510785,-0.02268308489954629,-0.16161616161616166,-0.23630831643002026,0.024282560706401668,-0.028899835796387437,0.10700132100396287,0.010869565217391351,-0.07669267205349684
72,2011-12-31,0.009202687286094635,-0.05339122271767194,0.044367367584362986,-0.04541566218212922,-0.07340078888698331,-0.006668100666810117,-1.3596287703016239,-1.3596287703016239,-1.3603603603603602,-1.3636363636363638,1.2344931921331317,-4.871657754010696,1.3870129870129868,-1.5548961424332344,-0.04813384813384813,-0.0496190662238718,-0.3237518910741303,-0.329923273657289,-0.07559681697612741,-0.027108433734939763,-0.1633466135458168,0.02658045977011492,-0.08183970240108218,-0.32458233890214805,0.0,-0.008374198415692091
73,2012-03-31,0.014117765273311987,0.025970001239618238,-0.013076869854009576,0.031853360488798284,0.08671108643346281,0.0076873105240364845,-3.6548387096774193,-3.6548387096774193,-3.65,-3.6,-0.8672985781990521,-0.8314917127071824,-1.1838955386289445,-2.550802139037433,0.07842076798269337,0.20205549845837625,0.055928411633109576,0.04770992366412208,0.08106169296987087,0.30030959752321995,0.7849206349206348,0.025892232330301024,0.0714548802946593,0.04593639575971742,0.0,-0.005706025562994599
74,2012-06-30,-0.004855090413673491,0.005497492901588741,-0.01531828379136291,0.01152692246960374,0.021289278719236915,0.013753089072740863,0.09599027946537064,0.09599027946537064,0.08490566037735836,0.09615384615384603,3.9642857142857135,2.450819672131148,-2.284023668639053,-0.19655172413793096,0.05842527582748236,-0.023426812585499283,0.043961864406779634,0.03825136612021862,0.019243530192435188,-0.0976190476190476,-0.08003557136505103,0.0252387448840381,0.026125816431763482,0.03209459459459452,0.0,-0.005968321983319314
75,2012-09-30,0.0224025489122317,0.06621004566210043,-0.008401267309814497,-0.007727130814861094,0.0949720670391061,-0.009856915739268723,0.05321507760532152,0.05321507760532152,0.0521739130434784,0.05263157894736836,0.02672147995888996,-0.23515439429928744,0.01382488479262678,1.3133047210300428,0.1276948590381426,0.009630537559096377,0.006595636732622978,0.02807017543859636,0.09114583333333348,-0.01055408970976257,-0.03238279362010643,0.02528276779773786,0.07102177554438871,0.03764320785597386,-0.010752688172043,0.0745131244707875
76,2012-12-31,0.018965769099673846,-0.008339907584807849,0.0334948842218632,0.026115000393298168,-0.011955528480048772,0.025583386855063228,-0.7357894736842105,-0.7357894736842105,-0.7272727272727273,-0.7416666666666667,0.35035035035035045,0.7484472049689441,3.263636363636364,-1.2337662337662338,-0.02647058823529413,0.07041276448144296,0.183467741935484,0.22184300341296925,-0.01252983293556087,-0.01866666666666661,0.034465534465534464,0.026606099935106986,-0.030340944635595783,0.2255520504731863,0.0,-0.03359839530052289
77,2013-03-31,-0.0012663369411989311,0.004716445050573892,-0.018097818535500854,0.005059409735530762,0.03599229287090555,-0.02640642939150406,2.848605577689243,2.848605577689243,2.727272727272727,2.9032258064516134,-0.7472201630837658,-0.4476021314387212,-0.9381663113006397,-0.24603174603174605,-0.020500647388864927,0.1360985093972782,0.014480408858603022,0.03910614525139655,0.03202416918428996,0.15217391304347827,-0.0825688073394496,0.02591656131479136,0.03741935483870962,0.04761904761904745,-0.010869565217391351,-0.00029651593773161183
78,2013-06-30,0.008755980861244073,0.009501725015553351,0.0014504545936957491,0.0281443063076805,0.024921886624014174,0.03912950257289882,0.05693581780538293,0.05693581780538293,0.056910569105691027,0.057851239669421524,2.6832844574780057,0.77491961414791,9.20689655172414,-1.1052631578947367,0.002203128442388236,0.08613804905875623,0.003778337531486153,0.026881720430107503,0.0275175644028105,0.05188679245283012,0.03842105263157891,0.025261860751694343,0.01585820895522394,0.03194103194103204,0.0,-0.018166987987542568
79,2013-09-30,0.0531233695394393,0.08151717183035467,0.03620884555602655,0.08775964391691392,0.08579516585613711,-0.0047456927679768715,-0.03036238981390793,-0.03036238981390793,-0.030769230769230767,-0.03125,-0.14808917197452232,0.25181159420289845,-1.873310810810811,94.0,0.20883710705649586,0.08114495798319332,-0.020911752404851547,-0.00654450261780104,0.08603988603988587,0.05156950672645744,0.04358844399391781,0.024639423076923128,0.031221303948576695,0.004761904761904745,-0.01098901098901095,-0.00573974775319086
80,2013-12-31,0.02317254425077686,0.09635308744301696,-0.0503528449186923,-0.032871854327218175,0.16765826592686686,0.07670778480356577,-0.04343434343434338,-0.04343434343434338,-0.04761904761904767,-0.040322580645161366,0.5588785046728972,-0.41389290882778573,-1.5802707930367506,-0.028421052631578906,0.1678486997635933,0.049429196016516734,0.12430585219991452,0.189723320158103,0.16894018887722995,-0.034115138592750616,0.03885381253035458,0.026392961876832818,0.14099139210448208,0.19075829383886256,0.0,0.1336118496012153
81,2014-03-31,0.007527236711786013,0.017340767340767282,-0.004379666858127518,0.012128904872717115,0.026335375279097798,-0.06816212573409064,0.07391763463569156,0.07391763463569156,0.08333333333333348,0.07563025210084051,-0.5875299760191847,-0.14814814814814814,-0.84,-0.7291440953412784,0.03892868265337901,0.06411294989005902,-0.058130699088145825,-0.00996677740863805,0.027378815080789883,-0.088300220750552,-0.12622720897615702,0.025714285714285582,0.01873048907388131,0.003980099502487454,-0.011111111111111072,0.0051594746716698845
82,2014-06-30,0.01789108067370071,0.04282197761367335,0.0016225571500685374,-0.0020204835226085294,0.042896190104311886,0.05930364707097846,0.08062930186824002,0.08062930186824002,0.07692307692307687,0.078125,0.9491279069767442,1.4927536231884058,12.458333333333336,-1.36,-0.013489208633093552,0.012398042414355714,-0.052843888664784185,-0.004474272930648726,0.043687199650502384,-0.01452784503631954,-0.0016051364365972098,0.025069637883008426,0.024514811031664863,0.004955401387512382,-0.011235955056179804,0.04493033797746815
83,2014-09-30,-0.008906343892179591,-0.004231060437357992,-0.023794953022067026,-0.026319463836917082,0.012890457851946868,-0.014142202282258818,0.061874431301182975,0.061874431301182975,0.06428571428571428,0.0652173913043479,-0.08053691275167785,-0.4953488372093024,0.25232198142414863,0.7111111111111109,-0.02339714372531143,0.009238371468471396,-0.01320272572402048,0.033707865168539415,0.012557555462536564,-0.03439803439803446,-0.010718113612004254,0.0244565217391306,0.022183449651046905,0.03155818540433919,0.0,0.02271132376395535
84,2014-12-31,-0.015807366665944844,-0.00746936219697647,0.020244855815325646,0.059224205922420614,-0.06759254369752332,0.01563118322121082,-0.1808054841473865,-0.1808054841473865,-0.1879194630872484,-0.18367346938775508,0.4290348742903487,-0.4539170506912442,-0.04944375772558718,-4.448051948051948,0.08260734287492211,-0.0042575838211815755,-0.00043159257660763123,0.0010869565217390686,-0.0673832162050435,-0.01526717557251911,-0.047670639219935085,0.027586206896551783,-0.05267008046817856,0.005736137667303964,0.0,-0.06300293181959947
85,2015-03-31,-0.0020681613165827173,0.0036501284304448775,0.00046987385694152733,0.04460840722940507,-0.006512997677974752,-0.1025715955581531,0.16736401673640167,0.16736401673640167,0.17355371900826433,0.17500000000000004,-0.7610669693530079,2.8818565400843883,-1.4772431729518856,-1.7231638418079096,-0.05518034200316135,0.0718332442544094,0.02849740932642475,0.02605863192182412,-0.005319148936170136,0.1472868217054264,0.06996587030716728,0.026329375322663884,-0.004375804375804425,0.035171102661596836,-0.011363636363636355,-0.03921177018840283
86,2015-06-30,0.02325991577926234,0.040768678160919565,0.004877167630057855,0.00920165889061697,0.0521605290160756,0.06100075979594055,0.06989247311827951,0.06989247311827951,0.07042253521126772,0.07092198581560294,2.3444180522565317,0.7663043478260869,-2.190735694822888,0.6171875,-0.09444866920152097,0.03291113992220995,0.025608732157850426,0.023280423280423124,0.05213903743315496,0.04054054054054057,0.008506113769271684,0.026156941649899457,0.028179937952430345,0.03397612488521595,-0.011494252873563204,0.03131929046563186
87,2015-09-30,0.004589330345600384,0.012899050905953445,0.032859967643357864,0.05091819699499167,-0.03776345018150296,-0.016777493606138116,0.058626465661641536,0.058626465661641536,0.06578947368421062,0.0596026490066226,0.18323863636363646,-0.976,0.7894736842105263,-1.9806763285024156,0.10228417870339256,-0.005503524186540432,0.03847728203029055,0.01964839710444677,-0.02414231257941546,-0.056277056277056266,-0.028465998945703674,0.025490196078431504,-0.042242896655770634,0.035523978685612745,-0.011627906976744208,-0.03621338349905934
88,2015-12-31,0.05771581769436995,-0.14591762851910214,0.07549862508266902,0.12244149813649408,0.02944819819819822,0.03860160233066279,-0.05537974683544301,-0.05537974683544301,-0.043209876543209964,-0.05000000000000005,0.17587034813925562,99.76923076923076,-2.21994884910486,-2.8193760262725784,-0.16882523236324853,-0.05543689320388345,0.04335829720141904,0.030425963488843744,0.0316840277777779,-0.032110091743119414,-0.07704829083016806,0.028680688336520044,-0.02677868206878453,0.060034305317324226,-0.03529411764705881,-0.2390379923318231
89,2016-03-31,0.021270987103577,-0.025981149952625567,0.0354391870023949,-0.14762397256545645,-0.004703823223759729,-0.04608294930875578,-0.0067001675041875606,-0.0067001675041875606,-0.006451612903225823,0.006578947368421018,-0.8688106176620725,-0.695674300254453,-1.1687631027253669,-0.11371841155234652,-0.18001833180568286,0.06475485661424596,0.005666792595391046,-0.011811023622047223,0.00462768195204033,0.0331753554502372,0.00823045267489686,0.02741635687732336,-0.025357431885621676,0.0064724919093850355,-0.012195121951219412,0.1426346647123491
90,2016-06-30,0.016201727390052545,0.04341593282817935,0.007689182008564276,0.016092981671882,0.03154366104302908,0.04925435832808223,0.0809443507588532,0.0809443507588532,0.09090909090909084,0.08496732026143783,5.007782101167315,-0.7107023411371238,2.4720496894409942,-1.5824847250509166,0.12787838139950813,0.10406409885124046,0.01389932381667913,-0.005976095617529875,0.03308207705192645,0.09862385321100907,0.08279883381924202,0.027137042062415292,0.015222806531967947,0.012861736334405238,-0.02469135802469136,0.026938186482802662
91,2016-09-30,0.046403938961724116,0.07134445534838085,0.06036167374918566,0.14467978128338888,0.022374940067124927,-0.01871684516064453,-0.032761310452418146,-0.032761310452418146,-0.03571428571428559,-0.036144578313252906,0.07189119170984459,4.011560693641618,-3.5545617173524153,1.4230769230769231,0.2747274529236867,0.009967648858966616,-0.02408299370137068,-0.039078156312625234,0.02067288204296713,-0.022964509394572064,-0.01400107700592357,0.025979744605900468,-0.023173391494002216,-0.010317460317460279,-0.02531645569620256,-0.06409555781091403
92,2016-12-31,0.011016506087086377,0.05605935696619957,0.012022817025010957,-0.1033327842749684,0.009275181074462013,0.018461852305181603,-0.11209677419354837,-0.11209677419354837,-0.1049382716049384,-0.11875000000000012,0.2338368580060424,-0.9619377162629758,-1.253501400560224,0.018759018759018756,0.2195614989892707,-0.030906415029001925,-0.03302961275626437,-0.041710114702815486,0.010722795869737787,-0.04914529914529908,-0.031130529765155623,0.0287553648068668,-0.0016745743790119727,-0.018444266238973658,-0.025974025974025983,0.17776109442776103
93,2017-03-31,0.011690614265134958,0.022638563622170205,-0.008526997340733035,0.05817157553119823,0.049253962517424636,-0.04937406109163744,0.2043596730245232,0.2043596730245232,0.2,0.2127659574468086,-0.5396669931439765,8.151515151515152,0.7071823204419889,-1.0941926345609063,-0.016957796761443378,0.08576022869394317,0.0007852375343542218,0.008705114254624613,0.047544204322200516,0.07415730337078652,0.10484780157835427,0.027951606174384747,0.037181996086105513,0.029411764705882467,-0.013333333333333308,-0.033571782704157394
94,2017-06-30,0.01622884682086201,0.02052586938083123,0.02373108655724332,0.04050691510907933,0.005018944053535313,0.061736198904340574,0.049773755656108636,0.049773755656108636,0.04597701149425282,0.05263157894736836,0.5393617021276595,-0.35761589403973515,0.5614886731391586,-2.255639097744361,0.02166018158236049,0.06261313147934833,0.0011769321302470548,0.0010787486515639877,0.0071267816954239125,0.012552301255229992,0.032653061224489736,0.02678571428571419,-0.011051212938005373,0.019841269841269767,-0.027027027027027084,-0.01920117259069254
95,2017-09-30,0.01976000574836534,0.024102393617021267,0.012017656272248269,0.013569879317056888,0.03177478580171367,0.0042667195872196926,-0.031609195402298895,-0.031609195402298895,-0.027472527472527486,-0.02777777777777779,-0.027643400138216975,2.0902061855670104,-0.16683937823834194,-3.9221556886227535,-0.06195251999492191,0.06566008517228017,-0.0023510971786833146,0.006465517241379447,0.030167597765363038,0.059917355371900786,0.0429841897233203,0.026482213438735025,0.011719814663395887,0.01322957198443575,0.0,0.010386310991556513
96,2017-12-31,0.04613514656144302,0.055104690796948574,0.18026282466162025,0.0348971193415637,-0.18022207459428685,0.0713368244244641,-2.7885756676557865,-2.7885756676557865,-2.796610169491525,-2.8171428571428567,0.5437100213219617,0.1534612176814012,0.4042288557213931,-0.32377049180327866,-0.04466098254161588,0.07861658068735,-0.6712490180675571,-0.6873661670235546,-0.16955892986261756,0.04678362573099415,0.05447655139744212,0.02887947631882937,-0.2163254310344828,-0.6866359447004609,0.0,0.019523739091850345
97,2018-03-31,0.026285213935709928,-0.015960310745327333,0.029230145673890817,-0.005620062562960659,0.01846492243574893,-0.0415936548925574,-1.5964330153463293,-1.5964330153463293,-1.6037735849056602,-1.5943396226415094,-0.4769797421731123,-1.7187274041937817,0.2825509300265723,-3.5393939393939395,0.11871369882419612,0.03610643314247231,0.10513739545997614,0.04109589041095885,0.025685676969960717,0.2476722532588453,2.3221024258760106,0.027694610778443263,-0.0075627363355104124,0.044117647058823366,-0.01388888888888895,-0.010372842013636974
98,2018-06-30,-0.017851283060970058,-0.03157853597529992,-0.02518010609465127,-0.03929618768328447,0.00028417163967042747,0.05071208622016932,-0.1189151599443672,-0.1189151599443672,-0.11458333333333336,-0.11111111111111104,0.6382042253521127,-0.3853118712273642,0.4074585635359116,-0.7792362768496421,0.0234266177029252,-0.050776932579156164,-0.034594594594594574,-0.08881578947368429,0.0059422750424449325,-0.07462686567164177,-0.12643678160919547,0.02731245447924246,0.018358157256667784,-0.08920187793427226,0.0,0.007989445136699969
99,2018-09-30,0.03453057133311055,0.0746196375963517,0.033791169621215644,-0.006549006549006586,0.03630681818181825,-0.014378606099459625,0.8453038674033149,0.8453038674033149,0.8529411764705883,0.8511904761904763,0.009134873723804391,-1.281505728314239,-1.0412168792934249,8.302702702702703,0.21294234100470175,0.06383561643835622,0.6674132138857782,0.5703971119133573,0.0396624472573841,0.05645161290322576,0.12352941176470587,0.026231832683445425,0.001700680272108901,0.5798969072164948,0.0,0.08173356602675974
100,2018-12-31,-0.06707898008946013,-0.08509839266937058,-0.09415226186097823,0.05720670391061456,-0.003234826470749464,-0.09598587623118382,-0.26347305389221554,-0.26347305389221554,-0.2571428571428571,-0.2572347266881029,-0.1698615548455804,1.3604651162790702,-20.404761904761905,-1.2998256827425916,-0.052636947873100026,-0.06258047901107389,1.5379449294828746,1.5862068965517242,0.012175324675324672,-0.09770992366412212,-0.4268393496831082,0.02832469775474955,0.06859083191850601,1.6394779771615011,-0.014084507042253502,-0.13457918795375098
101,2019-03-31,0.013622280303948298,-0.0011493309252114114,0.004795980511571153,0.035351934051997436,0.032288228822882285,-0.0868537362524412,-0.17770034843205573,-0.17770034843205573,-0.1709401709401709,-0.1688311688311689,-0.2726106478511866,0.5,-0.24233128834355835,0.2829457364341086,-0.07128243781630239,-0.009065934065934034,-0.0193172797036254,0.007111111111111069,0.034081796311146606,-0.020304568527918843,-0.6141826923076923,0.027544507893852987,0.01843025103272966,0.03399258343634126,-0.02857142857142847,-0.03526487494174313
102,2019-06-30,-0.013831967213114749,-0.0232596367222816,0.0021718817082101442,0.015362629510539572,-0.047796664357649066,0.04040972534894194,0.08827683615819204,0.08827683615819204,0.09793814432989678,0.09375,0.4797178130511464,-1.4367816091954024,0.8850202429149798,-0.3957703927492448,-0.046376811594202934,0.16641253118935406,0.03669724770642202,0.0494263018534864,-0.03683598293912371,0.1278065630397236,0.1626168224299065,0.02680614579928076,-0.03463338533541338,0.08607292289300661,-0.0441176470588236,-0.038083735909822836
