,Quarter end,Assets,Current Assets,Liabilities,Current Liabilities,Shareholders equity,Revenue,Earnings,Earnings available for common stockholders,EPS basic,EPS diluted,Cash from operating activities,Cash from investing activities,Cash from financing activities,Cash change during period,Cash at end of period,Price,ROE,ROA,Book value of equity per share,P/B ratio,P/E ratio,Cumulative dividends per share,Equity to assets ratio,Net margin,Asset turnover,Current ratio
0,1993-10-31,0.027784416826003744,0.05099648300117243,0.028206686930091207,0.03028538147932447,0.027376336505698484,0.10066877859908474,0.10869565217391307,0.10869565217391307,0.09859154929577474,0.0,0.14525139664804465,0.8896103896103895,-3.9565217391304346,-0.3694581280788177,0.4566929133858269,0.13083048919226406,0.09865732632807944,0.059642147117296325,0.02857142857142869,0.025316455696202445,0.024908869987849247,inf,-0.0003933136676499416,0.07656250000000009,0.02189781021897796,0.020128824476650653
1,1994-01-31,0.027784416826003744,0.05099648300117243,0.028206686930091207,0.03028538147932447,0.027376336505698484,0.10066877859908474,0.10869565217391307,0.10869565217391307,0.09859154929577474,0.0,0.14525139664804465,0.8896103896103895,-3.9565217391304346,-0.3694581280788177,0.4566929133858269,0.13083048919226406,0.09865732632807944,0.059642147117296325,0.02857142857142869,0.025316455696202445,0.024908869987849247,inf,-0.0003933136676499416,0.07656250000000009,0.02189781021897796,0.020128824476650653
2,1994-04-30,0.04354398000116277,0.06274400446179595,0.027905876788459242,0.024590163934426142,0.05866880146386099,0.10066877859908474,0.10869565217391307,0.10869565217391307,0.09859154929577474,0.0,0.14525139664804465,0.8896103896103895,-3.9565217391304346,-0.3694581280788177,0.1976833976833976,0.056338028169014225,0.09865732632807944,0.059642147117296325,0.05092592592592582,0.025316455696202445,0.024908869987849247,0.0,0.014558331693881762,0.07656250000000009,0.02189781021897796,0.03722704551433842
3,1994-07-31,0.030807799442897018,0.04163386687658521,0.044748648337743065,0.05779310344827592,0.01771632278275903,-0.032139430764310806,-0.14950980392156865,-0.14950980392156865,-0.14743589743589747,0.0,-0.5723577235772358,0.02749140893470781,-2.485294117647059,-0.74609375,0.041908446163765316,-0.08380952380952389,0.09865732632807944,0.059642147117296325,0.01982378854625555,-0.12757201646090532,0.024908869987849247,1.3333333333333337,-0.012604227263913192,0.07656250000000009,0.02189781021897796,-0.015282181357006984
4,1994-10-31,0.05750418850997141,0.05038206398522127,0.06155031931292676,0.07315164949797892,0.05360365141704704,0.15678176111019335,0.3717579250720462,0.3717579250720462,0.29323308270676685,0.0,2.076045627376426,1.8963210702341136,-3.0,-4.984615384615385,-0.16027227722772275,0.14553014553014565,0.09865732632807944,0.059642147117296325,0.04535637149028071,0.12264150943396213,0.024908869987849247,0.0,-0.0037313432835821563,0.07656250000000009,0.02189781021897796,-0.0212505634619099
5,1995-01-31,0.031686001942045294,0.03693340794627864,0.02001867026242099,-0.01530984204131225,0.0430183356840621,0.04313053413310475,0.2647058823529411,0.2647058823529411,0.3372093023255813,0.0,0.14956736711990115,-0.6327944572748267,0.5,-2.193050193050193,0.2277081798084009,0.12613430127041747,0.09865732632807944,0.059642147117296325,0.04752066115702491,0.07563025210084051,0.024908869987849247,0.2857142857142856,0.011038833037650296,0.07656250000000009,0.02189781021897796,0.053095598394631294
6,1995-04-30,0.05572893446277316,0.06815203145478366,0.05308114704087852,0.08008390918065156,0.0582439872500724,0.016976998904709717,-0.0415282392026578,-0.0415282392026578,-0.5217391304347825,0.0,-0.28924731182795704,-0.16981132075471694,-0.5808580858085808,-0.12621359223300976,0.16206482593037208,0.17405318291700245,0.046758767268862966,0.059642147117296325,0.055226824457593526,0.12109375,0.024908869987849247,0.16666666666666674,0.0023396373562096784,0.044992743105950465,0.0,-0.011058353117580966
7,1995-07-31,0.061655405405405476,0.0734031035727174,0.093375820780224,0.10567805323888946,0.03167214311792632,0.04186860527732894,-0.0017331022530329145,-0.0017331022530329145,-0.00909090909090915,0.0,-1.226928895612708,-0.4734848484848485,-4.401574803149607,-0.4703703703703703,0.07386363636363646,0.2676733013040493,0.0649746192893399,0.059642147117296325,0.031775700934579376,0.2020905923344949,0.16004742145820972,0.2380952380952381,-0.028204629449523514,0.05138888888888893,0.007142857142857118,-0.029186935371785964
8,1995-10-31,0.07959869177052957,0.09191769768692848,0.11171950896405547,0.13081215127092372,0.04742103866230196,0.1691433001679803,0.17708333333333326,0.17708333333333326,0.1834862385321101,0.0,-2.1466666666666665,2.2661870503597124,-0.5925925925925926,-1.7412587412587412,-0.050986050986051024,0.14022739577693555,0.04337464251668277,0.03095684803001864,0.045289855072463865,0.1072463768115941,0.02503832396525296,0.1923076923076923,-0.0298238590872697,0.01981505944517825,0.007092198581560183,-0.03442441595626988
9,1996-01-31,0.05428419372006377,0.07740624422686126,0.07332380044486819,0.04385964912280693,0.03404003716530113,0.026525198938992082,0.16519174041297946,0.16519174041297946,0.16279069767441867,0.0,2.5930232558139537,-0.048458149779735726,0.6988636363636365,-5.575471698113208,0.2458185504308159,0.013295346628680038,0.033348560986751874,0.013648771610555109,0.039861351819757466,-0.03141361256544495,-0.0807577268195413,0.16129032258064502,-0.01918712605735517,0.012953367875647714,0.0,0.032147189648200625
10,1996-04-30,0.04523744806430319,0.03475080018289889,0.029975575457035,0.02512254901960786,0.062081359255023776,0.06373815676141259,-0.08481012658227849,-0.08481012658227849,-0.08666666666666656,0.0,0.13592233009708732,2.0324074074074074,-0.8294314381270903,-2.1484536082474226,-0.22660699755899105,0.14948453608247436,0.01105216622457994,-0.003590664272890453,0.06000000000000005,0.10540540540540523,0.06832971800433829,0.13888888888888884,0.01598653765250324,-0.01534526854219953,0.014084507042253502,0.009402546523016529
11,1996-07-31,0.015082844193476497,0.008230225364560306,0.0372951997700488,-0.02510460251046021,-0.008690970619904648,-0.07844129554655865,-0.4121715076071921,-0.4121715076071921,-0.708029197080292,0.0,0.028490028490028463,-0.28931297709923665,2.235294117647059,-0.9210053859964094,-0.02314571278274591,-0.026498165511618543,-0.08439003060778305,-0.0972972972972973,-0.006289308176100628,-0.08312958435207818,-0.07664974619289333,0.29268292682926833,-0.02339544513457548,-0.0896103896103897,-0.006944444444444421,0.03421954848308428
12,1996-10-31,0.013724198506807284,-0.01435380485399662,-0.012054035330793187,-0.0695454147324166,0.042594460392582745,0.11444261394838008,0.5247058823529411,0.5247058823529411,0.5499999999999998,0.0,0.9584487534626038,-1.534908700322234,-6.357575757575757,-24.363636363636363,0.5535810446957459,-0.0682579564489112,-0.042024832855778405,-0.041916167664670656,0.04588607594936711,-0.06133333333333335,-0.013743815283122627,0.0,0.028407886368454482,-0.0399429386590584,0.0,0.059294470853139776
13,1997-01-31,-0.019603595797682227,-0.044744594519481984,-0.08533763410700512,-0.11531582415513507,0.050156273254948765,0.014585591800532203,0.40740740740740733,0.40740740740740733,0.403225806451613,0.0,0.28005657708628,-0.9538152610441768,1.182126696832579,-1.0933852140077822,-0.03327556325823222,0.11820224719101112,0.010468594217347915,0.034375000000000044,0.04689863842662634,0.06818181818181812,0.12987736900780367,0.1132075471698113,0.0713254998969286,0.02080237741456159,0.013986013986013957,0.07977090222012273
14,1997-04-30,0.025371925173074183,0.026882346095659315,0.0012266176019626318,0.012662268567780409,0.04768990929705219,0.004371053909664857,-0.14035087719298245,-0.14035087719298245,-0.13793103448275856,0.0,-0.2453038674033149,-25.782608695652176,-0.7480559875583204,-4.229166666666666,0.11115095016134813,0.08520900321543423,-0.010360138135175112,0.014098690835850913,0.047687861271676235,0.037234042553191626,0.03453379378391719,0.10169491525423746,0.021743313450067303,0.010189228529839944,0.0,0.014053699349264592
15,1997-07-31,0.022876638534745863,0.011899365367180392,0.014931087289433487,0.01807292213932965,0.029895164017585293,0.012669245647969118,-0.21301020408163265,-0.21301020408163265,-0.2266666666666667,0.0,-0.8103953147877013,-0.2052631578947368,-0.537037037037037,-2.3516129032258064,-0.13520490480800262,0.11925925925925918,0.025922233300099684,0.057596822244289976,0.009655172413793213,0.0692307692307692,0.0915593705293276,0.10769230769230753,0.0067796610169490465,0.03458213256484144,0.020689655172413838,-0.006093615185504775
16,1997-10-31,0.1147040235938488,0.17297569716653596,0.17646171256129772,0.15791103313035393,0.06094437512313644,0.12587145449336254,0.306320907617504,0.306320907617504,0.2931034482758621,0.0,2.4208494208494207,3.4415011037527585,-7.746666666666667,-1.9355608591885438,0.14626865671641798,0.08438120450033115,0.005830903790087438,0.016901408450704203,0.061475409836065475,0.07434052757793785,0.015290519877675825,0.09722222222222232,-0.04826038159371482,0.012534818941504213,0.0067567567567568,0.013021539797080985
17,1998-01-31,0.030174178714290182,0.04320427746216637,0.04674874951904573,0.11462697210090035,0.014175177963478891,0.002290270591229105,0.15260545905707198,0.15260545905707198,0.1866666666666668,1.15,0.2911963882618511,-0.5034791252485089,-1.318840579710145,-1.8647959183673468,-0.1103515625,-0.0347879157766251,-0.0314009661835748,-0.0406278855032316,0.023166023166023345,-0.0915178571428572,-0.07745266781411353,0.08860759493670889,-0.015526729559748431,-0.028885832187070193,-0.013422818791946291,-0.06405655829896628
18,1998-04-30,0.002445959580517965,-0.008740618707669734,-0.046253752373950914,-0.052858856457417065,0.05096435546875,0.018957345971563955,-0.2626480086114101,-0.2626480086114101,-0.2584269662921348,-0.2441860465116279,0.4903846153846154,-2.076076076076076,1.3264462809917354,-5.87905604719764,0.6051957555799488,0.07208346506481189,-0.0678304239401496,-0.0702598652550529,0.041509433962264135,0.04914004914004888,0.07602611940298498,0.08139534883720945,0.048512677181073986,-0.06657223796033984,0.0,0.04658082975679534
19,1998-07-31,0.015493945771189788,0.012280134804487421,0.02640030832476881,0.0585106382978724,0.005633312039026618,-0.08812292358803986,-0.09343065693430652,-0.09343065693430652,-0.09090909090909094,-0.10769230769230777,-0.6105571847507332,-1.0372093023255813,-1.266429840142096,-0.44135429262394205,0.2106222931388193,0.010026540843409038,-0.029427501337613737,-0.035196687370600444,0.004830917874396157,-0.030444964871194306,0.045513654096228866,0.08602150537634401,-0.009710586443259728,-0.01062215477996975,-0.027210884353741527,-0.043687462409098266
20,1998-10-31,0.011353056014416607,-0.015642814794545545,0.04850115776957265,0.07465900933237624,-0.02292677292677292,0.11358047180981877,0.14331723027375198,0.14331723027375198,0.16666666666666674,0.1724137931034484,1.9051204819277108,19.775,-8.876666666666667,-2.369047619047619,-0.238184899265675,-0.20583941605839415,-0.04299889746416763,-0.04613733905579398,0.0012019230769231284,-0.21014492753623185,-0.20605306799336665,0.07920792079207928,-0.03383964622188052,-0.03987730061349681,-0.006993006993006978,-0.08404802744425399
21,1999-01-31,-0.023906393846702127,-0.029836916234247564,-0.08332338546018858,-0.07526163437987088,0.034931142502512065,-0.023638148208735443,0.35211267605633795,0.35211267605633795,0.3571428571428572,0.3529411764705881,-0.8496630378434422,-0.9181708784596871,-0.7570884468895471,-0.7217391304347827,-0.08699950568462678,0.25183823529411753,-0.005760368663594528,0.01012373453318327,0.03601440576230508,0.25076452599388377,0.28355091383812003,0.07339449541284382,0.06009950248756212,0.007987220447284393,0.0,0.049126092384519586
22,1999-04-30,0.035018863332116235,0.06155682903533899,0.03014715457741901,0.0333895176177863,0.03929183323814955,0.04037865460333423,-0.04374999999999996,-0.04374999999999996,-0.04210526315789465,-0.0434782608695653,5.044827586206896,2.1911764705882355,-0.41463414634146345,-4.409090909090909,0.32485110990795896,0.08516886930983869,0.06315179606025477,0.06792873051224935,0.04055619930475074,0.046454767726161535,0.06224572823433694,0.06837606837606837,0.004129904261310546,0.06973058637083995,0.0,0.02725055036591884
23,1999-07-31,0.0014991622328699439,-0.06945881506140628,-0.04803741862082045,-0.04085436893203887,0.04456533685020325,-0.16917626217891935,-0.07080610021786493,-0.07080610021786493,-0.07692307692307697,-0.07954545454545447,0.0,0.0,0.0,-0.03500000000000003,0.23661626481405795,0.3096075778078484,0.046866485013624,0.06569343065693434,0.03897550111358572,0.25934579439252325,0.21141325162772875,0.06400000000000006,0.04299869134417622,0.08740740740740738,-0.021126760563380254,-0.029829134086301726
24,1999-10-31,0.03601408864103317,0.0462654097171864,0.12887590465440546,0.1596890436472589,-0.03756115524225368,-0.25411901531304515,-0.10902696365767883,-0.10902696365767883,-0.09523809523809523,-0.09876543209876554,-0.5778665145464917,-0.3502304147465438,2.3601190476190474,-1.5535405872193435,-0.10591539986781227,-0.0648894399669353,-0.004164497657470068,0.0029354207436398387,-0.02143622722400851,-0.1001855287569573,-0.13025608599430916,0.0601503759398494,-0.07098046244846745,0.12261580381471382,-0.1079136690647482,-0.09779104477611933
25,2000-01-31,-0.03926679321188764,-0.10678310692172632,-0.1409834137160334,-0.14181970532784027,0.05526100027329872,0.5167619542619544,0.04473684210526319,0.04473684210526319,0.05263157894736836,0.0547945205479452,0.5337837837837838,0.7943262411347518,2.2559787422497783,2.784711388455538,-0.44834596192940296,0.04795580110497233,-0.07056978567694716,-0.05463414634146335,0.05695509309967139,0.07010309278350535,0.03235187204652834,0.05673758865248235,0.09839861084314117,-0.04126213592233008,-0.008064516129032251,0.04082848067760714
26,2000-04-30,0.005809324408009298,0.03471108582070248,0.0036973639164670224,-0.0211554109031733,0.0074070237231949046,0.030412062023472908,0.17758186397984874,0.17758186397984874,0.17499999999999982,0.16883116883116878,-0.2264317180616741,-0.3754940711462451,-0.8019586507072906,-1.2856553998351197,0.2321608040201004,0.3696752425137073,-0.011248593925759276,0.004127966976264164,0.010362694300518172,0.2967244701348748,0.4338028169014085,0.05369127516778538,0.0015808888108204133,0.013924050632911468,-0.016260162601625994,0.057091995676775475
27,2000-07-31,-0.04840506626011498,0.09554044595540456,0.2174091002114742,0.1310058187863674,-0.24875314926217285,-0.017459261722647113,0.1187165775401069,0.1187165775401069,0.1063829787234043,0.09999999999999988,-0.10250569476082004,2.2278481012658227,-2.3612637362637363,0.6796536796536796,0.3164763458401305,-0.045419553502694436,0.12229806598407268,0.06988694758478943,-0.2420512820512821,-0.054977711738484425,-0.05132612966601169,0.10191082802547767,-0.21045247281655569,0.021223470661672742,0.04958677685950419,-0.031394719432248815
28,2000-10-31,0.047817111871091056,0.06074019988134904,0.10949232320968294,0.1169337057180655,-0.027513517213058614,0.12227111186325935,-0.11854684512428293,-0.11854684512428293,-0.5384615384615385,-0.5656565656565656,-0.16370558375634514,-0.5980392156862745,-2.899091826437941,-2.2259450171821307,-0.2947129285419249,-0.1545161290322581,0.10897110998479476,0.0566762728146013,-0.005412719891745632,0.1147798742138364,-0.19932694796790065,9.011560693641618,-0.07196801421590404,-0.07334963325183362,0.1417322834645669,-0.05029493945979502
29,2001-01-31,-0.018524508218412783,-0.026028222336947127,-0.028131313131313118,0.001842468908337169,-0.005137588852135999,-0.09914800573022696,-0.6442516268980477,-0.6442516268980477,-0.6458333333333333,-0.6046511627906976,-1.7936267071320182,0.1073170731707318,-0.8044633368756642,-0.2165381920112124,-0.32737920937042464,-0.2672644028996567,-0.053473491773308963,-0.12272727272727267,-0.00952380952380949,-0.2623413258110013,-0.2945360491432266,0.004618937644341736,0.013642891335567288,-0.13060686015831147,0.006896551724137946,-0.027786858450474128
30,2001-04-30,0.006171544983372801,0.004638014046556727,0.01273190251000367,0.028965517241379413,-0.002758913412563624,-0.0285403414797456,-0.7957317073170732,-0.7957317073170732,-0.8235294117647058,-0.8235294117647058,-3.3154875717017207,0.31277533039647576,-2.0760869565217392,-2.170840787119857,0.5698737483674359,-0.16349908877896369,-0.1999034282955096,-0.2663212435233161,-0.004120879120879106,-0.1567877629063098,-0.04674610449129235,0.0045977011494253706,-0.008972845336481683,-0.2625189681335357,0.0,-0.023671822461331482
31,2001-07-31,-0.03605776388268578,-0.07835033415406256,-0.050441297208538634,-0.10953657602451172,-0.016173653968929558,-0.12578616352201255,0.6567164179104477,0.6567164179104477,1.0,1.0,-0.8918249380677127,-0.08724832214765099,-2.8636363636363638,-1.6715049656226126,-0.2437603993344426,-0.14565826330532214,-0.38805069402534703,-0.3954802259887006,-0.01379310344827578,-0.14058956916099774,0.1730769230769229,0.004576659038901587,0.020729092208720438,-0.3744855967078189,-0.03424657534246578,0.03505992560958804
32,2001-10-31,0.006486686847470224,0.016362942467321732,0.006808970548500382,0.0010035842293907304,0.006056673155959258,0.13570513452251887,-1.8828828828828827,-1.8828828828828827,-1.8333333333333333,-1.8333333333333333,12.297709923664124,-1.9117647058823528,-0.2953929539295393,-2.6723549488054608,0.539053905390539,-0.2641165755919854,-0.7130177514792899,-0.7102803738317757,0.005594405594405494,-0.2532981530343008,0.20000000000000015,0.004555808656036442,-0.00046685340802987696,-0.7039473684210527,-0.028368794326240957,0.015305782924070144
33,2002-01-31,0.030812668794500286,0.0906360009387468,0.0399871182437872,-0.005943855628759653,0.01856231634773886,-0.012235334953141221,-5.938775510204081,-5.938775510204081,-6.0,-6.0,-0.012055109070034488,1.25,-1.975,0.8952380952380952,0.6638074815344293,0.0004950495049504955,0.38144329896907214,0.3790322580645161,0.016689847009735637,-0.007067137809187329,2.2868852459016393,0.0045351473922901064,-0.011910322279308884,0.4000000000000001,-0.014598540145985384,0.09713574097135737
34,2002-04-30,0.020602596165297138,0.02663969702186253,-0.002941783649876184,-0.0035300050428643814,0.05270194202082745,-0.06694193094966172,-0.4793388429752066,-0.4793388429752066,-0.48,-0.48,0.19872167344567115,-1.3548387096774197,-1.2110453648915187,-0.36898779612347454,0.2517542603465559,-0.035131123206333485,0.308457711442786,0.3216374269005846,-0.33242134062927503,-0.04982206405693956,-0.301330008312552,0.004514672686230403,0.03143464901914439,0.3571428571428572,-0.022222222222222254,0.030288547702969067
35,2002-07-31,1.0686114352392069,0.5241249214001258,0.7894818572389875,0.8010410641989589,1.4290488603702962,0.5569155446756426,-9.051587301587302,-9.051587301587302,-6.153846153846153,-6.153846153846153,-0.9234125060591372,-16.919191919191913,7.962616822429906,0.33731513083048914,0.268962361285894,-0.17897435897435887,-2.3307984790874525,-2.4380530973451333,1.4405737704918034,0.2284644194756553,-0.3895002974419988,0.0044943820224718775,0.17438130155820342,0.0,-0.11363636363636374,-0.15371680389655562
36,2002-10-31,-0.0028486010830325315,-0.007783706474503548,-0.0035578953458100804,-0.024165061014772005,-0.002173853223631728,0.09143686502177073,-1.1922129127649088,-1.1922129127649088,-1.1940298507462686,-1.1940298507462686,8.50632911392405,-1.125,0.05109489051094896,-0.9574649085495534,0.009015506671474991,-0.1580262336039976,-0.49285714285714294,-0.4707692307692308,-0.0025188916876573986,-0.6554878048780488,0.0,0.004474272930648837,0.000585365853658759,0.0,-0.07692307692307676,0.016786570743405168
37,2003-01-31,0.01955876113703869,0.04401940401940396,0.03413841151881103,0.03648704236939526,0.005708455132094281,-0.00947473404255317,0.8487179487179488,0.8487179487179488,0.8461538461538459,0.8461538461538459,-0.5692410119840213,-0.1649746192893401,-2.1220238095238093,13.49,0.12946747676912085,0.3241839762611276,-0.3943661971830986,-0.3779069767441861,0.0058922558922558385,0.3274336283185841,0.0,0.00445434298440972,-0.013455538221528895,0.0,-0.05555555555555558,0.007210242587601056
38,2003-04-30,0.010347745273466158,0.02060377558877402,0.009066921176734688,-0.0007143707584236214,0.01159889220982202,0.005929406499971979,-0.0859916782246879,-0.0859916782246879,-0.08333333333333326,-0.08333333333333326,2.9551777434312214,0.5106382978723405,-2.0848806366047743,-0.4237405106970325,0.06605490071987985,-0.06330532212885165,-0.6697674418604651,-0.6635514018691588,0.01087866108786617,-0.06666666666666676,0.0,0.0044345898004436455,0.0011860051393555169,0.0,-0.03921568627450989,0.021342075332842825
39,2003-07-31,-0.017847581652686073,-0.03098415671583543,-0.035441066013853766,-0.04297231820167602,-0.0007047598395315546,-0.03531112717566587,-0.5493171471927163,-0.5493171471927163,-0.5454545454545454,-0.5454545454545454,-0.8171160609613131,-0.4949698189134809,-0.3626731866340668,-1.6766467065868262,-0.04192638765212231,0.1985645933014355,-8.943661971830984,-9.0,0.0008278145695364003,0.18571428571428567,0.0,0.0044150110375273935,0.01737413622902273,0.6959064327485379,0.010204081632652963,0.012576968426568856
40,2003-10-31,0.044297516040201934,0.10062285223367697,0.06601678539497602,0.1051168195211023,0.02387023273476907,0.14439704865114145,1.9023569023569025,1.9023569023569025,1.7000000000000002,1.7000000000000002,4.0918803418803416,0.7330677290836654,-0.1419437340153452,-3.2601769911504426,0.09890790798543868,0.03742514970059885,0.2163120567375887,0.2118055555555556,0.02398676592224991,0.03614457831325302,-0.2660170523751523,0.004395604395604602,-0.01960023287405399,0.2,0.010101010101010166,-0.004075559580799526
41,2004-01-31,-0.018739626278310276,-0.03544248219338475,-0.0519993506844868,-0.07209913631242959,0.013829279923700531,-0.017075504961466814,0.08584686774941996,0.08584686774941996,0.14814814814814814,0.11111111111111094,-0.9378934116659672,-0.31264367816091954,-0.3129657228017884,-1.4792482380579484,-0.04313504369890053,0.13997113997114008,0.07288629737609331,0.08022922636103136,0.012924071082390798,0.11046511627906974,-0.05243942914039157,0.004376367614879585,0.03325415676959631,0.06034482758620707,0.020000000000000014,0.039493341994153885
42,2004-04-30,0.02204397882905007,0.026806261538072414,0.029566210045662174,0.044678267907729774,0.015156266332183588,0.03069591062826693,-0.05555555555555558,-0.05555555555555558,-0.06451612903225812,-0.033333333333333326,16.797297297297302,2.140468227424749,0.3383947939262473,-2.761437908496732,0.07940483205657034,-0.07552742616033747,0.06657608695652173,0.07427055702917773,0.015948963317384383,-0.08376963350785338,-0.1376532399299475,0.004357298474945592,-0.006704980842911934,0.051490514905149005,0.019607843137254832,-0.017121789664438003
43,2004-07-31,-0.007247343975228194,0.0026845306997020928,-0.0112540192926045,0.03734407685751928,-0.003526565074135069,-0.060856162680853136,-0.3371040723981901,-0.3371040723981901,-0.3448275862068965,-0.3448275862068965,-0.8788914198936978,-0.6017039403620874,-0.004862236628849326,-1.6205936920222634,-0.045653064009826716,-0.05294386125057049,0.08407643312101909,0.08641975308641969,0.006279434850863463,-0.06857142857142863,-0.12225832656376935,0.00433839479392617,0.0036644165863066736,0.07474226804123707,0.00961538461538458,-0.03337783711615483
44,2004-10-31,0.02362162380177724,0.053767930831204465,0.0814129520605551,0.06759280005975055,-0.029629820981116436,0.13235216263433736,0.8617747440273038,0.8617747440273038,0.9473684210526316,0.9473684210526316,5.22884012539185,1.2513368983957218,3.017915309446254,0.9760837070254113,-0.0945298534143726,-0.10843373493975904,0.07168037602820232,0.06363636363636371,0.0070202808112325155,-0.1165644171779141,-0.1846367422489588,0.004319654427645814,-0.05188316679477323,0.050359712230215736,0.01904761904761898,-0.012957116548276805
45,2005-01-31,-0.013068375843862444,-0.027645043239085343,-0.029994296676517877,-0.03550440744368266,0.004312639761473669,0.003038945252232361,-0.1356553620531622,-0.1356553620531622,-0.1351351351351351,-0.1351351351351351,-0.2159033719174636,-0.5118764845605701,-0.7940818808269152,-1.483358547655068,0.05046197583511014,0.08378378378378383,0.005482456140350811,-0.0042735042735042575,0.00929512006196731,0.07638888888888906,-0.010783200908059063,0.004301075268817067,0.017632752330766003,-0.02283105022831056,0.01869158878504673,0.008129539548210829
46,2005-04-30,0.016036091186138357,0.01824283830756324,0.020258171419408333,0.03053711964603045,0.01184859248263792,0.005406917125011734,0.024390243902439046,0.024390243902439046,0.03125,0.03125,0.5237483953786906,0.2627737226277371,0.5649606299212601,0.6588419405320813,0.07968726507292145,0.036907730673316534,0.02835332606324958,0.0193133047210301,0.01534919416730629,0.032258064516129004,0.01950659781985076,0.004282655246252709,-0.0041824337781318785,0.004672897196261738,0.00917431192660545,-0.011963778174367112
47,2005-07-31,-0.012207261486875898,-0.018222054807420673,-0.003798297314996701,0.026746436741157842,-0.020616666230057867,-0.03759851645804357,-0.924430641821946,-0.924430641821946,-0.9090909090909092,-0.9090909090909092,-0.06908171861836565,-0.628131021194605,1.4327044025157232,-0.9216981132075472,0.005779139395627242,0.08465608465608465,-0.13573700954400836,-0.14526315789473687,-0.013605442176870763,0.0625,0.04895891952729325,0.004264392324093702,-0.008600000000000052,-0.16046511627906968,0.0181818181818183,-0.0437516724645437
48,2005-10-31,0.02520685265726108,0.03913481367800098,0.0555088088351301,0.07832047986289625,-0.005617075910768765,0.10376222361385423,4.698630136986301,4.698630136986301,4.0,3.666666666666667,-0.146606334841629,2.284974093264249,-0.0765253360910031,-7.433734939759036,-0.036967808930425734,0.1729490022172948,-0.21717791411042955,-0.22413793103448265,0.0038314176245208826,0.1941176470588235,0.3513948497854078,0.00424628450106157,-0.030058503126891182,-0.2326869806094183,0.017857142857142568,-0.036378900237862055
49,2006-01-31,-0.03755965699652086,-0.0959062168274334,-0.03821529109887645,-0.02488874761602033,-0.036851732300408835,-0.011085410029241016,1.9495192307692308,1.9495192307692308,1.8666666666666667,2.0,-0.02120890774125128,0.525236593059937,0.5991041433370661,2.7022471910112356,-0.14211774854431747,0.14102079395085074,0.1316614420062696,0.12063492063492065,-0.03358778625954195,0.13300492610837433,0.4608971814211986,0.004228329809724984,0.0008319467554076532,0.10108303249097483,0.017543859649122858,-0.07281835341948606
50,2006-04-30,0.03722467848359834,0.07733932308948899,0.039422902582433306,0.05802392672034418,0.034854493660280365,-0.004633920296570948,0.547677261613692,0.547677261613692,0.5813953488372094,0.5714285714285716,0.9685807150595882,-0.485005170630817,-0.6365546218487395,-2.0612038442083964,0.17580023462376393,0.07057654075546728,0.3587257617728532,0.3456090651558075,0.04897314375987349,0.10869565217391307,-0.04565217391304344,0.004210526315789442,-0.0022859517871987034,0.3344262295081968,0.008620689655172377,0.0182444601049252
51,2006-07-31,0.02602904784732396,0.05015636846095517,0.06765680679807629,0.07779523677480983,-0.019053273600690868,-0.02944045402145956,-0.2759347024749869,-0.2759347024749869,-0.26470588235294124,-0.2727272727272728,-0.27655476059438633,-0.11445783132530117,-0.7697495183044316,-0.07102001906577693,0.13889680729760556,-0.01485608170844954,0.3700305810397553,0.3431578947368421,-0.0007530120481927803,-0.058823529411764726,-0.27505694760820043,0.004192872117400492,-0.04394917725473857,0.34152334152334163,0.0,-0.025607505382959198
52,2006-10-31,0.03521820385897567,0.0888663282571911,0.023177107646344952,0.02481276084843631,0.04941124683613962,0.1217450890817724,0.2341818181818183,0.2341818181818183,0.24,0.29166666666666674,0.2339292506656523,0.9977324263038551,7.133891213389123,-0.7850179579271421,0.02621863462862151,0.12378259503612955,0.252232142857143,0.24294670846394986,0.056518462697814575,0.12500000000000022,-0.17360565593087207,0.0041753653444676075,0.013725490196078384,0.2380952380952379,0.0,0.06250493252308442
53,2007-01-31,-0.008136031519498377,-0.11903281949278965,-0.012911467481807605,-0.02248256624825662,-0.00264786073825507,0.021462024027693042,-0.08839127872716558,-0.08839127872716558,-0.08064516129032262,-0.11290322580645153,-1.0067817509247845,4.634506242905789,-0.30195473251028804,-16.138424821002392,-0.3867682926829268,0.1428571428571428,0.035650623885918,0.029003783102143913,0.013552068473609236,0.08148148148148149,-0.10884030418250944,0.004158004158004268,0.005587792821835302,0.025147928994083024,0.008547008547008517,-0.09878927430736097
54,2007-04-30,0.025813513048183582,0.03186810602318957,0.08449076748861817,0.05333295285926254,-0.040927371658386565,0.01802089147595876,0.14738202973497086,0.14738202973497086,0.17543859649122814,0.18181818181818168,-190.13636363636363,-0.8551571313456889,-0.06927044952100225,-1.3435282989121866,0.21666500944615685,0.0004892367906066396,-0.015490533562822815,-0.03799019607843146,-0.019704433497537036,-0.013698630136986356,-0.05546666666666666,0.004140786749482261,-0.0651848685616584,-0.04906204906204903,0.008474576271186418,-0.020357702134674027
55,2007-07-31,0.020716195317276757,0.0338925103706067,0.027212478956677444,0.010619564922926816,0.012360905552814884,-0.006148664525730374,0.001690140845070465,0.001690140845070465,0.0149253731343284,0.015384615384615332,-0.5513097813025716,-0.21140472878998606,-0.14014251781472686,-0.9017898118402936,0.0174893756129455,0.11711491442542775,0.05885780885780889,0.043312101910828016,0.028715003589375513,0.13888888888888884,0.121964991530209,0.004123711340206171,-0.008230452674897082,0.02579666160849769,0.016806722689075567,0.0229681978798586
56,2007-10-31,0.04178950212001276,0.04499459888450441,0.04084723259480549,0.05240584372068091,0.04301919484527717,0.11490719943255698,0.21709786276715404,0.21709786276715404,0.24999999999999975,0.2575757575757573,0.933047670058918,4.067019400352733,0.7430939226519337,-6.406542056074767,-0.09293172690763052,0.0820748522652659,0.06604292790313715,0.04761904761904767,0.04466154919748777,0.05182926829268309,0.0035228988424760295,0.004106776180698103,0.001152604887044717,0.03106508875739644,0.016528925619834656,-0.006990706472571717
57,2008-01-31,-0.0014318087013381884,-0.058562929834184214,0.009068622565922002,-0.06627610799796235,-0.01510668120230496,0.006149931078358596,-0.014325323475046225,-0.014325323475046225,-0.02352941176470591,-0.036144578313252906,-0.11692989747852588,-0.7560041768186565,1.0475435816164818,0.20138288677614516,-0.1230850969627203,-0.0548139158576052,0.08156943727413513,0.05827505827505841,0.02805611222444893,-0.09565217391304348,-0.12888665997993987,0.004089979550102374,-0.013585079438176441,0.04591104734576778,0.016260162601626105,0.008282259400364422
58,2008-04-30,0.0364900871607281,0.05429570205709666,0.0597100418740617,0.013312237437939968,0.005508117225384801,-0.007201320827624923,-0.035630567276136886,-0.035630567276136886,0.0,0.0,0.4951364919987449,1.2439372325249645,-0.6119711042311662,-2.214388489208633,0.17045339796021408,-0.038733147870746776,0.024343675417661137,0.011013215859030813,0.005198180636777128,-0.06410256410256421,-0.12032239493379393,0.004073319755600657,-0.029878618113912125,0.010973936899862702,0.0,0.040413997042878284
59,2008-07-31,0.04455143566729114,0.08474143977555304,0.0698589029095451,0.12798147849028152,0.008963908473776705,-0.008138136013021047,-0.014584346135148253,-0.014584346135148253,-0.012048192771084376,0.0,-0.2942287513116474,-0.5085823267641449,-1.4002659574468086,0.8909952606635072,0.2753860754033301,0.010685663401602818,0.020037278657968338,0.0010893246187362315,0.016160310277957283,0.0034246575342467,-0.03861256544502623,0.004056795131845981,-0.034167468719923155,0.005427408412483015,-0.008000000000000007,-0.03837044054950256
60,2008-10-31,0.1818361941310196,0.01355905635237864,0.2959981881217444,0.2634606205250596,0.011611897649045357,0.19873715753424648,0.04193389245189927,0.04193389245189927,0.060975609756097615,0.0625,-0.025869759143621773,12.795601552393274,3.581395348837209,-2.450501253132832,-0.31319759182845164,-0.12731277533039653,-0.008679762448606687,-0.06964091403699657,0.025445292620865256,-0.13993174061433455,-0.16473791695030635,0.0040404040404038435,-0.1439960139511708,-0.04993252361673406,-0.016129032258064502,-0.19778325123152707
61,2009-01-31,-0.03262125984946751,-0.055037890504175735,-0.058368844856094275,-0.1124312888418746,0.01656309383185239,-0.14293366663690746,-0.12215909090909095,-0.12215909090909095,-0.11494252873563215,-0.11764705882352945,-0.6562881562881563,-0.9085708927231808,-0.6791153009427121,-1.2237580993520518,0.1020388062641584,-0.14487632508833914,-0.04377880184331806,-0.08304093567251469,0.024813895781637733,-0.16666666666666666,-0.15077424612876933,0.004024144869215318,0.05093131548311969,-0.03693181818181823,-0.049180327868852514,0.06468119946781292
62,2009-04-30,-0.010206687706368456,-0.03467604999897711,-0.029608691307265067,-0.11501053482878246,0.024124081137747225,-0.05031249999999998,-0.0744336569579288,-0.0744336569579288,-0.06493506493506496,-0.06666666666666676,3.408525754884547,-0.2482051282051282,-3.9028248587570618,0.6042471042471043,0.14853874340870488,-0.07349468713105077,-0.05686746987951796,-0.07908163265306123,0.028450363196125924,-0.09523809523809534,-0.05854126679462567,0.004008016032064132,0.034616449736915016,-0.03539823008849552,-0.05172413793103437,0.09074305488801304
63,2009-07-31,0.02356356264110948,0.03509515534268637,0.023009135980462725,0.005458961594882572,0.024493118247743032,0.0036561734488684827,-0.04312354312354316,-0.04312354312354316,-0.04166666666666674,-0.04285714285714271,-0.22320709105560035,0.3506139154160983,-0.14519268197742308,-0.5968712394705175,0.05213602054314848,0.2255495380694488,-0.06796116504854377,-0.08310249307479234,0.031194820482636887,0.18947368421052624,0.2650356778797145,0.003992015968063978,0.0008029978586723273,-0.04434250764525993,-0.036363636363636376,0.029523221997003413
64,2009-10-31,0.033554811293575286,0.07569305106261015,0.06823705365488886,0.0285338435780913,-0.02450944986156256,0.1274634803832282,0.4908647990255786,0.4908647990255786,0.492753623188406,0.5223880597014925,-0.10969917012448137,-0.10909090909090913,0.2718579234972678,-1.3611940298507463,-0.01789808446120844,0.18715882505848724,0.035635964912280826,0.04229607250755296,-0.021689497716894882,0.15486725663716827,0.2393231265108784,0.00397614314115291,-0.05616474993313725,0.07040000000000002,-0.028301886792452824,0.045882554357130616
65,2010-01-31,-0.010287546058763586,-0.016026190068330167,-0.03439595056675915,-0.04953142803990418,0.02742058888861476,0.007334410339256968,-0.08088235294117653,-0.08088235294117653,-0.07766990291262144,-0.08823529411764708,-0.2988639673754734,-0.19387755102040816,-0.4887218045112782,-2.107438016528926,0.02018224263875301,0.09174512809283986,0.038644785600846936,0.04202898550724643,0.0355892648774796,0.11494252873563228,0.032509752925877766,0.003960396039603964,0.0382544630206858,0.029895366218236182,0.009708737864077666,0.035193976100834856
66,2010-04-30,0.020912179408192344,-3.8686964427325776e-05,0.006343496870076848,0.034203508428547025,0.045233977130777266,-0.010520576065689458,-0.022222222222222254,-0.022222222222222254,-0.010526315789473715,-0.021505376344086,0.28417116742833404,3.5414908579465543,-1.5056022408963583,1.1791044776119404,0.043109175463202254,0.01504211793020449,0.041284403669724856,0.04311543810848395,0.0501408450704226,-0.02061855670103097,-0.04030226700251893,0.0039447731755424265,0.023744541484716164,0.029027576197387495,0.01923076923076916,-0.033127767235926475
67,2010-07-31,0.03468282842215986,0.0516490956572202,0.06926934692859721,0.1660003311963285,-0.022431109374640882,-0.0038899153943401377,-0.1940909090909091,-0.1940909090909091,-0.1914893617021276,-0.17582417582417587,0.05888062115820114,-0.27129142149272223,-1.4612188365650969,0.005136986301369939,0.04153987686646388,-0.062438253309622486,0.009300048947626037,-0.003999999999999893,0.006437768240343368,-0.10526315789473696,-0.11811023622047245,0.003929273084479545,-0.0551852839242869,-0.01128349788434424,0.009433962264151052,-0.09804562924196593
68,2010-10-31,0.037378038111267615,-0.003329347926055326,0.08473478272135981,0.002333225125791261,-0.04904196544022565,0.08295095837807942,0.4314720812182742,0.4314720812182742,0.4999999999999998,0.4800000000000002,-0.03727467155514819,1.1529961750956228,4.627627627627628,-7.454855195911413,-0.2574398695474929,-0.10305584826132774,0.0106692531522794,-0.010709504685408431,-0.01545842217484028,-0.1098039215686274,-0.1227678571428572,0.003913894324853118,-0.08323927765237016,-0.008559201141226658,-0.009345794392523366,-0.0056210335448776405
69,2011-01-31,-0.03670594282868689,-0.05130665879226337,-0.06373474116719624,-0.11726008541991373,0.018714924967242696,-0.029328685618126068,0.0263987391646967,0.0263987391646967,0.04385964912280715,0.054054054054053946,-0.025706125039669958,-0.9283458349782866,0.975453575240128,-0.7373977302718395,-0.0910421813523653,0.04088345864661647,0.04318618042226485,0.02706359945872805,0.030860855441256163,0.05726872246696035,0.01526717557251911,0.0038986354775829572,0.05755617112957824,0.03165467625899265,0.0,0.07467177242888412
70,2011-04-30,0.04330751336162697,0.0908684149093455,0.06309800219426931,0.17794083925705118,0.005266223365529399,-0.020741749736858384,-0.1155470249520154,-0.1155470249520154,-0.09243697478991586,-0.0940170940170939,0.2905537459283387,2.358126721763085,-1.016477579686656,-3.8180904522613055,0.2822629353734649,-0.018058690744920947,0.024379024839006336,-0.007905138339920792,0.0488445378151261,-0.05000000000000005,-0.0776942355889726,0.003883495145631022,-0.03667054714784634,0.00557880055788007,-0.009433962264150941,-0.07389496903368131
71,2011-07-31,-0.0016782948524299846,0.003637984841729836,0.0284044544712716,-0.047342807085847816,-0.06276706177727354,-0.014004805260495743,-0.1640625,-0.1640625,-0.12962962962962976,-0.12264150943396225,-0.19056032306915704,-0.2526661197703035,-35.114754098360656,-0.9233238231098432,0.01687863086826824,-0.13011494252873554,0.0399640772339469,0.006640106241699861,-0.02153229844767146,-0.17105263157894735,-0.16213768115942018,0.011605415860735048,-0.06102719033232629,0.012482662968099856,-0.00952380952380949,0.05349945034811277
72,2011-10-31,0.03682445143575341,-0.09342738854634948,0.05617335091424636,0.030732763905349625,-0.005100069546402852,0.029914392894930805,-0.8759086188992731,-0.8759086188992731,-0.8723404255319149,-0.8817204301075269,-0.2516370439663237,11.586169045005489,-2.9971167707832773,-23.837209302325586,-0.3790627653825369,-0.2468287526427062,-0.2366148531951641,-0.2532981530343009,-0.003582395087001089,-0.22751322751322745,-0.27891891891891896,0.0,-0.04054054054054057,-0.2383561643835617,-0.019230769230769273,-0.12043478260869556
73,2012-01-31,-0.02255302392736092,-0.044530683444072065,-0.03854694905704148,-0.12190238293485588,0.013902912621359231,-0.06493991656808418,5.142259414225942,5.142259414225942,5.166666666666667,5.636363636363637,-0.5029166666666667,-0.9345020059305772,-1.0895091434071222,-1.0142566191446027,0.008703220191470741,-0.05438596491228076,-0.14988687782805446,-0.17137809187279152,0.01746276322547513,-0.0547945205479452,0.2353823088455773,0.005736137667303964,0.037223340040241526,-0.14568345323741005,-0.029411764705882363,0.08808699950568455
74,2012-04-30,0.00863376409997163,0.019282446819421928,-0.01185879757308328,-0.03372993475266972,0.05428731934017672,0.021873751498202143,0.08514986376021794,0.08514986376021794,0.08108108108108114,0.09589041095890427,1.0729253981559093,0.6870838881491346,1.7096774193548383,1.8285714285714287,0.024405275483791344,-0.01929499072356211,-0.1190951430472389,-0.12366737739872068,0.05704189803129744,-0.036231884057970835,0.133495145631068,0.005703422053231932,0.04526349822179099,-0.11368421052631585,-0.010101010101010057,0.05487915682355071
75,2012-07-31,-0.07935687490700061,0.011028597878806279,-0.0051865289794399425,0.04953386761372936,-0.2346202286378609,-0.03336265598019095,-6.559949780288763,-6.559949780288763,-6.6125,-6.6125,0.15082895268904162,-0.3488555643251776,-0.18353174603174605,5.05050505050505,0.1441463121164721,-0.18426031025349987,-2.11404833836858,-2.0778588807785887,-0.2325692454632283,-0.2255639097744361,-0.10171306209850096,0.006143667296786282,-0.16857407980204142,0.0,0.0,-0.03669250645994826
76,2012-10-31,-0.07475586103644216,0.007962258892847851,0.004547261122670897,0.038892228233041726,-0.290022467643429,0.009774512117024514,-0.2261488088517557,-0.2261488088517557,-0.22271714922049,-0.22271714922049,0.4262122276879832,-0.2606060606060606,1.0133657351154317,0.4958263772954925,0.18845304448417302,-0.2101113172541743,1.5505084745762714,1.3769751693002257,-0.2831362787803361,0.029126213592233,0.0,0.006106153123532243,-0.2325148809523808,0.0,0.020408163265306145,-0.029774678111588068
77,2013-01-31,-0.019003751103265687,-0.021427019768153758,-0.02937103624832726,-0.048857840826297516,0.020458192191121327,-0.05340632197336359,-1.1797490516486724,-1.1797490516486724,-1.180515759312321,-1.180515759312321,-0.3688100517368811,0.05573770491803276,-0.6197948098974049,-0.28125,0.1139722148482436,-0.1544333529066354,0.1589580010632643,0.06267806267806253,0.02256944444444442,0.17924528301886775,0.0,0.0121381886087768,0.04023267086766835,0.0,0.030000000000000027,0.028845267717261255
78,2013-04-30,-0.004189276576601952,0.00038343558282205587,-0.013055831964609022,0.006128058396791758,0.02786634636383489,-0.027398709404421902,-0.12581168831168832,-0.12581168831168832,-0.11111111111111104,-0.12698412698412687,0.3879781420765027,-0.13975155279503104,2.731746031746032,-0.4945652173913043,0.051711811899277205,0.3916666666666666,0.2238532110091742,0.09025915996425372,0.035653650254668934,0.3599999999999999,0.0,0.005996309963099522,0.03215284249767003,0.0,0.01941747572815533,-0.0057327122895018965
79,2013-07-31,-0.004272780318858582,0.007806983922051147,-0.018221131653749945,0.03031931568811852,0.04546806611991672,-0.012906968312667688,0.2906220984215413,0.2906220984215413,0.2857142857142856,0.2909090909090908,-0.2480314960629921,0.1931407942238268,-0.14844746916205875,-0.9831029185867896,0.0008308157099696789,0.16916167664670656,-0.7470014992503748,-0.7581967213114754,0.049180327868852514,0.12941176470588234,0.0,0.006877579092159579,0.04966139954853288,0.0,0.00952380952380949,-0.0218018018018018
80,2013-10-31,-0.001172022684310048,0.008126826534288867,-0.03466877830293735,-0.01067112927062508,0.10836076901190904,0.06996988173069862,0.01726618705035965,0.01726618705035965,0.013888888888888841,0.028169014084507005,0.05310396409872853,0.42813918305597576,0.4785214785214784,-99.9090909090909,-0.0821070107916384,0.025181391378574558,-2.541481481481481,-2.6338983050847458,0.11640624999999982,-0.02083333333333337,0.0,0.0004553734061929493,0.10967741935483866,0.08076009501187653,0.0,0.018972186406336355
81,2014-01-31,-0.006160339149854255,0.006353744738305078,-0.014662906946936729,-0.04195865644427843,0.017785764054420783,-0.03353815522982395,0.007779349363507881,0.007779349363507881,0.027397260273972712,0.013698630136986356,0.061789772727272714,-0.7701271186440678,-1.4152027027027028,-4.678308823529411,0.3290306667762888,0.13696919233971694,-0.011532916866890952,0.04149377593361003,0.02449265220433872,0.015957446808510634,0.2419547079856972,0.006827492034592764,0.024418604651162745,0.039560439560439635,0.0,0.0504338394793924
82,2014-04-30,-0.0100261842418472,-0.015803803961802587,-0.019329829855871842,-0.0075898282543395154,0.015529293074872053,-0.030013497194004368,-0.10666666666666667,-0.10666666666666667,-0.10666666666666658,-0.108108108108108,0.0016722408026756954,3.5023041474654377,-3.51179820992677,-1.2671164417791103,-0.0661305289205073,0.13108751373123395,-0.007778317938745727,0.041832669322709126,0.028688524590164025,0.10471204188481664,0.0863723608445297,0.006781193490054127,0.025728339008702417,0.04016913319238902,0.0,-0.008260196179659118
83,2014-07-31,-0.007713615204093416,-0.01194795822224004,-0.01488261042578587,-0.018576709796672808,0.011495476317189944,0.010106558277490851,-0.2262372348782403,-0.2262372348782403,-0.20895522388059706,-0.21212121212121213,0.21769616026711192,-0.1770726714431935,0.12244897959183665,-0.4181478016838166,-0.04120296767355591,0.09129168015539002,-0.10583047525722687,-0.0669216061185468,0.014608233731739697,0.061611374407583026,0.04858657243816245,0.007184553210597189,0.019181113980081044,-0.0772357723577235,0.009433962264151052,0.006680548325525004
84,2014-10-31,0.00034893864495488813,0.017408241524134116,0.024384660957613047,0.029640267445145474,-0.062366270300606826,0.029762552111654905,0.35025380710659904,0.35025380710659904,0.3396226415094339,0.34615384615384603,-0.2593912805045243,-0.012437810945273629,-0.6398268398268399,-2.059485530546624,0.0455299157109299,0.0364876891130228,-0.0115068493150684,-0.010245901639344246,-0.046465968586387414,0.02232142857142838,0.110362257792755,0.007133303611234877,-0.0626131017010495,-0.008810572687224738,0.0,-0.011807291217788562
85,2015-01-31,-0.022721547196868364,-0.03882740053843858,-0.0278920595696579,-0.02757516862924436,-0.008379783771650941,-0.055164401886925285,0.02706766917293235,0.02706766917293235,0.056338028169014225,0.042857142857142934,-0.7245464642724917,0.055415617128463435,0.6987179487179487,-4.3596358118361165,-0.14630278199960356,0.10017172295363476,-0.0005543237250554833,-0.0020703933747412413,0.0006863417982154728,0.15283842794759828,0.11305007587253413,0.007082779991146594,0.014671814671814554,0.0,0.0,-0.011599511599511671
86,2015-04-30,0.005304329721101286,0.014212207975434762,0.003650770042051388,0.015448282348515141,0.009846455653223618,-0.05164126830358806,-0.2598828696925329,-0.2598828696925329,-0.2666666666666666,-0.23287671232876705,0.967741935483871,-0.04415274463007157,-1.5594339622641509,-1.8351400180668476,0.14312253270376973,-0.09131113423517168,-0.04048807542983912,-0.047717842323651394,0.016460905349794164,-0.09090909090909094,-0.08793456032719826,0.0070329670329669644,0.004566210045662268,-0.0377777777777778,-0.009345794392523366,-0.001235330450895633
87,2015-07-31,0.05559390902994199,0.06372358488636133,0.07225133711452703,0.13539109896725798,0.009974596533173896,-0.004085962362000539,-0.1552917903066271,-0.1552917903066271,-0.1454545454545456,-0.1607142857142858,0.14275956284153013,2.8551810237203497,2.2192242833052283,0.2996214169821525,0.1627166847237269,-0.06784998568565692,-0.015028901734103985,-0.03703703703703709,0.014170040485829816,-0.08333333333333326,-0.030642750373692133,0.015277171540811985,-0.04318181818181821,-0.0069284064665127145,-0.028301886792452824,-0.06307977736549153
88,2015-10-31,-0.0014107798529425786,-0.004057848378783757,-0.010792813167483373,-0.13953867803316133,0.027113001664508918,0.014398990098228646,0.5491803278688525,0.5491803278688525,0.5744680851063829,0.5319148936170213,0.5594739988045427,-0.7386658031088082,-1.4033525405971714,-0.8909696213067,0.015258284316580271,-0.15417690417690422,-0.011150234741784004,-0.009049773755656187,0.031270791749833604,-0.1681818181818182,-0.13646877409406333,0.0,0.028503562945368044,0.0255813953488373,-0.03883495145631066,0.1573785950023574
89,2016-01-31,-0.7612600812110552,-0.7073589897078417,-0.6135448552666676,-0.6027351804887298,-1.1767862287525208,-0.5237613751263903,-0.5525321239606954,-0.5525321239606954,-0.554054054054054,-0.5416666666666666,-1.0413951705634343,-0.862453531598513,7.783116883116883,-53.461832061068705,-0.788447197843171,-0.5631808278867103,0.0,0.013698630136986356,-1.1825806451612904,-0.5737704918032787,-0.5669642857142857,0.632846087704213,0.0,-0.034013605442176915,0.050505050505050615,-0.2633208408016947
90,2016-04-30,0.0002351373594073891,0.015176509402837325,-0.0038453953855255296,0.006025893443111885,-0.02505601955591774,-0.05373183080189448,0.0625,0.0625,0.1212121212121211,0.09090909090909084,-15.583333333333336,0.29729729729729737,-0.9642909951205086,-1.0689705347399054,0.25704989154013025,-0.0906068162926018,0.0,0.15540540540540526,-0.010600706713780994,0.0,0.08453608247422695,0.0034228541337546488,0.0,0.06572769953051649,0.08653846153846145,0.009068790090687841
91,2016-07-31,0.06664577048152642,0.13110172245693866,0.027747533735854143,0.07424979243268881,-0.17969076473046386,0.026234035208836826,0.2448330683624802,0.2448330683624802,0.2432432432432432,0.25,-0.32380952380952377,-1.9652777777777777,-0.577639751552795,0.05485232067510548,0.21570319240724767,0.1691042047531992,0.0,0.4015594541910332,-0.18214285714285705,0.0,0.2927756653992395,0.003148779847808925,0.0,0.19383259911894268,0.17699115044247815,0.05293730819815878
92,2016-10-31,0.06560387893035546,0.061257326744052376,0.056147672552167016,0.03831290714364588,-0.00942435048395318,0.052135889673730285,-0.3716475095785441,-0.3716475095785441,-0.3913043478260869,-0.3555555555555556,-0.34460093896713617,0.17985611510791366,0.02941176470588225,-0.348,0.1156848828956707,0.15011727912431594,0.0,0.2948539638386647,-0.004366812227074357,0.0,0.16323529411764715,0.003400470834423297,0.0,-0.04612546125461248,0.3533834586466165,0.022067242635578133
93,2017-01-31,-0.028197173388486707,-0.03752436647173485,-0.011550503054804095,-0.011750319013185906,0.11262535356132684,0.013746803069053735,0.24186991869918706,0.24186991869918706,0.2857142857142856,0.2413793103448276,0.09885386819484232,-1.5243902439024388,2.038095238095238,-0.9340490797546012,0.0068384223918576134,0.03195105370496254,0.0,-0.017185821697099923,0.1228070175438598,0.0,0.3426042983565105,0.007038581856100291,0.0,0.0,-0.01666666666666672,-0.02607190141562277
94,2017-04-30,0.01752270147559587,0.029648382559774863,0.0037516528798549054,0.0009146177435841453,-0.0859718049456899,-0.02357300536108486,-0.08510638297872343,-0.08510638297872343,-0.08333333333333326,-0.08333333333333326,-0.4067796610169492,0.8023255813953489,-0.3605015673981191,-3.5116279069767438,-0.017058916442900033,0.11462450592885398,0.0,-0.05464480874316946,-0.08203125,0.0,0.09133709981167626,0.0,0.0,-0.044487427466150975,-0.011299435028248594,0.028756666318100917
95,2017-07-31,0.11322596388482188,0.17162058791388926,0.1112711007628442,0.18576650182756405,0.09709228824273076,0.05450141299959621,0.2450805008944543,0.2450805008944543,0.2424242424242422,0.2424242424242422,2.9010989010989015,8.561290322580644,-2.105392156862745,-7.888888888888888,0.11955648401092712,0.08392434988179652,0.0,-0.07398843930635822,0.1063829787234043,0.0,0.10698878343399487,0.006730520320993971,0.0,-0.056680161943319825,-0.017142857142857126,-0.011994307786135416
96,2017-10-31,0.03065698002129391,0.040805857389357936,0.0013232983210651472,0.015956482320942822,-0.2145655681032496,0.06638591117917314,-0.05172413793103448,-0.05172413793103448,-0.02439024390243893,-0.07317073170731703,-0.6169014084507043,-1.0040485829959511,-2.4545454545454546,-0.9596774193548387,0.004306014066312702,0.10905125408942196,0.0,0.0362047440699127,-0.2038461538461539,0.0,0.14029618082618867,0.0,0.0,0.04077253218884125,-0.005813953488372103,0.024485596707819024
97,2018-01-31,0.07085346215781008,-0.049332377453176764,0.045868781145893545,0.04180796002141718,-0.1954225352112676,0.042363753859409714,1.9363636363636365,1.9363636363636365,1.925,2.052631578947368,0.4647058823529411,-288.1666666666667,0.21189024390243905,-51.73333333333333,-0.2175217950550236,0.09832841691248763,0.0,0.4421686746987952,-0.19323671497584535,0.0,0.031442241968557605,0.007199794291591788,0.0,0.4742268041237112,-0.023391812865497075,-0.08746736292428202
98,2018-04-30,-0.08960136189530432,-0.08408351793373238,-0.10627319872587992,-0.00950790183733774,-0.3205689277899344,-0.03540676448301994,-0.4540763673890609,-0.4540763673890609,-0.4444444444444444,-0.4482758620689654,0.054216867469879526,-1.3604178757980268,2.6465408805031445,-0.19316688567674112,-0.2242922374429224,-0.013876454789614969,0.0,0.10025062656641603,-0.3053892215568862,0.0,-0.3598409542743538,0.0,0.0,0.09650349650349654,0.005988023952095745,-0.07527236711786056
99,2018-07-31,0.06753513884127528,0.12056810579941345,0.06100147275404999,0.10286677908937604,-0.05152979066022545,0.04163393558523176,-0.16824196597353502,-0.16824196597353502,-0.15384615384615385,-0.15625,0.4419047619047618,-0.5185185185185186,-1.0465677819937909,-2.5863192182410426,0.4586767129738638,0.024965955515206417,0.0,0.024297646165527542,-0.0344827586206895,0.0,-0.09730848861283636,0.0071483278018891205,0.0,0.0140306122448981,0.011904761904761862,0.016065690824705436
100,2018-10-31,0.010743270858877718,-0.01786370315944164,-0.021098803475750216,-0.014702422959303685,-0.6383701188455009,0.053475935828877,0.6488636363636364,0.6488636363636364,0.6727272727272726,0.6851851851851851,-0.3606340819022457,-0.7090301003344481,-16.437037037037033,-1.5282340862422998,-0.16610169491525428,0.10230292294065556,0.0,0.1593773165307637,-0.6339285714285715,0.0,0.04931192660550465,0.0,0.0,0.14591194968553456,0.0117647058823529,-0.003279456547200743
101,2019-01-31,-0.061579342614522574,-0.11460232851732365,-0.026488188083151343,-0.037085671083522335,1.8748043818466356,-0.04269165690485488,-0.4465885596140593,-0.4465885596140593,-0.4347826086956522,-0.4395604395604396,-0.10950413223140497,-4.655172413793104,0.12428023032629555,0.7482993197278911,-0.3482384823848238,-0.09762957010847728,0.0,-0.19693094629156027,1.902439024390244,0.0,-0.2448087431693989,0.008111533586818709,0.0,-0.21514818880351272,0.023255813953488413,-0.08049353701527617
102,2019-04-30,-0.016743613419513692,-0.03437896070975921,-0.02604363911789553,-0.04115872556717215,-0.19052803483941205,-0.04581917063222296,-0.026151930261519296,-0.026151930261519296,-0.019230769230769273,0.0,-0.001160092807424573,-1.930817610062893,-0.5868544600938967,-1.105058365758755,0.056133056133056185,-0.052983081032947466,0.0,-0.06449044585987262,-0.16806722689075626,0.0,0.18379160636758307,0.0,0.0,-0.06713286713286715,0.0,0.0070287539936102475
