,Quarter end,Assets,Current Assets,Liabilities,Current Liabilities,Shareholders equity,Revenue,Earnings,Earnings available for common stockholders,EPS basic,EPS diluted,Cash from operating activities,Cash from investing activities,Cash from financing activities,Cash change during period,Cash at end of period,Price,ROE,ROA,Book value of equity per share,P/B ratio,P/E ratio,Cumulative dividends per share,Equity to assets ratio,Net margin,Asset turnover,Current ratio
0,1994-01-29,0.010567821322725823,0.008919853142209888,-0.002770418649723716,-0.01496991981736695,0.02232378092250054,0.0710013977147852,0.12048661800486625,0.12048661800486625,0.11111111111111094,-0.4426229508196721,-0.31708396735371425,0.21960406447091807,0.053771314991107884,-0.9546473302570864,0.003983141123616418,0.057507987220447365,-0.02248803827751189,-0.11986001749781285,0.021052631578947437,0.020689655172413838,-0.05842558425584265,0.92,0.011665098777046136,0.02314814814814814,-0.0223880597014926,0.024246851735893804
1,1994-04-30,0.010567821322725823,0.008919853142209888,-0.002770418649723716,-0.01496991981736695,0.02232378092250054,0.0710013977147852,0.12048661800486625,0.12048661800486625,0.11111111111111094,-0.4426229508196721,-0.31708396735371425,0.21960406447091807,0.053771314991107884,-0.9546473302570864,0.003983141123616418,0.057507987220447365,-0.02248803827751189,-0.11986001749781285,0.021052631578947437,0.020689655172413838,-0.05842558425584265,0.92,0.011665098777046136,0.02314814814814814,-0.0223880597014926,0.024246851735893804
2,1994-07-29,0.004601904886116115,-0.0036535027655322243,-0.010352299487870751,0.047610679989741785,0.017458606343377925,-0.033733237029639485,-0.12438113436984274,-0.12438113436984274,-0.1333333333333333,-0.4426229508196721,0.5118295251985092,0.3264382676147381,-0.027797081306462856,12.164244186046512,0.05222701480832215,0.057507987220447365,-0.02248803827751189,-0.11986001749781285,0.020618556701030855,0.020689655172413838,-0.05842558425584265,0.6666666666666667,0.012832434442997977,0.02314814814814814,-0.0223880597014926,-0.048942023570967774
3,1994-10-29,0.07891261092564017,0.14655780912046198,0.06037011961182581,0.20096379206390225,0.09441855460181614,0.13400634694472324,1.6900605098700527,1.6900605098700527,1.7307692307692304,-0.4426229508196721,1.706307947907176,0.6693740524149879,-0.5876646584294904,6.301093077177874,0.3623878601217714,0.057507987220447365,-0.02248803827751189,-0.11986001749781285,0.09090909090909104,0.020689655172413838,-0.05842558425584265,0.2,0.014322438486962909,0.02314814814814814,-0.0223880597014926,-0.045318191557745864
4,1995-01-28,-0.0020180192827382593,-0.026136130977175043,-0.048445845912002516,-0.08070829731576301,0.035598837675411284,-0.13057342271274608,-0.3456865239596585,-0.3456865239596585,-0.35211267605633795,-0.4426229508196721,-0.7391132146464147,-0.15442750567628938,-0.8967310549777118,-1.0020869249614373,-0.0005551108411537831,0.057507987220447365,-0.02248803827751189,-0.11986001749781285,0.03703703703703698,0.020689655172413838,-0.05842558425584265,0.3333333333333335,0.037653874004344834,0.02314814814814814,-0.0223880597014926,0.05936482998541126
5,1995-04-29,-0.01894661572482026,-0.05175981035370192,-0.07208052111128549,-0.14729649825898428,0.0206098831035475,0.02371086052112981,-0.2855613165013525,-0.2855613165013525,-0.28260869565217395,-0.4426229508196721,-0.8968422650675573,-0.15597069316045875,29.82014388489209,231.8768115942029,-0.12934424316089854,0.057507987220447365,-0.02248803827751189,-0.11986001749781285,0.017857142857142568,0.020689655172413838,-0.05842558425584265,0.25,0.0404745289602233,0.02314814814814814,-0.0223880597014926,0.11204096045197763
6,1995-07-29,0.02417479249791965,0.0,0.05721208943168499,0.0,0.0018132820404932468,-0.02097464594423337,-0.1709789382345981,-0.1709789382345981,-0.1515151515151515,-0.4426229508196721,0.0,0.0,0.0,0.0,0.0,-0.033232628398791486,-0.028879099363680938,-0.11986001749781285,0.0,-0.050675675675675665,-0.04964075767472242,0.2,-0.021965124077800158,0.009049773755656076,-0.022900763358778664,0.0
7,1995-10-28,0.019883333333333253,0.0,-0.016374,0.0,0.04578142857142864,0.14025555877196338,0.8352443027736809,0.8352443027736809,0.7857142857142856,-0.4426229508196721,0.0,0.0,0.0,0.0,0.0,-0.018750000000000044,-0.13760080645161288,-0.11986001749781285,0.04385964912280715,-0.021352313167259832,-0.030240549828178812,0.16666666666666674,0.025372878450196982,-0.11434977578475335,-0.0078125,0.0
8,1996-01-27,0.008469105943490263,0.005206374253447166,0.002285421491501793,0.04489945296247777,0.012623506414205732,-0.13255368093567865,-0.4642384964355152,-0.4642384964355152,-0.46,-0.4426229508196721,18.61662987490802,-0.1634777075853293,-0.14106753812636166,-1.7428509195008868,-0.013461289547160749,-0.03821656050955413,-0.1402688486265341,-0.13021868787276347,0.016806722689075567,-0.0763636363636363,0.0907158043940468,0.0714285714285714,0.004179903026249932,-0.12151898734177212,-0.007874015748031482,-0.03797669323341701
9,1996-04-27,-0.010222609329741285,-0.06498978568962188,-0.04065833970669674,-0.05668516231312326,0.01001634992067868,0.03075315338199092,0.18643247689553388,0.18643247689553388,0.18518518518518512,-0.4426229508196721,-1.0254323117896396,1.1877648592850156,0.6680858773439624,-3.5148912997947472,-0.2813243866324293,0.07284768211920545,-0.025152957171991952,-0.018285714285714127,0.008264462809917328,0.0551181102362206,0.22027290448343084,0.13333333333333353,0.020479520479520508,-0.0057636887608069065,-0.011904761904761862,-0.008812753737993841
10,1996-07-27,0.006962953746209921,-0.006346329670758766,0.04801277239133417,0.10349409833502697,-0.01896454315605578,0.0043031749475663785,-0.8364600326264274,-0.8364600326264274,-0.84375,-0.4426229508196721,0.10250737463126837,-0.4226432899572862,0.004072987943955607,-0.2799060594956527,-0.2818795884569745,-0.03703703703703709,-0.1722454672245467,-0.16763678696158335,-0.016393442622950838,-0.044776119402985086,-0.02981895633652832,0.11764705882352945,-0.025779083047805632,-0.1681159420289856,0.0,-0.0995337995337996
11,1996-10-26,0.1674836641156836,0.18414663097489287,0.3127259887005649,0.1794689027413756,0.06948403978685236,0.17056800436341726,6.533915211970076,6.533915211970076,7.0,-0.4426229508196721,-40.42541806020067,1.9419759989676977,-5.748174590296934,-2.811856683551916,0.7111974650675044,-0.10576923076923084,-0.11120471777590568,-0.1328671328671328,0.05833333333333335,-0.08984375,0.07464324917672882,0.10526315789473673,-0.08390554346005685,-0.10801393728222997,-0.028112449799196915,0.003956954254650258
12,1997-01-25,0.02059621011351287,-0.06216030495299753,0.05185317259643973,-0.1259416911590825,-0.005290554018771543,-0.07686024322861784,-0.3054847572076396,-0.3054847572076396,-0.325,-0.4426229508196721,-0.518756044179773,0.5636275914500424,-0.547323696590689,-1.4958892917326252,-0.20609848625532567,0.15053763440860202,-0.009478672985781977,-0.038709677419354833,0.0,0.0858369098712446,0.2609805924412667,0.09523809523809534,-0.025411334552102427,-0.0234375,-0.01652892561983477,0.07300721968469137
13,1997-04-26,-0.019543336128324932,-0.07038763027033723,-0.04204453459044133,-0.13619517557986227,0.0001625298344627435,-0.014628987213519797,0.22428748451053293,0.22428748451053293,0.2222222222222221,-0.4426229508196721,-0.4790410717433457,-0.7047751732134008,-1.686713638651233,0.13497580063845116,-0.29464208141469905,-0.009345794392523256,0.004784688995215225,-0.025167785234899376,0.007874015748031482,-0.011857707509881354,-0.0093155123531794,0.08695652173913038,0.0200712811855186,0.0,-0.02521008403361347,0.07617576381737058
14,1997-07-26,0.015326302370375357,-0.0027895971339625407,0.044539699488978624,0.1328258999816052,-0.009178244502394016,-0.023515414143564728,-0.2933276237932109,-0.2933276237932109,-0.2727272727272728,-0.4426229508196721,2.686472220342424,-0.0158674859061253,-0.21821179919384392,-1.0468845691473676,0.01958462034071751,0.025157232704402288,0.1590476190476191,0.12908777969018947,-0.0078125,0.020000000000000014,0.015535568274734237,0.08000000000000007,-0.02408973887458621,0.16399999999999992,-0.030172413793103425,-0.11971673737599288
15,1997-10-25,0.04758970788097017,0.067675151638523,0.060730370880966326,0.1435881681734399,0.0359695692769022,0.11341718835572068,1.4606952018950037,1.4606952018950037,1.4583333333333337,-0.4426229508196721,0.1908581918311152,-0.5025263090142568,-0.5233184907429107,17.98597000483793,0.3646906857233132,0.1595092024539877,0.14626129827444534,0.13414634146341453,0.03937007874015741,0.16862745098039222,-0.01811594202898548,0.07407407407407396,-0.01111739212361018,0.15463917525773185,-0.01777777777777778,-0.06638643281635015
16,1998-01-24,0.029169760587752336,0.08981279567201716,0.020629656094381055,0.026406680533276102,0.03690217675847229,-0.061275785962115366,0.048803420716828194,0.048803420716828194,0.05084745762711873,-0.4426229508196721,-0.7206036502651375,-1.3251390865571224,-0.4746312684365782,-0.5462236265416369,0.12126412126412126,0.0185185185185186,0.21648745519713253,0.21370967741935495,0.04545454545454541,-0.020134228187919437,-0.1168511685116852,0.06896551724137945,0.0076219512195121455,0.2351190476190477,-0.018099547511312264,0.06179164725974218
17,1998-04-25,-0.026615863232476555,-0.06491236222883134,-0.03478538870685555,-0.10496935978972476,-0.01933506050095879,-0.04489921635902683,-0.4387073363358877,-0.4387073363358877,-0.435483870967742,-0.4426229508196721,4.700744827586207,-11.85216872264226,7.131012539771664,-0.7001909254267744,0.032424192735377444,0.16103896103896087,-0.005892751915144379,-0.011074197120708784,-0.014492753623188246,0.1095890410958904,-0.06220984215413184,0.06451612903225823,0.00737518910741275,0.012048192771084263,-0.018433179723502332,0.044743383535604815
18,1998-07-25,-0.014990347767709022,-0.03164926076693142,0.01027210599136308,0.01400678407913647,-0.037149911366862735,-0.02898018180066164,-0.20162762397322787,-0.20162762397322787,-0.19999999999999984,-0.17647058823529405,-0.8401176857712482,-1.1319509377922006,0.1970582819261577,-6.29837048136355,-0.1664,-0.035794183445190135,0.017190278601067144,0.012318029115341522,-0.0220588235294118,-0.021604938271605038,-0.04108910891089102,0.06060606060606055,-0.02252675051623787,0.026190476190476097,-0.014084507042253391,-0.045031490552834286
19,1998-10-31,0.03155477233278825,0.08281182547373445,0.02724795263390889,0.10263783436394114,0.035518666493510535,0.2067668824733484,1.1507097265885493,1.1507097265885493,1.1785714285714284,1.2142857142857142,4.511440677966101,-3.2933166597193275,-0.7630612441111432,-3.1995899321266967,0.4390736140905498,-0.12064965197215773,0.0,-0.0011061946902654052,0.03759398496240585,-0.10094637223974756,-0.13990707279297887,0.05714285714285716,0.0038409832917227775,-0.009280742459396696,0.004761904761904745,-0.01798996079580839
20,1999-01-30,0.03555516706815132,0.038573111317111934,0.0362696393774653,0.039700953854086014,0.03490283592458021,-0.1239335684846119,-0.061392629340892964,-0.061392629340892964,-0.049180327868852514,-0.08064516129032262,-0.4562488330459423,1.9903059678885184,-1.7267489043986366,-0.8536209057889492,0.04466150813498482,0.07387862796833787,-0.034965034965035,-0.03765227021040973,0.03623188405797095,0.035087719298245716,0.056422569027611225,0.05405405405405417,-0.0005739429883300229,-0.02810304449648715,-0.009478672985781977,-0.0010820088053131727
21,1999-05-01,-0.014277450763772848,-0.028491240691724932,-0.02949409364400724,-0.07328668916223757,-0.0003659252324457185,-0.00989981289228481,-0.2488437942425672,-0.2488437942425672,-0.2586206896551724,-0.2456140350877193,-0.2548275026258382,-0.5153074663154695,-4.655946398659967,-3.1705094422485733,-0.09279390918222696,0.11056511056511042,0.03321256038647346,0.03107019562715752,0.006993006993007089,0.07118644067796609,0.13522727272727275,0.0512820512820511,0.014165390505360032,0.03855421686746974,-0.004784688995215225,0.04833227505322535
22,1999-07-31,0.014438914802091363,0.014557707903604332,0.03374334171560789,0.1405094558385005,-0.002695526709246776,0.03251569027740042,-0.07174718854055417,-0.07174718854055417,-0.06976744186046502,-0.06976744186046502,0.5489537026997724,0.282041635314773,-0.07981306698433066,-0.8153169103141282,-0.01889037785929748,0.06637168141592943,0.04383401519579189,0.044642857142857206,0.006944444444444421,0.06012658227848089,0.015515515515515553,0.048780487804878085,-0.016987542468856143,0.04176334106728552,0.004807692307692291,-0.11041436562511142
23,1999-10-30,0.04620641285052818,0.08959945311882955,0.09381824681935824,0.31038222754132705,0.002402499743781039,0.16407694247678184,1.0194247038917088,1.0194247038917088,1.0749999999999995,1.0499999999999998,0.6798264034719306,0.31031334572369484,0.8959702582486888,-0.6406463982470556,-0.006919028382782577,0.08298755186721984,0.08846584546472558,0.07478632478632474,0.013793103448275891,0.07462686567164177,0.018728437654016883,0.046511627906976834,-0.041858678955453255,0.08463251670378624,-0.009569377990430672,-0.16849567446331304
24,2000-01-29,-0.012996081479130341,-0.04413836026810203,-0.0326262400185684,-0.05997555830589485,0.006711114175727673,-0.04935220368537685,-0.2652076281127459,-0.2652076281127459,-0.6265060240963856,-0.6341463414634146,-0.5234290357529794,-0.06636639625740304,-0.19142827129801465,27.929878048780488,-0.2015612553767724,-0.005747126436781436,0.0072016460905350846,0.0009940357852882276,0.020408163265306145,-0.019444444444444486,-0.09530720851475584,0.04444444444444429,0.020040080160320658,-0.022587268993839785,0.024154589371980784,0.016858532825971828
25,2000-04-29,-0.01911366315256724,-0.05302774748766381,-0.04107397305886218,-0.08649928786724526,0.002071359149349305,-0.02753583586030961,-0.17318919905126806,-0.17318919905126806,-0.16129032258064513,-0.1333333333333333,-1.147353924847531,-1.4746661691409686,-0.2327429412783648,-0.3580198124143745,-0.16206419516607473,-0.19267822736030826,0.024514811031664863,0.019860973187686204,0.0066666666666665994,-0.2096317280453257,-0.20320855614973252,0.06382978723404252,0.0216110019646365,0.0021008403361344463,0.014150943396226356,0.036615982189380114
26,2000-07-29,-0.014100301492756873,-0.052042818345117585,-0.030909989161780563,-0.045338627120385284,0.0014177276053837227,0.007954285610274114,-0.1963369559221051,-0.1963369559221051,-0.1923076923076924,-0.1923076923076924,-6.360777332739951,-2.01246560727722,-0.02912374770706927,-0.3311856198957607,-0.12935461595243958,0.03341288782816232,-0.0054835493519441725,-0.0019474196689387433,0.006622516556291425,0.02867383512544808,-0.0067114093959731455,0.040000000000000036,0.01576923076923076,-0.020964360587002132,0.023255813953488413,-0.0069914092487664
27,2000-10-28,0.020554799331207633,0.035732387965789585,0.011772749187881848,0.08443134809731956,0.028400318213485543,0.1356252433649543,1.0929091158704007,1.0929091158704007,1.0476190476190474,1.0476190476190474,1.107562885685032,1.0362154067994012,0.4094701043513647,-0.4450512364238817,-0.08245054243777916,-0.07390300230946889,-0.002005012531328343,0.014634146341463428,0.039473684210526334,-0.08013937282229966,-0.08175675675675688,0.03846153846153855,0.007572889057175347,-0.008565310492505307,0.02272727272727271,-0.04491279738622245
28,2001-01-27,0.011074095277537443,0.011012376442992576,-0.005448771780439897,-0.018083910981393614,0.0255962795679483,-0.05832747785935132,-0.31891306843339506,-0.31891306843339506,-0.3023255813953488,-0.3023255813953488,0.09780596368219953,0.1389895138226882,-0.920540317591256,-5.1949358690844765,0.3769548715299167,0.1197007481296759,-0.027624309392265237,-0.013461538461538414,0.025316455696202445,0.07575757575757569,0.10154525386313472,0.03703703703703698,0.014468245020669013,-0.02375809935205186,0.008888888888888946,0.029631414117080368
29,2001-04-28,0.2357457851014653,0.010589200767797012,0.4746975302338856,0.1255539801860126,0.032084976764166,0.07484276928694977,-0.06351728787441012,-0.06351728787441012,-0.06666666666666654,-0.06666666666666654,0.045461069250089636,9.596417810512222,-75.3584220088243,-2.824165107145681,-0.4993830501136487,0.11358574610244987,-0.0061983471074380505,-0.04483430799220267,0.03086419753086412,0.0880281690140845,0.11356045424181692,0.05357142857142838,-0.16484534172995002,-0.022123893805309547,-0.022026431718061627,-0.1021525503041647
30,2001-07-28,0.03417369814135096,0.11426145098843432,0.04181043933851103,0.05613873858171648,0.02487348662325761,0.020703923582539696,-0.14608937111122533,-0.14608937111122533,-0.14285714285714302,-0.14285714285714302,-0.13524613606983105,-0.9389940896504566,-0.8889470616363528,-2.1613420607741998,1.1584796333131542,0.11799999999999987,-0.0036382536382535404,-0.0469387755102042,0.0239520958083832,0.08414239482200657,0.09958008398320306,0.033898305084745894,-0.009092925260590023,-0.015837104072398356,-0.03153153153153165,0.05503726481471838
31,2001-10-27,0.019372670681566676,0.09104956952456232,-0.005769486395566403,0.050699252613602086,0.050497410889559065,0.07622095814201367,1.0716307358785981,1.0716307358785981,1.0833333333333337,1.0416666666666663,-0.023270581698395243,-1.1858839196537565,-2.3304208442027847,-0.5455563435482065,0.24390488210429306,0.07513416815742402,0.010954616588419341,-0.0224839400428265,0.04678362573099415,0.047761194029850566,0.049099836333879036,0.03278688524590168,0.030662488809310776,0.016091954022988686,-0.041860465116279055,0.03838363878871687
32,2002-01-26,0.005362283592068806,0.01792068435752614,-0.02472538538605451,-0.058857266606854315,0.04061429026158758,-0.12130627626881385,-0.2681859802624885,-0.2681859802624885,-0.28,-0.26530612244897955,-0.09473113910334552,-5.032636815920398,-0.6075360264587764,-0.17976728268309372,0.1608312396658722,0.046589018302828585,0.010835913312693402,-0.015334063526834753,0.04469273743016755,0.0,-0.0010400416016640435,0.04761904761904767,0.034961997828447444,0.04072398190045234,-0.04854368932038844,0.0815889628924833
33,2002-04-27,0.01362510606886369,0.037541568884785985,0.009894838778277348,0.1250230737525635,0.017721223396453656,-0.028877513443348768,-0.3497646521419634,-0.3497646521419634,-0.33333333333333337,-0.3611111111111111,0.4671135316296606,-0.6865870509277536,-0.15855053271534336,1.5944123635635368,0.35945152264896985,0.054054054054053946,-0.06329760081674317,-0.04894327030033352,0.016042780748662944,0.01139601139601143,0.007808433107756363,0.03030303030303028,0.004196391103650886,-0.017391304347826098,-0.0357142857142857,-0.07776555970969877
34,2002-07-27,-0.011011288976006341,-0.023522185441822163,-0.040143505156074455,-0.10703641602646807,0.02073209929334885,-0.021839943768613312,0.16863164324984736,0.16863164324984736,0.16666666666666674,0.17391304347826098,-0.34929020151750023,2.217918438041253,3.997639316117033,-1.3408511952242492,-0.09012420014899936,-0.1417797888386123,-0.004359673024523114,0.019883040935672502,0.021052631578947437,-0.15774647887323934,-0.10950413223140497,0.02941176470588225,0.031968240702047616,0.055309734513274485,-0.03174603174603163,0.09352792483426353
35,2002-10-26,0.018601134493029248,0.05626064170218936,0.0016752893908309474,0.032265940416620564,0.035944151690710864,0.11257172475684807,0.7764825801730222,0.7764825801730222,0.7142857142857142,0.8148148148148147,0.5384603328840547,-0.33649752899153496,-0.3915433282757436,-2.588910278186691,0.15738331314400233,0.008787346221441172,-0.03229337712096325,-0.010321100917431214,0.036082474226804,-0.010033444816053616,-0.013341067285382644,0.042857142857142934,0.017007491395019114,0.01467505241090139,-0.02732240437158473,0.02324668527564544
36,2003-01-25,0.004843266090020837,-0.15642350104451394,-0.023794030631499763,-0.06972258729953595,0.03321572196493183,-0.01967956338224752,-0.3094012064145947,-0.3094012064145947,-0.29166666666666663,-0.3061224489795917,-0.7583610932836201,12.588126843657815,-0.6248706125905712,-5.192445658629291,-0.5700972015389436,0.003484320557491261,-0.04355203619909509,-0.024333719582850574,0.034825870646766344,-0.03040540540540537,0.003527336860670083,0.04109589041095885,0.02826995819231537,-0.02685950413223126,0.0056179775280897895,-0.09317590895528748
37,2003-04-26,0.016341027966125576,0.02460747304303257,0.009607379594863907,0.011160708435010713,0.02264429631545295,-0.015560901369728541,-0.2799105240732851,-0.2799105240732851,-0.2941176470588236,-0.2941176470588236,1.475,-0.9030528343871266,0.06277436347673393,-1.1354083442410232,0.17956598187583594,-0.07118055555555558,-0.0218805440567712,-0.002375296912113911,0.024038461538461453,-0.10452961672473883,-0.05741066198008205,0.02631578947368429,0.006195546950629405,-0.006369426751592354,0.005586592178770999,0.013301997649823871
38,2003-07-26,0.013904882453730227,-0.005117617422024322,0.007720752644826191,0.03555958784265445,0.01961995668673921,0.006775370485995413,0.02579805331203211,0.02579805331203211,0.04166666666666674,0.04166666666666674,0.01902669187660755,2.6576163018529924,-0.2516669617041364,-1.761350797171193,-0.11590085298033492,0.10654205607476652,-0.045949214026602125,-0.03214285714285725,0.018779342723004744,0.08171206225680927,0.09819763828464902,0.03846153846153855,0.005580142389840059,-0.036324786324786314,0.005555555555555536,-0.03928935893867713
39,2003-10-25,0.04097031100949877,-0.004117812712643887,0.039150881931364616,0.1063773332699196,0.04263211686608215,0.1589922676454707,1.0293888616502755,1.0293888616502755,1.04,1.0,0.8554259160203264,0.9411350557120116,0.9698785680492036,1.2429921952291965,-0.29404474546961124,-0.04222972972972972,-0.015842839036755433,-0.004920049200491938,0.041474654377880116,-0.0611510791366906,-0.027730616864742645,0.024691358024691246,0.001722158438576482,-0.019955654101995512,0.011049723756906049,-0.09989860460624778
40,2004-01-24,0.009720778849042766,0.0039297356469985,-0.02032732776445867,-0.05053507997918505,0.03707408190878359,-0.02936025117084562,-0.2634690542172955,-0.2634690542172955,-0.27450980392156865,-0.26,-0.719366841142713,-0.8130746061533124,-0.0600832599471619,-0.6069984562228921,-0.1636931493426962,0.13051146384479728,-0.004507405022537103,0.004944375772558685,0.039823008849557695,0.08812260536398475,0.12223515715948795,0.03614457831325302,0.02712511938872964,0.0,0.005464480874316946,0.05739727497049674
41,2004-04-24,0.019736929229791308,0.14793789258376333,0.01167198499827693,0.07894122300752526,0.026672229153950292,0.006687608374217113,0.03521398525836461,0.03521398525836461,0.05405405405405417,0.027027027027026973,2.208410914927769,-2.6661745476019743,0.24117371491844475,-7.877291432846987,1.3461153555127048,0.12324492979719183,0.07050452781371286,0.08241082410824108,0.021276595744680767,0.07746478873239449,0.09854771784232352,0.03488372093023262,0.006695183187651166,0.0678733031674208,0.010869565217391351,0.06392045454545459
42,2004-07-24,0.01591022354829974,0.050778864096850514,0.003063052700962965,0.004052722943933329,0.026796498207044328,0.011260341151945408,0.05017613837579904,0.05017613837579904,0.0512820512820511,0.05263157894736836,-0.603089792079406,-0.309367088607595,-0.3539321987373044,-0.563736423144572,0.2503121163569779,0.05277777777777781,0.0676737160120846,0.07954545454545459,0.02916666666666678,0.03267973856209161,-0.04579792256846072,0.033707865168539415,0.01071494550157026,0.06779661016949158,0.010752688172043,0.04653824146481012
43,2004-10-30,0.012259116039755824,0.031665442314996683,0.0008935289276683632,0.021444424647560467,0.021667337191956904,0.16368266754556027,0.23960385495979986,0.23960385495979986,0.2195121951219512,0.25,2.1251890692749824,-1.9074046920821115,1.6921238515056565,0.008458197385648125,0.20189303322169286,-0.08179419525065967,-0.029428409734012395,-0.01684210526315799,0.024291497975708287,-0.10759493670886087,-0.16526472043542795,0.032608695652173836,0.009321878998354904,-0.03769841269841268,0.02659574468085113,0.0100236923637691
44,2005-01-30,0.028191358375480705,-0.08361254047248745,0.017733890298928356,0.05180827192343962,0.0366718408745268,-0.054849927446595885,-0.07687241384247523,-0.07687241384247523,-0.06000000000000005,-0.07999999999999996,-0.3551907719609583,7.5456087904985045,-0.7617873347800355,-3.9608045171660553,-0.4973535815785739,0.07040229885057481,0.026239067055393358,0.035331905781584634,0.03557312252964428,0.042553191489361764,0.0705394190871369,0.03157894736842115,0.008330315103223462,0.024742268041237025,0.010362694300518172,-0.12874413569108634
45,2005-05-01,0.04586966167243167,-0.0037219133878634287,0.06623411147662495,0.15202979378572712,0.029656801747737663,0.03004960552322533,-0.13424015882371187,-0.13424015882371187,-0.14893617021276584,-0.13043478260869568,-0.5119781828189699,-0.23004850192400414,-6.864430641821946,-0.6307664467273588,-0.3653455459522744,0.03624161073825505,-0.01931818181818179,-0.016546018614270852,0.03053435114503822,0.003401360544217802,-0.017165005537098543,0.030612244897959107,-0.015624999999999887,-0.0241448692152918,0.00512820512820511,-0.13518691104898006
46,2005-07-31,0.003619198117517985,0.020403885420734458,-0.010367625979324837,-0.03065335653187695,0.015150176086985656,0.034653877372126766,-0.0785753954746592,-0.0785753954746592,-0.07500000000000008,-0.07500000000000008,2.6436133398272283,-0.8116580915308766,-1.9705421320943892,-1.8056173421300656,0.4637621398730401,0.0090673575129534,-0.044611819235226065,-0.041009463722397436,0.018518518518518382,-0.02033898305084747,-0.0028169014084507005,0.029702970297029733,0.011494252873563092,-0.057731958762886726,0.015306122448979663,0.05262527689636598
47,2005-10-30,0.032043221105941155,0.08559672240893358,0.024014272502045356,0.06919482024307387,0.03849603748298392,0.09069010738578953,0.5891159372387378,0.5891159372387378,0.6216216216216215,0.5945945945945945,0.18022245516775606,-1.7865758247489896,0.2620076534695244,1.4604099396321772,-0.02851890016531622,0.011553273427471034,0.01879927228623424,0.02083333333333326,0.040000000000000036,-0.00692041522491349,0.029378531073446238,0.03846153846153855,0.006313131313131271,0.024070021881838155,0.0,0.015356614719599591
48,2006-01-29,0.0050892748952489075,0.003820056786964399,-0.05254000945641635,-0.11424245334138128,0.05075969657863455,-0.04193427466391686,-0.15241089890252402,-0.15241089890252402,-0.16666666666666666,-0.15254237288135586,-0.9698196211209004,-1.056405155621866,-0.7339566951829732,-1.1842363032913945,-0.14783358515330491,0.06218274111675126,-0.014285714285714348,-0.002148227712137518,0.048951048951048966,0.020905923344947785,0.009879253567508295,0.0277777777777779,0.04534862878652102,-0.006410256410256498,0.005025125628140614,0.1333183956979611
49,2006-04-30,0.03343556227681477,0.017508068906982418,0.03964918305394116,0.09156730532824577,0.028995449383227845,-0.03572767920516018,-0.02840810670362026,-0.02840810670362026,-0.020000000000000014,-0.040000000000000036,18.203041674896305,70.95738427626745,-1.4193716143011916,-1.4629123006245806,0.08030589309860048,0.0262843488649942,0.010265700483091722,0.025834230355220592,0.030000000000000027,-0.023890784982935287,0.003804347826086962,0.03603603603603589,-0.00428669410150906,0.032258064516129004,-0.010000000000000007,-0.06786279161724007
50,2006-07-30,0.016223799886683876,0.018271362984056072,0.005339483950225654,0.015477575516805953,0.024082012412524282,0.03043113645269146,-0.1152463303024901,-0.1152463303024901,-0.12244897959183675,-0.10416666666666664,-0.32021599382874777,-0.5309187820368819,-1.889221866280872,0.2876895628902765,0.095722018219345,0.04074505238649584,-0.00478182904961144,0.008394543546694777,0.02265372168284796,0.010489510489510634,-0.0021656740660530587,0.0260869565217392,0.0077492681246771325,0.02083333333333326,-0.010101010101010057,0.002757304204888955
51,2006-10-29,0.02723063821902727,0.05438188674226785,0.017549453430745876,0.021724664891062284,0.03409229738573516,0.10691281645952012,0.5113768030763548,0.5113768030763548,0.5348837209302326,0.4883720930232558,1.3935423349270717,-0.4494873636779208,9.762115049389891,2.4894354000692758,0.3048362571772236,0.029082774049217,-0.004204204204204197,0.008324661810613865,0.034810126582278444,0.006920415224913601,-0.0016277807921867282,0.033898305084745894,0.006664388243335484,0.016326530612244868,-0.005102040816326482,0.031939083073343484
52,2007-01-28,0.007609696546685195,-0.02852047568870542,-0.0439082737789428,-0.10019760210866746,0.04353956266306946,-0.03417818814377882,-0.16309275143326962,-0.16309275143326962,-0.16666666666666666,-0.15625,-0.6556632994930276,2.801146698299723,-0.8291400310988252,-2.426493944808418,-0.3332579644606778,0.004347826086956719,-0.011459589867310105,0.0010319917440659854,0.0428134556574924,-0.027491408934707917,-0.02010869565217377,0.024590163934426142,0.03564759803089457,0.006024096385542244,-0.00512820512820511,0.07968229566999763
53,2007-04-29,0.008380480698821025,0.026828718522058148,-0.008681699307260815,-0.0204237486155886,0.019282878266831727,0.00034173646002244595,-0.09723199468967804,-0.09723199468967804,-0.10909090909090913,-0.09259259259259267,-0.3700616830665297,-0.796808521704757,1.261644441635594,-0.6345812602205908,-0.1826474091980209,0.017316017316017396,-0.026845637583892582,-0.012371134020618624,0.020527859237536642,-0.024734982332155545,-0.002218524681087186,0.03200000000000003,0.010817898705130393,-0.021956087824351208,0.005154639175257714,0.0482202183198861
54,2007-07-29,0.004746198345938035,0.01648657524239017,0.007433624754247249,0.02435391722228042,0.00307609836631495,0.010240615925726226,-0.15627711357185925,-0.15627711357185925,-0.1428571428571429,-0.16326530612244905,0.9761904761904764,-0.3491527159166539,0.2460738836416476,-1.5001666269935734,0.1117683354965,-0.0042553191489362865,-0.031347962382445194,-0.019832985386221247,0.011494252873563315,-0.0253623188405796,-0.008893829905503027,0.03100775193798455,-0.001621533971136735,-0.02448979591836731,0.01025641025641022,-0.007651906184913627
55,2007-10-28,0.08624816512674949,0.06399474103392921,0.25675450564131785,0.2585610862469803,-0.020173238760067158,0.09496152973181003,0.7637257294244779,0.7637257294244779,0.7619047619047619,0.7804878048780488,1.659332556664848,9.814127271297098,-1.0536643344097596,3.3065867123548447,0.4329499349307204,-0.09935897435897434,0.0271844660194176,0.011714589989350488,-0.011363636363636355,-0.11152416356877316,-0.09085810431856413,0.030075187969924814,-0.09793730713009584,0.01882845188284521,-0.01015228426395942,-0.1546288269379933
56,2008-01-27,0.011081873499035,0.03867096957518923,-0.030791315603031943,-0.12364898304243375,0.04460354321956417,-0.025945310683409217,-0.12857735789390468,-0.12857735789390468,-0.1216216216216216,-0.12328767123287665,-0.1653561209325023,-0.5222796043060809,-38.756372753865435,-1.1218919217593104,-0.036828292676411856,0.1376037959667853,0.030875866414618706,0.01473684210526316,0.0431034482758621,0.15481171548117145,0.09068476249228864,0.029197080291970767,0.03312927619733519,0.024640657084188836,-0.01025641025641022,0.18523316062176165
57,2008-04-27,0.01162547380581702,0.01689207938050119,-0.013706854521347343,-0.05057348543885965,0.030441612900112824,-0.01670465375208574,-0.12043410712058154,-0.12043410712058154,-0.1230769230769232,-0.12499999999999988,-1.23478370639081,-0.9820485101329232,-0.9937908822259852,5.723118766999093,-0.2570683750017333,0.040667361835245115,0.01589242053789719,0.003112033195020736,0.030303030303030495,-0.003623188405797007,-0.005090497737556543,0.035460992907801366,0.01864761240850488,0.016032064128256533,-0.010362694300518172,0.07108378870673948
58,2008-07-27,0.0250559757175437,0.06167868848426705,0.06440408163831267,0.15202263543747674,-0.0029184941142140768,0.05273122369962935,-0.3302432923763231,-0.3302432923763231,-0.3333333333333333,-0.3214285714285715,-2.9315184786914936,47.66242578456319,13.352941176470587,-1.0763525540751928,0.02641942588375823,-0.04809619238476959,-0.028880866425992743,-0.047569803516028915,0.002673796791443861,-0.0763636363636363,-0.07674815235929511,0.027397260273972712,-0.027373823781009388,-0.04142011834319537,-0.010471204188481686,-0.0784405424939415
59,2008-10-26,0.016399105033246375,0.04124499533018144,0.047967895907913734,0.2260385655389743,-0.007560069505379795,0.10926965656064858,0.3053881841107282,0.3053881841107282,0.3421052631578947,0.3157894736842106,0.29206223628691985,-0.4771756749690621,0.6646795827123695,14.821617802896506,0.4072390373407766,-0.14,-0.11833952912019817,-0.11943539630836042,-0.005333333333333301,-0.1417322834645669,-0.12869458128078806,0.03333333333333344,-0.023570800351802926,-0.12962962962962965,0.015873015873015817,-0.1507196899797011
60,2009-01-25,0.004026024265091578,0.020012821778667256,-0.015789058231747255,-0.036768800089089886,0.01990613537148356,-0.09262685386932767,0.20014451932577315,0.20014451932577315,0.19607843137254896,0.2,0.943395584583461,-0.09957994399253234,1.5680393912264994,1.4549351432207365,0.7104304229283231,-0.13219094247246022,-0.033731553056921985,-0.036991368680641235,0.021447721179624683,-0.12844036697247718,-0.0367491166077738,0.032258064516129004,0.01585299945955665,-0.03546099290780125,-0.00520833333333337,0.05893856265956865
61,2009-04-26,0.0007537804001123137,0.013181000163603684,-0.034887363150901574,-0.07554471181701727,0.028317464658723868,-0.05567685718785187,-0.012263003329933795,-0.012263003329933795,-0.016393442622950838,-0.01666666666666672,-0.4891067156776942,-0.4425191602799067,-0.2763058509093021,-0.5671659436699134,0.17977842160332713,0.10578279266572643,0.0007272727272726875,-0.001280409731113985,0.028871391076115364,0.08421052631578951,0.12765957446808507,0.031249999999999774,0.027487143110480616,0.01225490196078427,-0.010471204188481686,0.09597824971786184
62,2009-07-26,0.011822989249726357,-0.00393259485324593,-0.011729086564257751,-0.022748181582957216,0.02891785196597896,-0.012916893149589105,-0.04000746407911926,-0.04000746407911926,-0.05000000000000005,-0.03389830508474578,-0.22144309175212995,0.2070133492727635,1.698767612701216,-1.3620414337941755,-0.05516903541435203,0.044642857142857206,0.07122093023255817,0.0807692307692307,0.030612244897959107,0.014563106796116497,0.029928432010409844,0.024242424242424176,0.01691404901622362,0.10411622276029052,-0.02116402116402105,0.019283875497308808
63,2009-10-25,0.004168105898447738,0.06368464744864899,0.03858502165425093,0.007640089139276495,-0.01982595112728336,0.06393511343715863,0.3460845676372637,0.3460845676372637,0.35087719298245634,0.35087719298245634,2.280599072933169,0.37493122042478255,0.6139612369661902,-6.231965643317277,0.3054964418841071,0.12454212454212475,0.10176390773405686,0.1115065243179123,-0.017326732673267342,0.09090909090909084,0.029690461149715738,0.029585798816567976,-0.02393075356415475,0.15131578947368407,-0.032432432432432434,0.0556091288974605
64,2010-01-24,0.010464903691846494,0.02911985714403653,-0.032274578079985794,-0.0431733547046913,0.04073273142034761,0.03124884335401656,0.0705745311717818,0.0705745311717818,0.07792207792207795,0.06493506493506485,-0.4905542265644213,-0.2556026892908596,-0.7097460946500161,-0.2918626319992901,0.16570971727596473,0.02931596091205213,0.06650246305418728,0.08004268943436488,0.04030226700251882,0.048245614035087765,-0.08036809815950917,0.028735632183908063,0.030081724917405905,0.08000000000000007,-0.005586592178770999,0.07556116234557164
65,2010-04-25,0.014324956335178609,0.00975015873858198,0.0002002665389528868,-0.0067540971601363076,0.023737684088208418,-0.01601496312187867,-0.2998462327011788,-0.2998462327011788,-0.3012048192771084,-0.30487804878048785,-0.4259621714135252,5.9051663889038215,-0.0197815456912428,-2.4710369674185464,-0.20911305478610176,0.06751054852320659,-0.024249422632794396,-0.01679841897233192,0.02663438256658601,0.02510460251046021,-0.018012008005336866,0.033519553072625774,0.00928426738690069,-0.022927689594356315,0.0056179775280897895,0.016622851365015068
66,2010-07-25,0.016091396340615738,0.045338825096706836,0.01252930122948248,0.5607816572891755,0.01805733279408428,0.01804290197213532,0.09642701189283608,0.09642701189283608,0.10344827586206916,0.10526315789473696,0.4110056113633931,-0.8251520129551629,0.5577726669042142,-1.2314531843979941,0.06119696718011381,0.008893280632411127,0.00591715976331364,0.01005025125628145,0.018867924528301886,-0.016326530612244868,0.016304347826086918,0.027027027027026973,0.0018397725372134575,0.0,0.016759776536312776,-0.33024347549331634
67,2010-10-31,0.054327851099056364,0.08627706827266968,0.07153757487133316,0.08375266088055344,0.042287490155249685,0.19219729423138832,0.41909335832259575,0.41909335832259575,0.4375,0.4285714285714286,1.3179532746738332,2.9617953513224684,-0.29282595134123524,3.1832903938167094,0.24124144042322304,0.08031341821743365,0.014117647058823346,0.021890547263681448,0.0439814814814814,0.058091286307053736,0.05681818181818187,0.02631578947368429,-0.011352253756260478,-0.010830324909747224,0.0274725274725276,0.002316602316602357
68,2011-01-30,0.017027971458722257,0.049007462196595915,-0.04632791409348391,-0.07356433314899112,0.06125656434884275,-0.06857892652538322,0.22846435764519435,0.22846435764519435,-0.3913043478260869,-0.3888888888888888,-0.2270955074564069,-0.7918380650527119,-0.5341390261115031,0.4403484075312336,0.27993886864239226,0.10244786944696282,0.05626450116009285,0.06718597857838371,0.05764966740576494,0.058823529411764934,0.053763440860215006,0.035897435897435985,0.04339750084430949,0.06569343065693434,0.0053475935828875,0.13227450515586114
69,2011-05-01,0.07966847993232018,0.17338846621486434,0.15099327546652885,-0.013984471717883641,0.035365835947769535,0.0195065670669321,-0.2637106419577224,-0.2637106419577224,-0.267857142857143,-0.2727272727272727,-0.3311216219485641,-0.24723287079531345,-14.775547560436785,1.4043354101765315,0.5258586570431838,0.11019736842105264,0.032399780340472306,0.030109489051094895,0.03563941299790363,0.04814814814814805,0.013205282112844996,0.029702970297029733,-0.04094513675351996,0.03767123287671237,-0.010638297872340273,0.19004501203810295
70,2011-07-31,-0.06781840479110357,-0.1355729528279943,-0.17988086290606686,-0.3031733629177205,0.008273893354916906,-0.02473097806528801,-0.10127852964527873,-0.10127852964527873,-0.09756097560975607,-0.10000000000000007,-0.6065902863808585,1.9042461626739349,-2.92147851507015,-2.3221717991304933,-0.455661789813769,0.0762962962962963,-0.007446808510638392,0.009743135518157642,0.014170040485829816,0.03886925795053009,0.0035545023696683664,0.02884615384615397,0.08150523118461027,0.004950495049504955,0.005376344086021501,0.2405330518538067
71,2011-10-30,0.02286090782833416,0.010677141156256951,0.06855488585312441,0.11016701309484243,-0.001149779669428974,0.10117597058922057,0.24196545526548266,0.24196545526548266,0.18918918918918928,0.1944444444444444,2.9317335539925526,1.4210565310809808,-0.7442334060640745,-0.9177739347648556,-0.06883087638027685,-0.037852718513420425,-0.021972132904608758,-0.008771929824561429,0.003992015968063978,-0.05102040816326525,-0.061983471074380174,0.032710280373831724,-0.023404587299110657,-0.003284072249589598,-0.005347593582887722,-0.0896263206409984
72,2012-01-29,0.006102877892258274,0.011760402075635891,-0.0336916838900021,-0.0688781345333892,0.029479985936816663,-0.030637892141158973,0.05741967132695613,0.04975063363584331,0.11363636363636355,0.11627906976744184,-0.11045634711845387,-0.7085309748956963,-0.6372917385345478,-3.4971665595606707,0.18458748083691406,0.046494992846924266,-0.05917808219178089,-0.04955752212389386,0.031809145129224614,0.043010752688172005,0.05852737570799249,0.03167420814479627,0.023166640038344788,-0.05601317957166396,0.005376344086021501,0.0866111067840174
73,2012-04-29,0.010390151123084168,0.01896592573393785,-0.014595203201696938,-0.033975263115765375,0.02400052945301789,-0.013032995838561434,-0.003077327518885342,-0.003956540363721285,0.0,0.0,-0.5999539957939011,-0.1858397788121653,0.5862272832429376,-1.2788578513943478,-0.04345282145317875,-0.015037593984962403,0.02446126965637752,0.051210428305400464,0.025048169556840083,-0.044673539518900414,0.026159334126040438,0.035087719298245716,0.013585259212991918,0.03141361256544517,0.016042780748662944,0.05479893914414724
74,2012-07-29,0.015750013384591144,0.027757727267211152,-0.014859097054691016,-0.03322723324494836,0.03154752106471004,-0.0023205798319703157,-0.13780587117539844,-0.13074041927639246,-0.1428571428571429,-0.14583333333333334,0.16676249774112462,-0.094011950307355,-0.3315075596752499,-1.3539578002432988,0.016079149508650303,0.013185287994448291,0.0051165434906197405,0.01240035429583708,0.03195488721804507,-0.014388489208632891,-0.03302433371958291,0.029661016949152682,0.015560006162378626,0.01522842639593902,0.0,0.06309673473548316
75,2012-10-28,0.04137868247274068,0.09607992979599088,0.16995263788162165,0.16194529414372472,-0.024034169560803176,0.08066774624686524,0.17494400316640735,0.17494400316640735,0.19047619047619047,0.19512195121951212,2.290923939061136,0.6061871322831658,0.2335159507417821,16.6784783123963,0.279756646918609,-0.021232876712328763,0.002262443438914019,-0.0017497812773403787,-0.025500910746812492,-0.05109489051094896,-0.0485320551228281,0.032921810699588334,-0.06280339805825241,0.008333333333333305,-0.010526315789473715,-0.05669905395039632
76,2013-01-27,0.012897554451545057,0.03411106380705009,-0.02884520836484017,-0.06220780872440545,0.038192842233694124,-0.024856417704673842,-0.006882823565440455,-0.006882823565440455,-0.020000000000000014,-0.020408163265306145,-0.3932562636911281,-2.9597955807633225,-0.9419278765844552,0.37619912717619375,0.3008391120594149,0.13226032190342907,-0.014108352144469594,-0.019281332164767684,0.033644859813084294,0.1615384615384614,0.09571788413098226,0.031872509960159334,0.02492716089349289,-0.006611570247933796,-0.010638297872340273,0.1026970251406112
77,2013-04-28,0.009693412909408394,-0.2364756890549181,-0.023133109673996618,-0.039995334872102266,0.02826002737144617,0.017221573535339374,-0.03234759011995436,-0.03234759011995436,-0.04081632653061229,-0.04166666666666663,-0.18381953699590306,-11.522768038828511,13.424703891708967,-4.044142647682048,-0.7040049477456327,0.1854140914709519,-0.022896393817973704,-0.025915996425379784,0.027124773960216952,0.14900662251655628,0.185057471264368,0.0347490347490349,0.01831964624131399,-0.02163061564059909,-0.005376344086021501,-0.20467045629128897
78,2013-07-28,0.020054670014253432,0.06508071646091884,0.034886462614763365,0.1152573690411276,0.011853046936750156,0.0031769612474834568,-0.09468610579987258,-0.09468610579987258,-0.08510638297872343,-0.08695652173913049,0.4798997796881075,-0.966896429226256,0.9077067448680352,-1.106808933494845,0.25403808972856123,0.05109489051094896,-0.008201523140011656,-0.015596330275229331,0.015845070422535246,0.023054755043227626,0.062560620756547,0.02985074626865658,-0.007909429280397062,-0.011904761904761862,0.0,-0.04496986555401017
79,2013-10-27,0.0324769824052471,0.04909996464421318,-0.0632928518506588,-0.0069349093838506634,0.08717844319635137,0.07579305634340883,0.3846086153033837,0.3846086153033837,0.3953488372093024,0.4047619047619047,0.2198889608911152,0.5662051060147122,-0.1560701460967091,0.5658596512255051,0.31720567169252445,0.051587301587301626,0.011222681630242093,0.0344827586206895,0.08838821490467952,0.033802816901408406,0.046097672295755336,0.032608695652174065,0.05283726746912598,0.034423407917383735,0.0,0.05643203883495153
80,2014-01-26,0.030775771581080136,0.058327264699403525,0.02716061579402496,0.05167797818647489,0.03222975258529037,-0.03466336547575288,-0.02537180627939495,-0.02537180627939495,-0.033333333333333326,-0.03389830508474578,0.5041061276058119,0.9376433209006768,-0.4566848816029144,0.9693258577469909,0.4742473745086564,0.045754716981132086,0.004672897196261738,0.02072072072072073,0.030254777070063632,-0.03814713896457767,-0.007853403141361405,0.035087719298245716,0.0014847809948033142,0.029950083194675518,-0.010810810810810813,0.00631820792647919
81,2014-04-27,0.003681344813771803,0.002667026023694508,-0.042647675619803316,-0.08796701130954188,0.02579530299723154,0.0009782973167722364,-0.08645694759631684,-0.08645694759631684,-0.08620689655172398,-0.08771929824561397,-1.1249061382408716,-0.3966891477621092,0.6052299852487595,-1.6826701646990234,-0.21960665412194225,0.04059539918809185,-0.011627906976743985,0.004413062665489909,0.02627511591962905,0.011331444759206777,-0.005277044854881119,0.033898305084745665,0.02209043736100824,0.016155088852988664,-0.010928961748633892,0.09935312024353116
82,2014-07-27,0.02017549171972921,0.03333729170233801,0.02300086476587726,0.044022957629981097,0.01865047536792086,0.01785451781977176,-0.015097437361695996,-0.015097437361695996,-0.018867924528301886,-0.019230769230769273,-4.039738135873857,-0.2487946681792399,-0.0813520241934137,-1.2252231094410522,0.06337892776320264,0.03901170351105332,0.0035294117647057814,0.02196836555360293,0.02108433734939763,0.011204481792717049,0.009283819628647105,0.03278688524590168,-0.0015955903684362616,0.02861685214626375,-0.005524861878453025,-0.01021079228825583
83,2014-10-26,0.05149647301988858,-0.050007995399638634,0.14588654152989733,0.2160147955862892,0.009625338426899166,0.11327352450625773,0.2412683457148035,0.2412683457148035,0.25,0.2352941176470589,1.9540773143608956,13.866918357715905,0.4050416499945437,-7.21869371504408,-0.370643172868128,0.02211097204839385,0.002344665885111397,-0.003439380911435918,0.008849557522123908,0.0,-0.020148926850634963,0.03174603174603185,-0.039808223158506406,0.0,-0.005555555555555536,-0.2187718562036648
84,2015-01-25,0.019063647956354624,0.05324528512437565,-0.008817707884135273,-0.01821320383956293,0.03358924451933865,-0.05845573363325551,0.002650878176382765,0.002650878176382765,0.0,0.015873015873015817,-0.3007293348046739,-0.9940513601879186,-0.3610262517475276,-1.9802848533813,0.5773130165722049,0.07632653061224492,0.008187134502923854,0.00690250215703192,0.032163742690058506,0.06925207756232687,0.057219490388913614,0.036923076923077065,0.014223029202602431,0.013910355486862702,-0.005586592178770999,0.07278424350940016
85,2015-04-26,0.011399154223227015,0.02497405769675076,-0.02633602344871444,-0.0716117716343897,0.030546931809948937,-0.0483191952813129,0.049400761713972896,0.049400761713972896,0.04615384615384621,0.046875,-0.19175097970807545,11.715759516186411,0.3345691017381791,-0.4956640732312891,0.18459220978301905,0.034508911642017415,0.040603248259860836,0.03856041131105403,0.02974504249291776,0.0,0.002959830866807733,0.03857566765578624,0.018946740265552545,0.060975609756097386,-0.022471910112359602,0.10402236501710772
86,2015-07-26,0.08324438315645842,-0.1297128991053369,0.2112688801545428,0.4308581423196527,0.023994488407116377,-0.039817579172964135,-0.18458832081952925,-0.18458832081952925,-0.17647058823529405,-0.19402985074626866,0.22723417070293886,21.60905326768129,-5.389559330267012,-3.8286912372299535,-0.4407882830580001,0.040322580645161255,-0.01114827201783719,-0.02722772277227725,0.022008253094910613,0.010362694300518172,-0.02318718381112972,0.03428571428571425,-0.05461200585651527,0.02298850574712641,-0.04597701149425293,-0.3917759552515213
87,2015-10-25,0.008003505453301418,0.0295721677472931,-0.007717154299931917,-0.02496331640573868,0.016632483943952225,0.0969899757240631,0.2742176972600689,0.2742176972600689,0.26785714285714257,0.2777777777777777,0.234098679797798,-0.9328654264494429,-1.8457245021112076,-0.9929875811151564,-0.005527409363374147,0.10852713178294572,-0.0016910935738443378,-0.005937234944868529,0.018842530282638048,0.08461538461538476,0.09495036685369017,0.035911602209944826,0.008517887563884052,0.04073033707865159,-0.04819277108433728,0.05592493630771145
88,2016-01-24,-0.016114775797574917,-0.05668792340593842,-0.12208069628392315,-0.15973888511356849,0.04054076361400805,-0.04506139055287739,0.2554598330404687,0.2554598330404687,-0.38028169014084495,-0.37681159420289856,-0.07640838185632337,-0.6132819699929959,-0.06986044267436486,-15.495336787564767,0.08056698700318797,0.165289256198347,0.0626764539808018,0.07081911262798646,0.03698811096433285,0.14420803782505898,0.13795821836815134,0.03733333333333344,0.05758599508599516,0.10391363022941967,-0.03164556962025322,0.12263873359618672
89,2016-04-24,0.01149764546244758,0.014901214388081119,-0.040838915592827485,-0.08108436640401218,0.035140596035659,0.003298771040951332,-0.08365488107342345,-0.08365488107342345,-0.06818181818181822,-0.06976744186046502,-0.5319403927647466,2.0496163195271917,-0.7277227287514177,-0.8332141835859308,0.012435536958810278,0.13502454991816706,0.017003188097768133,0.025498007968127512,0.03566878980891741,0.0950413223140496,0.04433668167648075,0.03856041131105403,0.023377377668070357,0.044009779951100336,-0.013071895424836666,0.10447135293809318
90,2016-07-24,0.04548875718146839,0.017732428324494842,0.10753782127676592,0.20412445699947931,0.019567707570191217,0.0009307744643483052,-0.0916586581985821,-0.0916586581985821,-0.09756097560975607,-0.10000000000000007,0.6294425193952962,2.796480370092523,-1.5346325238956342,-1.060865837976854,-0.0007476025386897732,-0.10790675318433074,0.03343782654127492,0.049728049728049666,0.02091020910209096,-0.13773584905660374,-0.147927031509121,0.034653465346534684,-0.024829738933030643,0.049180327868852514,0.0,-0.15476981490270536
91,2016-10-30,-0.002853655676935518,0.009853714109461896,-0.03795171359089433,-0.0669169781532647,0.01303991048456177,0.14140392359892573,0.2467928077115724,0.2467928077115724,0.2432432432432432,0.25,0.7462256117355364,-0.6662193204179256,-8.6510433968532,-126.16197183098593,0.09364141444742713,0.022090517241379226,0.03993933265925165,0.0577350111028867,0.013253012048192623,0.0,-0.03775788244453104,0.035885167464114964,0.016004655899898083,0.04352678571428581,0.013245033112582849,0.08226177775282162
92,2017-01-29,-0.0005759751035585571,0.044176299268145584,-0.06648386557083298,-0.1266943664806931,0.027872039740953536,-0.13231423384314944,-0.03604574895466095,-0.03604574895466095,-0.0434782608695653,-0.022222222222222254,-0.5214515494581881,-2.3020596941292557,-0.6755897990519008,4.476790637483824,0.4689420272050835,-0.05086979441222983,-0.02284880894506558,-0.01259622113365988,0.027348394768133225,-0.06345733041575496,-0.11165048543689317,0.03926096997690531,0.0283545753973935,0.0010695187165776776,-0.013071895424836666,0.19565217391304346
93,2017-04-30,0.003032955212664889,0.002927458475381561,-0.05126567401838311,-0.1034778562280242,0.024305219116177446,-0.04074945169932642,-0.10300365303405956,-0.10300365303405956,-0.09090909090909084,-0.11363636363636365,-0.5296843243121513,-1.4051870305292171,0.2692452761318425,-1.3129269871274618,-0.09989816683912167,-0.0011108025548458578,-0.02587064676616924,-0.01559177888022689,0.0254629629629628,-0.028037383177570097,-0.007285974499089298,0.03777777777777769,0.021306224759782832,0.006410256410256388,-0.026490066225165587,0.11868084183119974
94,2017-07-30,0.01914556994237282,0.042950600505882175,0.032664441801493416,0.06449774250624851,0.014223258761710156,0.009173829577805435,-0.13472971563486724,-0.13472971563486724,-0.1250000000000001,-0.1282051282051282,1.9964806014101537,0.028240134654946788,0.19945742824824086,-2.386080105055811,0.1538346623525919,-0.05838198498748959,-0.034218590398365716,-0.01943844492440605,0.015801354401805856,-0.08173076923076927,-0.052752293577981724,0.036402569593147804,-0.004908644668666584,-0.004246284501061681,-0.013605442176870763,-0.020248254460822342
95,2017-10-29,0.07190312178999125,-0.08595572133805718,0.1603763424009208,0.2055672834942144,0.039201105414158784,0.12921818902542606,0.19531198632388724,0.19531198632388724,0.17142857142857149,0.17647058823529416,0.9923656803173576,12.909921789741723,-0.3796123876123876,-3.240869256276646,-0.29876322549779666,-0.05107764983761432,-0.05446853516657857,-0.052129221732745916,0.03555555555555556,-0.06544502617801051,-0.03922518159806288,0.03512396694214881,-0.030419292956974545,-0.01492537313432829,-0.034482758620689724,-0.2418243724760472
96,2018-01-28,0.12656990315812644,-0.03861490839235482,0.3276983573902705,0.2507077976813721,0.043644258289307285,-0.06471735627904585,0.389417567406511,0.389417567406511,0.3902439024390243,0.4000000000000001,-0.3900882854811187,0.4796964436904026,-7.932831783165433,-0.691643016821778,-0.1313760633339488,0.05942750466708136,0.04809843400447433,0.022463206816421444,0.04399141630901293,0.02240896358543409,0.0932459677419355,0.0379241516966069,-0.07362916902204641,0.07359307359307365,-0.04999999999999993,-0.23133159268929504
97,2018-04-29,-0.0037027055364857726,-0.05003877801268719,-0.06116500473094987,-0.132263806805217,0.026376484058197702,-0.0003109862209511593,-0.2168310200688206,-0.2168310200688206,-0.2105263157894736,-0.2142857142857143,-0.5424900633512724,-0.9103489565325932,-1.338754812623567,1.1287127015956262,-0.3219596915300369,0.003524229074890028,-0.0016008537886874619,-0.02272727272727271,0.024665981500513908,-0.038356164383561715,-0.06777316735822969,0.036538461538461416,0.030205949656750605,0.013104838709677493,-0.03759398496240607,0.09476902173913038
98,2018-07-29,0.008381367014447028,0.001907303947524808,-0.015173065376050562,-0.044955814781694865,0.0197450259636236,0.012260530480123322,-0.114333737741381,-0.114333737741381,-0.11111111111111104,-0.11363636363636365,1.154752665919347,0.3492933798252855,-0.020421596537708364,-1.0596679656049726,0.028332651555409424,0.05209247878255785,-0.0026723677177979965,-0.01705426356589157,0.014042126379137264,0.028490028490028463,0.021760633036597588,0.03525046382189245,0.011254257367095954,0.012935323383084452,-0.0234375,0.049084703692212406
99,2018-10-28,0.03127388661688313,0.10558644455349976,0.015149993699004494,0.03836780689094299,0.03880294554437547,0.07017593684483603,0.24335174060491904,0.24335174060491904,0.22499999999999987,0.20512820512820507,0.662500333484513,0.2729248470459318,-0.07248689692245669,24.65834570233437,0.7069394978102623,0.09095966620305962,0.012325830653804992,0.006309148264984188,0.03659742828882306,0.07479224376731297,0.06050338818973855,0.03405017921146936,0.007321716210279661,0.04125736738703334,-0.040000000000000036,0.06471075357861111
100,2019-01-27,0.0016096204852393825,0.02467489390761424,-0.034623014856506866,0.26068517903897925,0.01801489105774157,-0.06509375184428068,-0.0764366540936321,-0.0764366540936321,-0.08163265306122447,-0.06382978723404252,-0.6240401665717197,-0.9879553508658659,-0.2218076660689814,-0.7183703734867528,0.11663864301644833,0.11116777154513002,-0.08417151932239297,-0.06974921630094033,0.01526717557251911,0.07216494845360821,0.06937471474212686,0.03639514731369165,0.0162814362552699,-0.06320754716981125,0.0,-0.1871666666666667
101,2019-04-28,-0.026933449477266502,0.07139620105051403,-0.16968271392408374,-0.2675392042969413,0.03431023926335075,-0.006613835630657206,0.16984156570363473,0.16984156570363473,0.1777777777777778,0.18181818181818188,-0.049390422835800966,-255.02382370458602,2.7360491547645838,1.364722797975837,0.2470074450592854,-0.04084442404772837,0.01907514450867076,0.04380791912384163,0.03853383458646609,-0.05528846153846157,0.025181391378574558,0.03511705685618738,0.06293806322414519,0.0453172205438066,-0.008333333333333305,0.46271615063905397
