,Quarter end,Assets,Current Assets,Liabilities,Current Liabilities,Shareholders equity,Revenue,Earnings,Earnings available for common stockholders,EPS basic,EPS diluted,Cash from operating activities,Cash from investing activities,Cash from financing activities,Cash change during period,Cash at end of period,Price,ROE,ROA,Book value of equity per share,P/B ratio,P/E ratio,Cumulative dividends per share,Equity to assets ratio,Net margin,Asset turnover,Current ratio
0,1993-12-31,0.017126949718940576,0.04876287407367408,0.02838196856413488,0.05254071721273701,0.005629648300980561,-0.2352181832580977,-0.5223140184095367,-0.5223140184095367,-0.5245901639344263,-0.3653846153846154,-0.5901946497345685,-0.18674072323327814,-0.6830963797399443,-2.0186636556854407,0.9434175073626168,-0.040216550657385934,0.032710280373831946,0.010218978102189745,0.0074257425742574315,-0.1172638436482084,0.012668918918918859,inf,-0.01131999191429145,0.04500978473581218,-0.008130081300813052,-0.0035704476792089994
1,1994-04-03,0.017126949718940576,0.04876287407367408,0.02838196856413488,0.05254071721273701,0.005629648300980561,-0.2352181832580977,-0.5223140184095367,-0.5223140184095367,-0.5245901639344263,-0.3653846153846154,-0.5901946497345685,-0.18674072323327814,-0.6830963797399443,-2.0186636556854407,0.9434175073626168,-0.040216550657385934,0.032710280373831946,0.010218978102189745,0.0074257425742574315,-0.1172638436482084,0.012668918918918859,inf,-0.01131999191429145,0.04500978473581218,-0.008130081300813052,-0.0035704476792089994
2,1994-07-03,0.0015688759258813967,-0.00792945966411607,0.009028809829513484,0.009955580460071944,-0.006224059086316625,-0.2352181832580977,-0.5223140184095367,-0.5223140184095367,-0.5245901639344263,-0.3653846153846154,-0.5901946497345685,-0.18674072323327814,-0.6830963797399443,-2.0186636556854407,-0.4945026600032243,-0.1095890410958904,0.032710280373831946,0.010218978102189745,-0.0024570024570026443,-0.1172638436482084,0.012668918918918859,1.1428571428571428,-0.007769372316499656,0.04500978473581218,-0.008130081300813052,-0.017732451304667496
3,1994-10-02,0.05019243292009135,0.1537494337550125,0.062010258561436826,0.09108772870760906,0.03765759446811967,0.429785956155702,2.200908193484699,2.200908193484699,2.2068965517241383,-0.3653846153846154,13.007874015748033,-0.13170972710628034,-1.4159233564585398,-2.237334550433592,1.2104222477356807,0.008144796380090469,0.032710280373831946,0.010218978102189745,0.03940886699507384,0.011070110701107085,0.012668918918918859,0.5333333333333334,-0.011951370286420793,0.04500978473581218,-0.008130081300813052,0.05743148442615297
4,1994-12-31,-0.053544027843208775,-0.11104010255218501,-0.08808271579935167,-0.15648836361787244,-0.016050039362095037,0.1173044072959335,-0.6938800685886286,-0.6938800685886286,-0.6881720430107527,-0.3653846153846154,3.8706776188144847,0.2855373698831878,36.82716441620334,-1.4171892290667651,-0.22845188284518825,0.05655296229802498,0.032710280373831946,0.010218978102189745,-0.016587677725118374,0.018248175182481674,0.012668918918918859,0.3478260869565217,0.03962460896767461,0.04500978473581218,-0.008130081300813052,0.053958425475453264
5,1995-04-02,-0.0028204958801182345,-0.009599795923960541,-0.02488342146700317,-0.04872390956782102,0.019376864894872003,-0.1967252129157958,1.4434011686479953,1.4434011686479953,1.4137931034482758,-0.3653846153846154,-0.6896762256480513,-0.0028900229118933307,-0.8035502809484214,-0.7828723001136795,-0.0642905228513726,0.06627017841971128,0.032710280373831946,0.010218978102189745,0.02168674698795181,0.08243727598566307,0.012668918918918859,0.25806451612903225,0.022266800401203657,0.04500978473581218,-0.008130081300813052,0.041124632815778384
6,1995-07-02,-0.013040324653543213,-0.02285966075573753,-0.022998960958492853,-0.038479006530010906,-0.003456036116496364,-0.16736142653260255,-0.4504147906255669,-0.4504147906255669,-0.4571428571428571,-0.3653846153846154,-0.6726489676931751,-0.10321957333472598,-1.2982534898138054,-5.011052937754507,0.2755905511811023,0.055776892430278835,0.032428355957767614,0.010218978102189745,-0.002358490566037652,0.0364238410596025,0.012668918918918859,0.20512820512820507,0.00961538461538436,0.02996254681647925,0.024590163934426142,0.016203143893591232
7,1995-10-01,0.050499537120672684,0.14833767390894706,0.4235050355212204,0.7952328840104301,-0.3014446561248461,0.3583595585578225,1.4645740179455633,1.4645740179455633,1.6842105263157894,-0.3653846153846154,1.631619452486532,0.2194269741439552,-3.477709288990826,-1.6729514140681654,-0.1453907376073197,0.11773584905660385,0.08765522279035798,0.010218978102189745,-0.2198581560283689,0.1182108626198084,0.07422852376980815,0.19148936170212785,-0.33508260447035954,0.0,0.008000000000000007,-0.3603046168491194
8,1995-12-31,-0.05296031974123072,-0.125152357040484,-0.1111775652263246,-0.3388920587960845,0.058975326798663914,0.141422748524362,0.2886870334969012,0.2886870334969012,0.32352941176470584,-0.3653846153846154,3.3514879750449107,-0.2864135625596944,7.027973039428389,-2.093103448275862,0.18596465498276735,0.0708980418636056,0.5030221625251847,0.4118497109826589,0.06060606060606055,0.3742857142857141,0.030279503105590026,0.1607142857142856,0.11838643671441094,0.3890909090909089,0.015873015873015817,0.3232886904761905
9,1996-03-31,-0.011228623522100968,-0.029685912635811995,-0.03420050993783708,-0.07294919332912986,0.025843083625511243,-0.16818040971522108,-0.4386125703919272,-0.4386125703919272,-0.4296296296296297,-0.3653846153846154,-0.6093683994930811,-0.42134850259327417,-0.721892915440024,4.439668769716088,0.8529648179063871,0.14375788146279955,0.07193923145665783,0.0020470829068577334,0.02857142857142869,0.07692307692307687,-0.20761115297663899,0.1384615384615384,0.03737584945112382,-0.020942408376963262,0.0234375,0.046668540905257405
10,1996-06-30,-0.00186613092071386,-0.009029625350441273,0.003233617296831026,0.0013091210419056145,-0.00961432868924317,-0.14510893019321236,-0.3125136749978962,-0.3125136749978962,-0.3116883116883117,-0.3653846153846154,-0.9389085963805576,0.14098190019082854,-1.0073335060896604,-1.424356650960493,-0.1953416978109984,0.01708930540242548,0.11338057523968326,0.03166496424923393,-0.005555555555555536,-0.009652509652509631,-0.002853067047075664,0.12162162162162148,-0.0078105316200554045,0.0066844919786095405,0.022900763358778557,-0.010385889515623692
11,1996-09-29,0.06196270353548949,0.1886584384041712,0.07299845100041269,0.16031033838100586,0.04497825523851074,0.34657553340708724,1.3078806277082773,1.3078806277082773,0.15094339622641506,-0.3653846153846154,7.07670645031514,0.8495768080685215,-22.197879858657245,-2.002391527160916,0.2433441154516049,0.17560975609756113,0.012354923249719095,0.04455445544554437,0.04469273743016755,0.1812865497076024,0.1273247496423462,0.12048192771084355,-0.015744032503808958,0.01726427622841964,0.02985074626865658,0.02442775716999912
12,1996-12-31,0.07350888996452642,-0.0644550815044167,0.11382290118180728,-0.12213109911651765,0.009800365817701715,0.10890150102206776,-0.16565185106608682,-0.16565185106608682,-0.16393442622950816,-0.3653846153846154,3.549296008501029,8.989450320600646,-8.669444907484582,-0.8757668711656441,0.024314588753251883,0.09774089442139222,-0.10613905325443784,-0.11848341232227487,0.016042780748662944,0.05115511551155128,0.04103214890016926,0.10752688172043,-0.05933952528379782,-0.10574412532637067,-0.014492753623188246,0.06570696811799004
13,1997-03-30,0.01679668022692815,0.03548668716900427,0.01244110634828477,0.02943810766034405,0.024388878409606685,-0.1569621104771195,-0.12408777684542427,-0.12408777684542427,-0.11764705882352945,-0.3653846153846154,-0.5071041442362088,-0.8595602858279272,-1.738888043643635,9.87928669410151,0.2582462309921527,-0.002099958000839841,0.016963177492759662,-0.002150537634408645,0.02368421052631597,-0.018838304552590283,0.091019910605445,0.09708737864077666,0.007405375754251375,0.016058394160583855,-0.0220588235294118,0.005883815364216449
14,1997-06-29,0.017577795688465292,0.03635039026582732,0.020431410578964027,0.02481419366647919,0.012661676211199957,-0.09650173721082644,-0.26606090515864955,-0.26606090515864955,-0.2666666666666666,-0.3653846153846154,-1.0568674056467555,-0.5425993202859487,-0.7095645011839802,-4.205459588954735,-0.6578981419181202,0.1262626262626263,0.011391375101708734,-0.006465517241379226,0.012853470437018009,0.1008,0.08640595903165726,0.08849557522123908,-0.004900626191124524,0.0071839080459770175,-0.015037593984962403,0.011286867688251823
15,1997-09-28,0.06119849041579116,0.1741004148914962,0.3017013453120696,0.256678767353661,-0.3563113793137805,0.2714730344286205,0.9910015030456452,0.9910015030456452,1.0606060606060606,-0.3653846153846154,-2.485546875,0.9822358869245881,-5.027295285359801,-1.875523650309765,1.6837248004841334,0.0444693572496262,0.11021721641190683,-0.01952277657266821,-0.3121827411167513,0.03052325581395343,0.008570449091532373,0.08943089430894324,-0.3934336525307797,0.002853067047075664,-0.01526717557251911,-0.0657433808553971
16,1997-12-31,-0.058806236655938975,-0.167224096416569,-0.10405134004845652,-0.265621063181978,0.10003147347456842,0.07886176743862937,0.1534373665232982,0.1534373665232982,0.19117647058823528,-0.3653846153846154,28.632570777456394,-0.3422016372253339,-5.07736994982836,-1.3755503639140982,-0.23561412162638296,0.02432915921288004,0.21159420289855047,0.11725663716814184,0.09963099630996307,0.4894217207334275,-0.011896668932698915,0.08208955223880587,0.16869643662607126,0.11237553342816507,0.0,0.13402511335891165
17,1998-04-05,-0.010564420175277587,-0.03446319821726418,-0.035688947396480535,-0.11981802529800245,0.06127419366186437,-0.11618540470755645,-0.35038753014123325,-0.35038753014123325,-0.34567901234567894,-0.3653846153846154,-0.6435290080987228,0.3208776813492713,-0.7693154588433392,-1.3218088288072736,0.09919427696959636,0.16206776108976606,0.0971889952153111,0.017821782178217838,0.06040268456375841,0.05681818181818187,0.008255933952528327,0.07586206896551739,0.07255885758394442,-0.0038363171355499937,0.023255813953488413,0.09696270665128814
18,1998-07-05,0.00937457968239186,0.026508505721357437,0.010219422005141698,0.02968128457081498,0.007179626566607089,-0.198234912701853,-0.3641377116116289,-0.3641377116116289,-0.37735849056603776,-0.3653846153846154,-1.0910343110816079,0.2079438673046885,-1.4505895564289726,-5.830111524163568,-0.4358823825418924,0.07874962428614363,0.07658762605614622,-0.006809338521400865,0.0063291139240506675,0.017921146953404854,0.04674172637325147,0.07051282051282047,-0.0021590500179919925,-0.001283697047496868,-0.007575757575757569,-0.003084256273657826
19,1998-10-04,0.057242270597390725,0.18216874001230465,0.055852507014504615,0.17480538353379682,0.060863860704573065,0.3825969815958445,1.2419055561346817,1.2419055561346817,1.2727272727272725,1.2424242424242422,-6.3063531127517996,0.07366584564860433,-0.9814567571576918,-1.2513661202185793,0.19422556569831406,-0.07495123989969342,-0.03367088607594948,0.02154750244857984,0.06289308176100628,-0.08098591549295775,-0.0749674054758801,0.07185628742514982,0.0036062026685899093,0.00514138817480725,0.01526717557251911,0.0062579102798481214
20,1998-12-31,-0.02044545428124089,-0.0647517971489745,-0.058335582703941465,-0.03824367788958072,0.077826149900728,0.018620860194029643,0.02254191736490196,0.02254191736490196,0.013333333333333421,-0.027027027027027084,2.8124398790710456,0.02355235236766129,-272.2688,-1.1743723208818126,-0.028359435301147817,0.028313253012048005,-0.06628242074927948,-0.025886864813039367,0.10355029585798814,-0.03256704980842906,0.002466525722339741,0.06703910614525133,0.10025152712899764,-0.016624040920716232,-0.007518796992481258,-0.0275312696527148
21,1999-04-04,-0.0883159062988198,-0.0955072727048254,-0.11926511889040425,-0.2953263526847516,-0.01818668503628029,-0.23772101527296896,1.0432532717334957,1.0432532717334957,1.0789473684210529,1.1805555555555558,-0.372750005632026,-8.72990792103248,2.1655450239762186,-15.386303775241439,0.4198954489544895,-0.12858816637375514,0.3947811447811447,0.453740157480315,-0.018766756032171598,-0.20990099009900987,-0.09455184534270644,0.0628272251308899,0.07674722403657719,0.4876462938881665,-0.02272727272727271,0.28353811884745284
22,1999-07-04,0.05008922293876972,0.1519503463122427,0.06935859857882988,0.2430105279657253,0.01092104813137307,-0.09724679205037924,-0.7772065696354653,-0.7772065696354653,-0.7721518987341772,-0.7770700636942676,-2.0818589950795534,-1.0830556676420202,-1.300587297091836,-2.443976565360674,-0.4270167839740119,-0.08974789915966397,-0.02615167974250654,0.0067704807041300006,0.013661202185792254,-0.07268170426065168,-0.3742236024844721,0.05911330049261099,-0.03730664240218373,0.011363636363636244,0.0,-0.07327996417175164
23,1999-10-03,0.05180225793148141,0.146379983648099,0.07729891012865986,0.2036308457962388,-0.003019755036388849,0.2501714056671109,0.7496354010588353,0.7496354010588353,0.75,0.7714285714285716,-1.4521980466234206,0.1500843660906499,-1.1080186457067764,-1.4711128016567347,0.3510976723676336,0.014771048744461003,-0.055567031605040285,-0.03698722259583054,0.005390835579514919,0.0013513513513512265,0.008684863523573226,0.0604651162790697,-0.051984877126654117,-0.006050129645635227,-0.03875968992248069,-0.047541379726954165
24,1999-12-31,-0.023653839814151145,-0.0549914947905592,-0.061889953570746,-0.17021534177751552,0.06518343567026075,0.03669558777344984,0.11908241795884812,0.11908241795884812,0.09523809523809512,0.06451612903225823,2.9786949754794003,-0.5629980016694913,9.244175370136578,5.7445949582847415,1.752657590451324,-0.09097525473071323,-0.03827646544181984,-0.020949720670391025,0.06434316353887404,-0.09581646423751687,-0.05719557195571968,0.05701754385964919,0.09106015287470903,0.00782608695652165,-0.024193548387096756,0.13883427411682625
25,2000-04-02,-0.03412335671590594,-0.08727167611993936,-0.042404777526940274,-0.11837060501186115,-0.01717780465981633,-0.10193446056293964,-0.27372534614874444,-0.27372534614874444,-0.26086956521739124,-0.2272727272727273,-0.6557258472246312,1.173419773095624,-0.2871131277483685,-1.9512915325476845,-0.6057013160792019,-0.11489191353082473,-0.3422788264725949,-0.3402282453637661,-0.007556675062972306,-0.16865671641791047,-0.09849967384213952,0.053941908713692976,0.017362168748096263,-0.3416738567730801,0.0,0.035308531967030536
26,2000-07-02,0.014998825969008587,0.05193473448865582,0.03142475163724767,0.1204278456076926,-0.017749396853915966,-0.15799882188870373,-0.43810059005338575,-0.43810059005338575,-0.4313725490196079,-0.4313725490196079,-1.2132941718744976,-0.0909236177692554,-1.335326612237842,-0.8411912751677852,-0.24395377808325105,0.13975576662143818,-0.0387275242047026,-0.034594594594594574,-0.015228426395939132,0.14901256732495516,0.7040520984081042,0.051181102362204633,-0.03203592814371259,-0.027522935779816567,-0.008264462809917328,-0.06116191500806877
27,2000-10-01,0.08136702453202371,0.22245042101049028,0.1026641793666392,0.3325503384299011,0.03678141411855673,0.4311758853102832,1.6853935393539352,1.6853935393539352,1.6896551724137936,1.6896551724137936,2.3086239823097796,0.0415128610769322,1.5893049632094485,-1.8020778306039795,0.25880681818181817,-0.0452380952380953,0.049999999999999815,0.05711086226203799,0.04123711340206193,-0.03125,-0.017834394904458706,0.05243445692883908,-0.04144757191463022,0.03234501347708885,0.02500000000000013,-0.08262189881395754
28,2000-12-31,-0.028222924234532213,-0.13777284321399852,-0.07171028339710561,-0.1826644953500716,0.06860312841033099,-0.001548353673057612,0.07967040640566081,0.07967040640566081,0.10256410256410242,0.07692307692307687,-7.146472241209082,3.6294056425979577,-3.284372284969592,-2.3546652030735453,-0.27851500789889416,0.19368246051537816,0.0383693045563549,0.049788135593220366,0.06683168316831667,0.14677419354838706,0.10851707738867278,0.04982206405693956,0.09970958373668926,0.03524804177545682,0.016260162601626105,0.05496221347823371
29,2001-04-01,-0.042450991425167166,-0.13513434227713328,-0.08894509153757069,-0.2524771776278816,0.04747684326267443,-0.09592502146619553,-0.3195529570031562,-0.3195529570031562,-0.32558139534883723,-0.3214285714285715,-0.3800095390371504,-0.8658524729614777,-0.070899395437654,-0.5369094886962158,-0.17876693046388692,0.09052924791086348,-0.010887495875948394,0.017154389505549927,0.04408352668213466,0.02250351617440205,0.009360374414976613,0.04745762711864399,0.0938967136150235,0.0012610340479193296,0.016000000000000014,0.15694748682730442
30,2001-07-01,0.03819467056884607,0.11158866091464614,0.09128456760907566,0.3168177282844564,-0.05111701682532743,-0.1679396379275392,-0.33542442906749803,-0.33542442906749803,-0.3448275862068965,-0.3333333333333333,-1.2496801272316358,1.9783494881782768,-1.5253882431199308,-0.0930883639545057,-0.19741753637540949,0.022669220945082943,0.012675116744496284,0.025793650793650924,-0.044444444444444516,-0.02063273727647863,-0.0019319938176197704,0.04530744336569592,-0.08610515021459231,0.02267002518891692,0.0,-0.15586940947702388
31,2001-09-30,0.05363677713691528,0.17899085773479007,0.04874198527875828,0.13996025963703795,0.06310690834116063,0.4509327936862178,1.3029043269322451,1.3029043269322451,1.3421052631578947,1.3157894736842106,-2.635712005108557,-1.2993491088265712,-1.763296080770698,-6.4209917036465365,1.3334440700488823,-0.023103340618170543,0.006916996047430901,0.03288201160541582,0.06511627906976747,0.022471910112359602,-0.0572977158343011,0.049535603715170407,0.009098914000587044,0.012315270935960632,0.023622047244094446,0.034250727449078644
32,2001-12-31,-0.10076844073624767,-0.20478880817863865,-0.11372735025819405,-0.2952881625367786,-0.07603514791279065,-0.023207614876428532,-1.3722280187476192,-1.3722280187476192,-1.3707865168539326,-1.375,3.0571827329422905,-3.836669376143061,1.922837274583192,2.0244865999928816,1.7283395704523268,0.03100031959092364,-0.4337585868498528,-0.4288389513108615,-0.08515283842794752,-0.03296703296703296,-0.007802874743326527,0.04424778761061954,0.02763234438627116,-0.44647201946472015,0.030769230769230882,0.12842154621651725
33,2002-03-31,0.02374616234991977,0.06692270335688423,-0.016473465236598317,-0.0518366081616769,0.09737762420633113,-0.2240420686748038,-2.936441903405931,-2.936441903405931,-2.9393939393939394,-2.9090909090909087,-0.7093501851081181,-0.9982448913802676,-0.8732315460534692,0.010590851857517736,0.6401857663607833,0.07253564786112854,0.032928942807625594,0.03770491803278686,0.10023866348448696,0.1732954545454546,0.9093543046357616,0.04237288135593209,0.07189357486555338,0.05934065934065935,-0.0223880597014926,0.12528568460419698
34,2002-06-30,-0.010796969449043292,0.008722974513436954,-0.03365417199999221,-0.08483012410262114,0.026707103571644183,-0.16696307356758588,-0.2745361594577518,-0.2745361594577518,-0.28125,-0.26984126984126977,-0.7525160564126332,240.6938775510204,0.18954285878267865,-1.4102982102725927,-0.16014471017061616,-0.029768786127167712,0.023489932885906173,0.06003159557661952,0.026030368763557462,-0.11864406779661008,-0.06698460871450251,0.04065040650406493,0.037760760496435175,0.06846473029045641,-0.007633587786259555,0.10219719350073864
35,2002-09-29,0.04785795017954175,0.1610984750211295,0.039990762036780536,0.16676168215419107,0.060007520088384274,0.3993614763037032,0.9488344840691708,0.9488344840691708,0.9565217391304348,0.934782608695652,-0.26175506655073244,-0.2939289031495398,0.6954791083663032,0.8427176751050063,-0.351371827479842,0.012213285671730523,-0.015300546448087425,0.02235469448584193,0.06342494714587743,-0.013736263736263798,-0.03717472118959109,0.04166666666666674,0.011704834605598123,0.04660194174757293,-0.023076923076923102,-0.004858028310578799
36,2002-12-31,0.01001556280446203,-0.13389660781003576,0.015853563956902406,-0.10934957694406212,0.001169987592146482,0.003216985544826523,0.058952586031771885,0.058952586031771885,0.05555555555555558,0.033707865168539415,19.500203850509628,4.504903133221717,1.5980706022964957,-3.739611889727399,1.4840897713999666,-0.04944084755738665,0.6925638179800222,0.7376093294460644,0.027833001988071482,-0.1058495821727019,-0.05526061776061775,0.04249999999999998,-0.008802816901408494,0.8163265306122447,-0.03937007874015752,-0.027565019779479668
37,2003-03-30,-0.04826793229003112,-0.13330294440250134,-0.005980990569258715,-0.03159207528262065,-0.11327962394191747,-0.175485368866498,-0.2513965623081645,-0.2513965623081645,-0.23157894736842102,-0.2065217391304348,-0.6958845808786809,-0.5651503302050747,0.37603986965689096,-1.8638655745630557,-0.5161061721014433,0.0037151702786379923,0.03442622950819674,0.026845637583892582,-0.102514506769826,-0.02336448598130847,-0.42886334610472543,0.0383693045563549,-0.06825678761735599,0.035750766087844665,-0.008196721311475419,-0.10503310685073797
38,2003-06-29,-0.004290347743975076,-0.014702686513741181,-0.0008209957375961974,-0.015114149215401218,-0.010269526776325531,-0.10915982802503664,-0.2672666516328748,-0.2672666516328748,-0.2465753424657533,-0.2602739726027397,-1.0876439600363306,0.17170405155617718,-0.7356979678259001,-0.1840928761542817,-0.8702212721063883,0.04318322023442312,0.0374009508716322,0.019607843137254832,-0.006465517241379226,0.16267942583732076,0.008497316636851604,0.03926096997690531,-0.005991285403050162,0.013806706114398493,0.0,0.0004352030947776253
39,2003-09-28,0.1089757271839773,0.15325946739420535,0.15963846505681034,0.4474313893160213,0.020828591507410454,0.4026592393256507,1.0088970958536176,1.0088970958536176,1.0,1.0185185185185186,2.0539711490631736,-0.2122452460134732,-2.2790025298156853,-1.0889071447941423,0.5961600171141299,0.057953873447664124,0.0782157042468683,0.0328525641025641,0.02386117136659416,0.06447187928669408,0.030155210643015407,0.04222222222222238,-0.07945205479452044,0.03891050583657596,0.0,-0.20324810285659045
40,2003-12-31,-0.020569586079421387,-0.0907075414841898,-0.05196018410139003,-0.22402179801862687,0.04147286190902433,-0.009877256366187305,0.009289434834684362,0.009289434834684362,-0.00909090909090915,-0.009174311926605559,-14.687786736162009,1.5197824204373245,-4.840044268625789,6.620705122454472,2.846305913888424,0.0575740637227502,0.052139416265231116,0.02482544608223436,0.04661016949152552,0.03350515463917514,-0.0068876452862677295,0.042643923240937916,0.06339285714285703,0.027153558052434468,-0.008264462809917328,0.17180296044649346
41,2004-04-04,0.01630770347295485,0.04672362003554365,0.008002001151704574,0.01451323808060634,0.0312509278315074,-0.14090760692131898,-0.2607390746388111,-0.2607390746388111,-0.2477064220183487,-0.2407407407407408,-0.5294962288062481,-0.2962270838032026,-0.8432416190925871,0.4194448368413617,1.0504037702647375,0.07267441860465107,0.0,-0.002271006813020393,0.03036437246963541,0.02493765586034935,0.02297355873428697,0.04089979550102263,0.014553596417576253,0.006381039197812077,-0.008333333333333305,0.03178711948643609
42,2004-07-04,-0.009100339662885927,-0.007614568910202291,-0.012301925811037841,0.07581371400880355,-0.003470057119564718,-0.11785835203027573,0.3739722064080189,0.3739722064080189,-0.29268292682926833,-0.3170731707317073,-1.3864759142794516,-0.2462268613896138,0.4633273353152872,-2.7905024921420813,-0.9172586373910236,0.07218526730721853,0.13708591435496895,0.13732928679817902,0.003929273084479545,0.04014598540145986,0.04491525423728815,0.037328094302554016,0.005793103448275882,0.1494565217391306,-0.008403361344537784,-0.07757150025087811
43,2004-10-03,0.04958494429752625,0.14867268833890154,0.2415079130364233,0.8178391507877298,-0.2849379183035133,0.4037426931994164,0.12914269411820656,0.12914269411820656,0.1724137931034484,0.1785714285714286,-3.3762297406365205,-0.17485929465117225,0.4595078658593634,-1.3145666683650077,3.4872400513478823,0.09099264705882336,0.10350544765513958,0.03202134756504327,-0.2524461839530333,0.08654970760233892,-0.06326034063260333,0.04166666666666652,-0.31870543060888634,0.026792750197005333,0.008474576271186418,-0.36809181897302
44,2004-12-31,0.002854182891117274,-0.12423065471561445,-0.048480191580815735,0.1059237526564396,0.1582047593377629,0.010725320205211995,0.024406090393372937,0.024406090393372937,0.0588235294117645,0.0,0.9921924844056236,4.080476973280663,1.37664383310744,-1.479312071148806,-0.3724953941571594,0.08171861836562777,0.08757244043786239,0.029734970911441394,0.15968586387434547,0.4477933261571583,0.024675324675324628,0.040000000000000036,0.15458937198067635,0.02379125095932455,0.0,-0.2081432383575793
45,2005-04-03,-0.012839131530460237,-0.0527518920605764,0.02578179319400253,0.04338243417132026,-0.10885870034205393,-0.1116349609570626,-0.3057503259222719,-0.3057503259222719,-0.3194444444444444,-0.287878787878788,-0.5996180013962071,-0.84430975780552,-0.31289303329223184,0.1297923322683705,-0.6706603205864654,0.14758566978193133,0.10104598381685403,0.011927181418706969,-0.1038374717832956,-0.011152416356877248,0.08745247148288947,0.03846153846153855,-0.09728033472803344,-0.006746626686656597,0.025210084033613574,-0.09207522556799652
46,2005-07-03,0.07548041039550535,0.1908094619508689,0.08124973902576338,0.15703074611619172,0.058969509293082874,-0.122483385327242,-0.1764491926138334,-0.1764491926138334,-0.16326530612244905,-0.17021276595744672,-1.794054517519378,1.1213784974253986,-2.194669074350318,-1.1808739157625692,0.3683277962347731,0.0755005089921954,-0.017386628428033624,-0.10856079404466512,0.05793450881612095,0.200751879699248,0.047785547785547784,0.03703703703703698,-0.015063731170336103,-0.10113207547169822,-0.008196721311475419,0.02909482758620685
47,2005-10-02,0.11873554126724173,0.20424521511729046,0.1833503785911561,0.12826390401521892,-0.0700724246448079,0.3842320326734767,0.2271340680559977,0.2271340680559977,0.2195121951219512,0.23076923076923064,-0.8349155735922893,0.3920952199915191,-0.3842680173308111,0.9822609741431148,0.5335869213337651,-0.05616027764631648,-0.08810653046333461,-0.12595685455810726,-0.05714285714285716,-0.10770194113963684,0.01742677048572494,0.0405844155844155,-0.1690196078431373,-0.1066330814441646,-0.02479338842975209,0.06736474694589867
48,2005-12-31,-0.04771305168915785,-0.12281324340696664,-0.07887163068889946,-0.1328300145249629,0.06814598931096638,-0.011231216745600237,0.32401757689893285,0.32401757689893285,0.3400000000000001,0.29166666666666674,-20.699429323968392,-0.5500714255703543,-3.871334908896852,1.2209161231609285,0.7727320702939469,-0.05799766003677088,-0.007201440288057581,-0.05254777070063688,0.07828282828282829,-0.00140350877192974,0.02696793002915454,0.03744149765990645,0.12175554506842845,-0.04135338345864658,-0.008474576271186418,0.011554392849356887
49,2006-04-02,-0.0159953958292397,-0.03534643064999221,0.0062883304420064965,0.143420959898513,-0.08744990578566136,-0.1627240694433254,-0.23528482112942276,-0.23528482112942276,-0.22388059701492533,-0.19354838709677413,-0.6301083223956163,-0.10685187346795844,-0.5991455873489577,-1.7936827727505549,-0.34596549722400016,-0.05908445706174593,0.015514809590973178,-0.02268907563025202,-0.0796252927400467,-0.1271960646521434,-0.03974449964513849,0.03609022556390973,-0.07236011779554052,0.003921568627451189,-0.02564102564102566,-0.15635775862068954
50,2006-07-02,0.02028329609239909,0.06320913460654133,0.05059262480996285,0.09353283009825077,-0.08688932938248495,-0.07120950484140942,-0.1862310693737187,-0.1862310693737187,-0.17307692307692313,-0.18000000000000005,-0.991800710886198,0.28284280411939977,-1.1805795661533367,-0.119950092500968,-0.4655211652253073,-0.002074297567414618,0.04940476190476195,-0.014617368873602762,-0.07633587786259544,0.08454106280193252,-0.01736881005173685,0.03628447024673442,-0.10521541950113378,-0.0107421875,-0.008771929824561429,-0.027717460722953224
51,2006-10-01,0.05732539318130159,0.17674002750079754,0.0773389333164618,-0.12723234745340395,-0.0240967253981742,0.3434134898252679,0.8657557903291344,0.8657557903291344,0.8837209302325584,0.878048780487805,42.35194709772226,-0.13201165467919074,-0.7158053038917214,-2.180640430212662,1.0283159463487332,0.018329554043839732,0.16808470410285506,0.12652705061082026,-0.01377410468319551,0.10244988864142536,0.008273787138021849,0.037815126050420256,-0.07704004054738968,0.11944718657453103,0.008849557522123908,0.34826589595375723
52,2006-12-31,-0.08814570666451438,-0.16621217832722812,-0.06838059039302058,-0.12268772241563294,-0.17691513743513032,-0.047607794470061034,-0.15069283750306262,-0.15069283750306262,-0.14814814814814825,-0.18181818181818188,7.420731500627098,1.0088028169014085,-47.6906298399587,1.0499378881987576,1.039277841922956,-0.048431991092967135,0.09808999676270624,0.003872966692486379,-0.17318435754189945,-0.03569023569023566,-0.16822081312942927,0.03643724696356277,-0.09719934102141692,-0.002645502645502562,0.008771929824561429,-0.049595634804638015
53,2007-04-01,-0.036808083577767325,-0.09702767362668674,-0.025994907519612087,-0.06085977800373987,-0.09177624984819066,-0.14335393150748033,-0.4007680077954714,-0.4007680077954714,-0.3913043478260869,-0.365079365079365,-0.3890991063521455,-0.5120771253286591,-0.17507511907098372,-1.7404759019108795,-0.377368979112836,0.034126365054602203,0.049970518867924696,-0.03703703703703698,-0.08108108108108103,0.25139664804469275,0.02959641255605372,0.03515625,-0.057177615571776134,-0.053050397877984164,0.01739130434782621,-0.038445765839655636
54,2007-07-01,0.06560140720528462,0.11356810610469092,0.08739352308270631,0.18378683677685334,-0.07958743420745251,-0.08775666480792366,-0.9619783252917956,-0.9619783252917956,-0.9523809523809524,-0.975,-1.0329961781760677,1.835632514250132,-1.3577225692303567,-0.4091057886409515,-0.35813369045847604,0.004714312653215202,-0.0936403200898499,-0.1762820512820512,-0.07720588235294135,0.0931919642857142,0.05008710801393712,0.03396226415094339,-0.1361290322580646,-0.17833800186741364,0.0,-0.059387994455698874
55,2007-09-30,0.044136532406457096,0.16352304929715775,0.059894981923095614,0.13903756221537789,-0.05592848603450717,0.3303999558900141,16.665728756330896,16.665728756330896,13.000000000000002,26.0,-3.1746380429355967,-0.4543281615554186,-0.573042443772072,-1.1270024467937771,0.0708618824377929,-0.10548048048048053,-0.18974597273853774,-0.27237354085603105,-0.05179282868525892,-0.030627871362940318,0.0920779759435919,0.03649635036496335,-0.09559372666168776,-0.275,0.0,0.021537066424847096
56,2007-12-31,-0.046787206236139516,-0.13997823682076727,-0.07086024824971847,-0.12053863931962715,0.09932900589414273,-0.040906229434164006,-0.13444508154943935,-0.13444508154943935,-0.14285714285714302,-0.11111111111111116,20.284356490196977,0.23195628956614603,-7.501546764957546,30.852053798618684,2.107738195463402,-0.10176248426353328,-0.2953546167080865,-0.3248663101604278,0.09663865546218496,-0.05265929436545547,0.24116976832510464,0.03521126760563398,0.152766308835673,-0.32131661442006265,0.0,-0.022081668885929884
57,2008-03-30,-0.04240433442670355,-0.11494040968081574,-0.05290384433351092,-0.25808484219499994,-0.0029194396564810048,-0.13550664495143128,0.16381134644756454,0.16381134644756454,0.2083333333333333,0.16666666666666674,-0.4433677343642137,-0.6921337303531718,-0.2918564862621231,-0.7297917261055635,0.1832613507949039,-0.1473954683485168,-0.13022246337493215,-0.14455445544554454,-0.0038314176245209937,-0.22290161200667025,0.2138922888616892,0.03287981859410416,0.04154727793696278,-0.14318706697459582,-0.008547008547008517,0.1928968569159195
58,2008-06-29,0.00287065433953182,0.013000127514349423,-0.0009228148562993034,0.003426339936219325,0.027794739771072274,-0.04731794591594552,-0.3443434263578149,-0.3443434263578149,-0.3448275862068965,-0.3571428571428572,-0.7595454756848095,0.7632631407117205,-0.3982044060672776,-5.538074925032731,-0.7028487326246934,0.0030136986301370072,0.18746101060511533,0.2199074074074072,0.030769230769230882,0.007153075822603715,0.15351651121754473,0.032930845225027434,0.02475928473177436,0.19407008086253372,0.02586206896551735,0.009512032721392671
59,2008-09-28,0.08647061361828734,0.2905653325952666,0.1022322006670704,0.297390683799337,0.010304086580001036,0.347529529045979,2.0033038319627656,2.0033038319627656,1.947368421052632,2.0000000000000004,-2.152101734253111,0.4874210197421714,-2.7892307083184855,-1.8395223736132824,1.9857133422854252,0.046435400163889806,0.23877068557919626,0.2789373814041747,0.0074626865671640905,0.014914772727272709,-0.13701923076923073,0.03188097768331577,-0.07046979865771796,0.255079006772009,0.016806722689075567,-0.0052765476302646394
60,2008-12-31,-0.17977699492641008,-0.18520526700006967,-0.13083945227227622,-0.18758010914030895,-0.4816626593949346,-0.07534124726690028,-0.3403218294817646,-0.3403218294817646,-0.3392857142857143,-0.6111111111111112,-4.790797554594928,0.0304822070424946,-2.3421950582643296,-2.0922786985200377,-0.7264436121269318,-0.05168363351605332,0.23960983884648,0.1394658753709197,-0.4814814814814815,-0.05808257522743165,-0.2580400101291467,0.030895983522142068,-0.3682310469314081,0.09172661870503608,0.04958677685950419,0.002936440276593677
61,2009-04-05,-0.03526407405909504,-0.10273654313001647,-0.050185781370109095,-0.13136862193082732,0.09712789795065356,-0.10262164399076512,-0.07620960379769948,-0.07620960379769948,-0.08108108108108103,0.5714285714285716,0.022902904380558642,-0.2061879020324344,-0.37095620117847616,-1.3433811365181825,0.9118669649354499,-0.05725295898706295,0.17396510434485113,0.078125,0.10000000000000007,0.8172362555720654,-0.03378839590443694,0.029970029970030062,0.13828571428571435,0.02471169686985175,0.04724409448818912,0.03296184359652421
62,2009-07-05,-0.003742146113095978,-0.02307481955965096,-0.026822431044838838,-0.09190861252952387,0.1966485727789633,-0.05246470355516975,-0.06055814688908213,-0.06055814688908213,-0.058823529411764726,-0.06060606060606066,-0.3902610615637717,-0.3645926461357022,-0.06815989767890462,-2.2463571069665718,-0.5944513364159243,0.044379562043795666,0.2140463354218272,0.13526570048309172,0.1948051948051948,-0.0502861815208504,0.002825856587778341,0.029097963142579838,0.20080321285140568,0.07877813504823172,0.05263157894736836,0.07579775075432038
63,2009-10-04,0.08006046793087117,0.2406541897526897,0.03272071198540827,0.10618410901262454,0.42923141738239545,0.2671956474778065,1.2724760862857305,1.2724760862857305,1.28125,1.2903225806451608,0.12048164255495394,-0.06541132798467253,-0.6193768317310667,-3.145821476000759,3.1453350945494987,0.09085826111266426,0.11701872299567916,0.15638297872340434,0.42391304347826103,-0.08695652173913038,-0.011271574498062709,0.027332704995287616,0.3227424749163881,0.10730253353204168,0.042857142857142934,0.12162162162162173
64,2009-12-31,-0.025993431938187816,-0.05278343156914533,-0.07044862370399196,-0.17837753952120716,0.2066575108446247,-0.05173577842193144,-0.21752467242305107,-0.21752467242305107,-0.21917808219178087,-0.23943661971830976,1.2717844186157037,0.06127678657227964,2.8827276354876368,0.4847985854008952,1.126613166964353,-0.017683239364428616,-0.10099924787794133,0.11039558417663288,0.20610687022900764,-0.3102310231023102,-0.12468827930174566,0.02752293577981635,0.23893805309734506,0.10767160161507383,0.006849315068493178,0.15283776615897549
65,2010-04-04,0.0064369525046183975,0.019920111676196672,-0.0017394633806934179,-0.009150827780388893,0.04408023218531509,0.0003602551203123472,0.16260579433502387,0.16260579433502387,0.1578947368421053,0.18518518518518512,-0.5788340798835894,0.06775926596643722,-0.6360037607006779,-0.6264960700250091,0.1978707044419472,0.03495956170101766,-0.024620533046492143,0.14913007456503724,0.047468354430379785,-0.1421736158578264,-0.14570614570614582,0.02857142857142869,0.037755102040816224,0.12758201701093566,0.013605442176870763,0.029315104509004764
66,2010-07-04,-0.021277821021351676,0.0013842573982754125,-0.007608204777115324,-0.029132379099961806,-0.07291645894735166,-0.12402022100475694,-0.6830060925139423,-0.6830060925139423,-0.6818181818181819,-0.6875,-0.5382535074453876,0.09455295813664244,0.04212155435646458,-2.0903728502819794,-0.18011363262296487,0.1961179732795564,-0.1445901237593432,-0.056957462148521924,-0.0725075528700907,0.1426294820717131,0.027632205812291755,0.0277777777777779,-0.05309734513274333,-0.059267241379310276,0.0067114093959732566,0.031481481481481666
67,2010-10-03,0.07374501621138417,0.17655556089521607,0.04728024561166544,0.4498595334066202,0.18552758371476766,0.2545104691536617,2.8561094107826985,2.8561094107826985,2.8571428571428577,2.9,0.4743969783175157,0.22697691234956865,-0.1976097776350646,-0.9246472695372469,-0.01655357931505197,0.021917808219177992,-0.04197106431743314,0.02981651376146788,0.1824104234527688,0.10111576011157596,0.07556791840519228,0.027027027027026973,0.10436137071651096,0.025200458190148826,0.0,-0.18850987432675048
68,2010-12-31,0.09925254885394508,0.20447053481113772,0.10288504718575298,0.0226401278649544,0.09140259014525576,-0.041565106666278884,-0.2478561794759365,-0.2478561794759365,-0.2469135802469137,-0.2435897435897436,3.1606796864232964,0.6349056008082339,-3.5530182709503144,-156.15280135823429,2.6115649507852723,0.004330789853578043,-0.04081937799043056,-0.022271714922048824,0.09366391184573007,-0.15009499683343885,-0.028017241379310283,0.02631578947368429,-0.007052186177715082,0.004469273743016755,-0.020000000000000014,0.17775404333231615
69,2011-04-03,-0.008794607291072731,-0.02528205176796328,-0.002686551142968563,-0.006092335883034594,-0.02981106397315358,0.054905250777409716,0.1815471578372554,0.1815471578372554,0.18032786885245897,0.18644067796610164,-0.6894572350474646,0.12236726916937025,-2.002086731619862,-1.2069361179937317,-0.14963793263263558,0.03983572895277199,-0.013250194855806585,-0.009111617312072995,-0.02267002518891692,-0.049180327868852514,0.015964523281596366,0.02804487179487181,-0.021306818181818232,-0.0022246941045604984,-0.006802721088435382,-0.01930301852571581
70,2011-07-03,0.018322351838362397,0.01921442645026583,-0.01777178623708764,-0.0535419371430873,0.1563175035440254,-0.15282475708386845,-0.1879649002279612,-0.1879649002279612,-0.1805555555555556,-0.19999999999999984,-0.2011820953958514,0.1279866025854257,-1.0442678163785055,-1.2872952801111983,0.050555255720715835,0.10545023696682464,0.058451816745655576,0.11111111111111094,0.1469072164948455,0.1308777429467085,0.07638585770405926,0.02650038971161339,0.13546202225447512,0.14046822742474907,-0.0273972602739726,0.07688243064729194
71,2011-10-02,-0.04225769479494879,-0.08938464195141149,-0.0279241972673282,-0.033054158042188135,-0.08356351135083873,0.22569011848282214,2.7442912189756883,2.7442912189756883,2.728813559322034,2.7857142857142856,-1.231419953814977,-0.33326554062986197,-45.49304328621909,-14.093476374536564,-0.6300897004543862,0.02518756698821023,0.465373134328358,0.4848275862068967,-0.07415730337078652,-0.10602910602910598,-0.11516626115166262,0.026575550493545874,-0.043033659991478464,0.487781036168133,-0.007042253521126751,-0.0582679097154073
72,2011-12-31,0.0681981820145039,0.12819243501294084,0.11452820665092478,-0.006476913089001668,-0.08478212126699958,-0.03515717109876626,-1.3040102376809928,-1.3040102376809928,-1.3,-1.3113207547169812,-11.984556901876928,0.24941280541744204,-1.3961690521158814,-1.8059856453757144,1.372882167620468,0.02439449381425329,-0.30067223467101245,-0.3163028332559219,-0.0873786407766991,0.10620155038759682,-0.3212648945921173,0.0251479289940828,-0.1433659839715049,-0.32063074901445465,0.007092198581560183,0.13559984368894096
73,2012-04-01,0.042440968777700094,-0.01666847458024645,0.04924720677848682,0.1278217716342569,0.013318853928402373,0.1052353164512536,-2.3422274173823148,-2.3422274173823148,-2.378787878787879,-2.3181818181818183,-0.14780711782917955,2.229812375639351,-1.8617911644573637,-1.3148073861272165,-0.1821386044982889,0.032828712366048673,0.06554034372269157,0.039402173913043466,0.023936170212766058,0.13174491941135247,0.5070898041863605,0.02741702741702756,-0.02754677754677759,0.03288201160541582,0.007042253521126751,-0.1281257169075476
74,2012-07-01,0.014896323631246045,0.040313151415318105,-0.035505608175205094,0.09303683537428742,0.2371148280311044,-0.18337659578398946,-0.31696794881475554,-0.31696794881475554,-0.31868131868131866,-0.32183908045977017,-0.8609292173370752,-0.7278585547824312,-1.4077388308157541,-1.177629860621938,0.03955835928783325,0.08563899868247704,-0.005604155276107137,-0.0117647058823529,0.22077922077922074,0.06006191950464412,0.02195340501792109,0.026685393258427004,0.218599679315874,-0.0056179775280899005,-0.006993006993006978,-0.04821733982370735
75,2012-09-30,0.014955102558455781,0.02024386061532124,0.044338066907295685,0.07324398813522315,-0.07804462350386676,0.23490855770889474,0.30239893871835494,0.30239893871835494,0.2903225806451615,0.30508474576271194,6.606345812910629,-0.08539803344258656,-7.229894278939581,-6.5049235841910615,-0.2094790956658562,0.08662014563106779,-0.4684536082474228,-0.4788359788359789,-0.06382978723404252,-0.10981308411214953,0.07540552389302957,0.0259917920656636,-0.09166666666666667,-0.4708097928436912,-0.014084507042253502,-0.04941599281221931
76,2012-12-31,0.003600207860978033,-0.010519884548129577,-0.009183547992151486,-0.052702140565657474,0.05654656962156901,0.0024766575313919237,-0.15186513954593814,-0.15186513954593814,-0.15000000000000002,-0.1428571428571428,0.6758240816592345,0.0770176903803812,-0.5536986215126445,-3.1209499218920733,0.5620277327956931,0.0016752757224627324,0.7339022498060512,0.7880710659898478,0.05227272727272725,0.07020997375328064,0.8630248675091725,0.028000000000000025,0.05263157894736836,0.7704626334519573,0.014285714285714237,0.0445688526973973
77,2013-03-31,0.019094442524762775,0.03148165234198497,0.0071766475127519325,0.014245705623644687,0.06142759722941625,0.043626198219909984,0.614008633631129,0.614008633631129,0.4705882352941175,0.5,-0.40035179579481306,0.31531010757539435,0.27000564261714843,-0.9930391509595972,0.0025045587362964032,0.1222299651567944,0.004325130499627239,0.051809794180269764,0.06263498920086398,0.06621704475781742,-0.3903719912472649,0.024643320363164856,0.04174311926605512,0.05025125628140703,0.0,0.0169833646551123
78,2013-06-30,-0.030700239184584862,-0.08308819043486282,-0.04230436858067877,-0.2733530062658044,0.010348644262172968,-0.17451431685879482,-0.3406364455614991,-0.3406364455614991,-0.27,-0.2929292929292929,-0.8080837710621461,-0.2904889003226463,-0.2335293969151541,-89.67105263157896,-0.22152703206153712,0.09600099354197722,0.02227502227502232,0.03238866396761142,0.012195121951219523,0.03162737205290411,0.05240488155061018,0.026582278481012574,0.042272126816380366,0.019138755980861344,0.014084507042253502,0.2617890630346997
79,2013-09-29,0.08112874366492727,0.18850840492734197,0.042572586647631416,0.16284912645751826,0.2042925935986155,0.2289484883799553,0.4606843715518105,0.4606843715518105,0.4657534246575343,0.4714285714285715,3.874489034230264,0.05284706380021453,-0.5282884639453004,-1.8221298906860564,0.23395031318178616,0.05869688385269134,-0.006682161533991926,0.058169934640522884,0.20281124497991956,0.04570791527313278,0.02148703956343789,0.0295930949445129,0.11406844106463887,0.06103286384976525,-0.006944444444444421,0.022076372315035897
80,2013-12-31,0.05505582109521634,0.046992584061752,0.0037807081932872406,0.11679706337724305,0.1985684401090697,0.055217526859796084,-0.20134343412666056,-0.20134343412666056,-0.10280373831775713,-0.13592233009708746,1.0589022416031035,0.7565038958802681,-0.6494672606163858,2.137446603694122,0.5948429265621791,0.027186128652467056,-0.06917227259432579,0.014823965410747375,0.19699499165275447,-0.1460554371002133,-0.05208681135225368,0.031137724550898138,0.13576033371255214,0.015929203539823078,0.0,-0.06251658440800299
81,2014-03-30,0.013319301881777434,0.023173405742855646,0.004903732149901696,0.025868203763861564,0.0003956795531501189,-0.04316415105817095,0.3569528415961305,0.3569528415961305,0.15625000000000022,0.1910112359550562,-0.6391708031472079,-0.4360218611376614,8.845151780734604,-1.2694568291864423,-0.10050173981768573,0.06085234969261232,-0.07745483110761964,-0.01582471089470472,0.00557880055788007,-0.11360799001248445,-0.006692497358224747,0.028455284552845624,-0.012687813021702743,0.006968641114982521,-0.020979020979021046,-0.0026040192470987433
82,2014-06-29,-0.04492243839666843,-0.1112643979859912,-0.04877249564669029,-0.12660918207339156,-0.0374980768859442,-0.15678008433534762,-0.3339749301966376,-0.3339749301966376,-0.29729729729729737,-0.2924528301886793,-1.1561909529488557,1.4156382177414684,-0.009019434879194654,2.9452638508344307,-0.4408078354351871,-0.017188881249386112,-0.061478201634877376,-0.012987012987013102,-0.03328710124826628,-0.02253521126760549,-0.035815602836879346,0.02710333145115751,0.007778153533987142,0.0008650519031141446,-0.014285714285714348,0.01759464214768136
83,2014-09-28,0.14109708274051402,0.11971081554631713,0.2047539864707868,0.7376980179380372,-0.0008496913478382995,0.24280292710742235,0.3304612054612055,0.3304612054612055,0.3717948717948718,0.3733333333333333,-7.771437549096622,1.737758296055551,-1.6351509162773985,-0.8071838464920686,-0.15199581941731355,-0.07515490705576655,-0.043186354563600086,-0.04887218045112785,0.0028694404591105287,-0.043227665706051965,-0.08753218094887838,0.029686641011544838,-0.12416107382550325,-0.025929127052722545,-0.021739130434782483,-0.35562496514027553
84,2014-12-31,-0.048514227794460685,-0.1127411185150906,-0.046117697408471714,-0.11703757699390438,-0.05757425415524042,0.024698992341879892,-0.0948999065884214,-0.0948999065884214,-0.1121495327102805,-0.09708737864077666,1.0918139590999578,-0.6272031364646874,-3.46103207308214,0.19553752061090132,-0.21428751089945675,0.06840285282040193,0.04475630570832534,0.007246376811594234,-0.05722460658082984,0.06475903614457845,0.06852075775896838,0.028830752802989856,-0.009578544061302652,0.012422360248447228,-0.007407407407407419,0.004847225828789048
85,2015-04-05,0.022727708740857944,-0.061835822748700815,0.07371314646813887,0.12372245559236772,-0.12988931055858788,-0.03593334815900484,0.2085300333813973,0.2085300333813973,0.2,0.18279569892473124,-0.4312137856375946,0.4633150417729104,-0.8001624801471203,-0.32347359978089485,-0.184509168903093,0.05846060483463145,0.048647667453258325,-0.023544800523217942,-0.12291350531107735,0.12305516265912295,0.047152018106374934,0.027503892060197318,-0.1493230174081238,-0.01752848378615235,-0.0074626865671642015,-0.16513050219657166
86,2015-07-05,-0.05351872057514229,-0.04774538577173082,-0.04574812381570048,-0.07211431040903303,-0.09146923736143088,-0.18524873567963676,-1.4083608118102289,-1.4083608118102289,-1.4122807017543861,-1.4272727272727272,-0.12424240060529945,-0.6445747094132054,0.8176625142155005,-0.9561766236770576,-0.009915273643233302,-0.09412326803631156,-0.2698632508222261,-0.3275284661754855,-0.09342560553633217,0.03274559193954652,-0.10374639769452454,0.027272727272727337,-0.04001819008640295,-0.3193577163247101,-0.007518796992481258,0.026207181180355036
87,2015-10-04,0.03326831004912534,0.10056703863165506,0.11456302471917999,0.1075023584531718,-0.2274670313381595,0.2419229490285497,-2.5486236879759057,-2.5486236879759057,-2.5531914893617023,-2.48936170212766,-0.5238570270679505,-1.069755094663594,-0.4833840334261037,-14.610689541405478,0.1363052147796695,-0.05358649789029535,0.00023707918444748619,-0.10956175298804792,-0.21755725190839706,0.043902439024390505,0.3922829581993571,0.02851524090462143,-0.2524869729985789,-0.1205766710353866,0.007575757575757569,-0.006233661773577426
88,2015-12-31,-0.05083791838198992,-0.16327664948196965,-0.08449675231288245,-0.007752631595429715,0.1230952056744612,-0.026294141257122816,0.378707897474333,0.378707897474333,0.3698630136986301,0.3857142857142857,4.860600845523589,-24.617975708502026,5.511560894803513,-0.6853638435060843,0.0076065749186566825,0.006687472135532779,0.13012562218535195,0.034675615212528044,0.12439024390243912,0.2867990654205608,0.1535796766743649,0.027724665391969383,0.1831432192648923,0.03427719821162434,0.0,-0.15671792796438674
89,2016-04-03,-0.007209641695907766,-0.04093913333239574,0.03015609592849189,0.053681119900158336,-0.16689228524735045,-0.042116631800806825,0.07708169309788926,0.07708169309788926,0.09000000000000008,0.09278350515463928,-0.589661214953271,-0.6628040125890524,-0.4201543062737964,-5.6664869029275815,-0.1747934516303109,-0.02446855624446409,0.08011744966442946,-0.008648648648648559,-0.15401301518438182,-0.13254652746255113,-0.041291291291291284,0.026976744186046453,-0.16068559185859665,-0.014409221902017322,0.007518796992481258,-0.08986202759448103
90,2016-07-03,0.04929360855208609,0.01956153640495506,0.08273739423610649,0.14312281020055018,-0.12446974462347805,-0.1045164839250836,-0.3649448292665948,-0.3649448292665948,-0.35779816513761475,-0.3584905660377359,-0.6500281974991735,6.227199707180186,-1.8503106162552767,-0.4094038401215103,-0.12509879073150598,0.16740438088752696,0.6766990291262136,0.4852780806979278,-0.12564102564102564,0.3799058084772371,0.18794048551292075,0.02672101449275388,-0.16528398213146145,0.4824561403508771,0.0,-0.1080938571051938
91,2016-10-02,0.049938894101789984,0.17864471046952346,0.02308040752615992,-0.2449650863240358,0.23009135242805145,0.22335560683433964,0.5580243361012909,0.5580243361012909,0.5571428571428574,0.5588235294117647,-0.161608303790716,-0.7710459973214185,-0.6081974036785556,-3.3243228132949434,0.3323460639127045,0.01409683064359335,0.09554140127388533,0.08663729809104259,0.2375366568914954,0.16003033750474027,-0.3278400351571084,0.026907807675341733,0.17125382262996935,0.09171597633136086,0.0,0.5611882944132427
92,2016-12-31,-0.054928539694286786,-0.14725956188098946,-0.042153910976209914,-0.05334166239058813,-0.12238495943357774,-0.016576372604512057,-0.4861413437817443,-0.4861413437817443,-0.4770642201834864,-0.490566037735849,6.435426359671798,0.34555688004620694,-6.358443168110843,-1.4373646990907778,-0.10909810909810913,-0.04582494487585087,-0.0604651162790697,-0.12499999999999988,-0.12322274881516583,-0.2288329519450801,-0.13697286694998367,0.026632302405498187,-0.07114882506527409,-0.12556458897922318,0.0,-0.09921423837924837
93,2017-04-02,-0.03293574083966333,0.0314199093119798,-0.042522685337579184,-0.1039706343682425,0.05627239596058309,-0.045966895470814784,0.0700966171172328,-0.2146885403027736,0.05263157894736836,0.07407407407407396,-0.5820164867293238,-0.6284294742994923,-0.4694932931299759,0.7031292965957212,-0.20856189408250747,0.062493720486285424,-0.19149414941494147,-0.14671814671814676,0.054054054054053946,0.211530309453158,0.19924242424242425,0.025941422594142338,0.09205903021784967,-0.1973140495867768,0.0,0.15102469784550698
94,2017-07-02,0.007083540403771016,0.020101811180231573,0.002960685196040425,0.018287269341528575,0.030391119870662783,-0.11527878711140947,0.627435142829724,1.2176078286075454,0.6333333333333333,0.6379310344827587,-0.5680664670607604,0.6112722446170484,-0.7731728396022953,-0.6614408421596487,-0.0892180180486829,0.05200945626477549,0.0573337044252713,0.10226244343891412,0.03333333333333344,-0.0017494751574527179,0.2286797220467467,0.02528548123980423,0.02316602316602312,0.09523809523809512,0.0149253731343284,0.0018261504747991708
95,2017-10-01,0.05115935607189881,0.15847261537753288,0.06790206121794684,0.3417881362985413,-0.03745447530413126,0.2225688533491763,0.34300568547574706,-0.014845135896138116,0.34693877551020424,0.34736842105263177,1.8652045975195517,0.2341921803731333,1.5843373493975903,-3.908770089179265,0.2849361399968233,-0.03613483146067409,-0.021058173203474584,0.07799671592775037,-0.02977667493796532,-0.06729758149316513,-0.11928020565552698,0.026252983293556083,-0.08427672955974841,-0.04582843713278495,0.014705882352941124,-0.136620488516223
96,2017-12-31,-0.017991585855622768,-0.09598031839902743,-0.040348792619372416,-0.11170396163701468,0.1118320842493956,-0.04598103113390695,-0.3372447430141637,-0.09650339185953716,0.015151515151515138,-0.359375,1.149177192287147,0.7492367591619802,1.5106356131997156,0.723497393186215,0.3821876272468152,0.018091951879138257,0.06305458456574331,0.08758568164508773,0.11253196930946284,0.04922961292747097,-0.048744892002334894,0.0255813953488373,0.13186813186813184,0.10960591133004938,-0.007246376811594012,0.017734614166578618
97,2018-04-01,0.320338453859625,0.13416487254671794,0.3723327681575783,0.7844595560987662,0.062042655281437036,0.016664466941219924,0.9334025274245996,0.4139996577100804,0.2761194029850744,1.0121951219512195,-0.4354586797003284,5.937147581294781,-2.9201346915346957,-0.08435832310721725,0.2531833688867613,-0.038930109004305165,0.1933729606677628,0.18067226890756305,0.06896551724137945,-0.13610315186246424,-0.11322491561828794,0.024565381708238743,-0.1953883495145632,0.2275249722530521,-0.07299270072992703,-0.3644850119282231
98,2018-07-01,0.009935498018628142,0.04166886882866128,-0.00020604927241907325,-0.3214809741285066,0.08004707199051975,-0.11173863148270324,-0.3522185703720414,-0.11426976206651518,-0.3508771929824561,-0.3454545454545453,-0.2875443465120705,-0.9159457667309392,-1.2379732885157149,-1.0943535400758402,-0.019062451462322216,-0.09378574151734652,-0.02543450614667231,-0.056939501779359476,0.07956989247311808,-0.1521558872305142,-0.29999999999999993,0.024345260051641397,0.0693815987933637,0.015370705244122984,-0.06299212598425208,0.5353354006854905
99,2018-09-30,0.05813612925153255,0.1813623496631227,0.03864511791222602,0.09727287226405257,0.17615987138361655,0.18724320127425265,0.16247382689383086,0.16247382689383086,0.16216216216216206,0.15740740740740744,0.15610086713844318,-2.1153645738660463,-0.8602398897803711,-40.246311385157455,0.7626692514421678,0.03744215397559958,-0.032731622444541086,-0.0861635220125786,0.1733067729083666,-0.039119804400978064,0.00939199209095398,0.025927259632697156,0.11142454160789828,0.06678539626001777,-0.07563025210084018,0.07664505155735091
100,2018-12-31,-0.0169941026179945,-0.1985883553814075,-0.04420322891574313,-0.12333507078735663,0.13265749022999396,-0.04409083892857879,0.2771118602420055,0.2771118602420055,0.6589147286821706,0.264,1.4385627924780762,-6.765419758585848,16.1025970260531,-1.6615203333006017,-0.28622568697976536,0.06163828061638287,0.046543001686340624,0.07088781830695101,0.1392190152801358,-0.09516539440203553,0.06856023506366292,0.02527202527202532,0.1522842639593911,0.16110183639399,-0.06363636363636371,-0.0859004739336493
101,2019-03-31,0.020038374559588238,-0.00993756199253204,0.02196115032448853,-0.00842689428363752,0.011450460813843488,0.014379984526400102,-0.09630007927765294,-0.09630007927765294,-0.30373831775700944,-0.08227848101265832,-0.5333827347652207,-0.7896505262364436,-0.17379900607399226,-0.4824482906327268,-0.20753982156401896,0.03008021390374327,-0.046191857342356764,-0.05526992287917731,0.010432190760059743,-0.095613048368954,-0.11090742438130163,0.024649092776446446,-0.008259911894273109,0.038102084831056704,-0.009708737864077666,-0.0015122056599696787
102,2019-06-30,-0.00812179536781743,-0.055649504336855234,-0.0504408133271661,-0.004485892456169927,0.18405046308960604,-0.12361640634608285,0.027868496967387024,0.027868496967387024,0.033557046979865834,0.020689655172413838,0.05881925081828099,-0.15104413964863872,0.048190652068768484,-0.18053313448001773,-0.21461268550213,0.1698340595160841,-0.04155873409167698,0.0625850340136056,0.1784660766961652,0.15733830845771155,0.21340206185567026,0.024056130972268663,0.19322598556357584,0.07409972299168976,-0.009803921568627416,-0.05138468195586321
