,Quarter end,Assets,Current Assets,Liabilities,Current Liabilities,Shareholders equity,Revenue,Earnings,Earnings available for common stockholders,EPS basic,EPS diluted,Cash from operating activities,Cash from investing activities,Cash from financing activities,Cash change during period,Cash at end of period,Price,ROE,ROA,Book value of equity per share,P/B ratio,P/E ratio,Equity to assets ratio,Net margin,Asset turnover,Current ratio
0,1993-12-31,0.10860774119006343,0.12874251497005984,0.1888361045130642,0.2140077821011672,0.032620922384701816,0.05523590333716921,0.6875,0.6875,0.6499999999999999,0.03333333333333344,-1.108108108108108,-0.6754966887417219,1.0,30.5,-0.005376344086021501,0.2476007677543186,0.06418918918918927,-0.018701870187018632,0.030685920577617317,-0.08238636363636365,-0.17053206002728516,-0.06853582554517124,0.06639004149377592,0.015789473684210575,-0.07025238534933842
1,1994-03-31,0.10860774119006343,0.12874251497005984,0.1888361045130642,0.2140077821011672,0.032620922384701816,0.05523590333716921,0.6875,0.6875,0.6499999999999999,0.03333333333333344,-1.108108108108108,-0.6754966887417219,1.0,30.5,-0.005376344086021501,0.2476007677543186,0.06418918918918927,-0.018701870187018632,0.030685920577617317,-0.08238636363636365,-0.17053206002728516,-0.06853582554517124,0.06639004149377592,0.015789473684210575,-0.07025238534933842
2,1994-06-30,-0.05106826472120896,-0.1626878868258178,-0.1518481518481518,-0.1581196581196581,0.058823529411764726,0.05523590333716921,0.6875,0.6875,0.6499999999999999,0.03333333333333344,-1.108108108108108,-0.6754966887417219,1.0,30.5,-0.1702702702702703,-0.0543589743589743,0.06418918918918927,-0.018701870187018632,0.057793345008756665,-0.08238636363636365,-0.17053206002728516,0.11580267558528436,0.06639004149377592,0.015789473684210575,-0.005379458743689392
3,1994-09-30,0.10323997803404716,0.0992608236536432,0.16843345111896355,0.15355329949238586,0.04629629629629628,0.009814612868048078,-0.2222222222222222,-0.2222222222222222,-0.18181818181818174,0.03333333333333344,-14.8125,0.2653061224489797,-1.0,-3.523809523809524,0.5179153094462541,0.08459869848156165,0.06418918918918927,-0.018701870187018632,0.044701986754966734,0.024767801857585203,-0.17053206002728516,-0.051704758336455714,0.06639004149377592,0.015789473684210575,-0.047096022632717616
4,1994-12-31,-0.025883524141363856,-0.002881844380403509,-0.09375,-0.10231023102310233,0.0403146509341199,0.017278617710583255,0.1428571428571428,0.1428571428571428,0.11111111111111094,0.03333333333333344,-1.248868778280543,1.2580645161290325,inf,-2.220125786163522,-0.4163090128755365,0.08450000000000002,0.06418918918918927,-0.018701870187018632,0.03645007923930277,0.0392749244712991,-0.17053206002728516,0.06795732911892527,0.06639004149377592,0.015789473684210575,0.11081033880544887
5,1995-03-31,0.09708737864077666,0.15510597302504814,0.13904338153503892,0.14950980392156854,0.061436672967863926,0.1125265392781316,0.10416666666666674,0.10416666666666674,0.06666666666666665,0.03333333333333344,-4.163636363636364,-1.0714285714285714,2.0,-1.963917525773196,0.6875,0.11526048870447216,0.06418918918918927,-0.018701870187018632,0.06116207951070352,0.07558139534883734,-0.17053206002728516,-0.03237143914169438,0.06639004149377592,0.015789473684210575,0.0048738306736890715
6,1995-06-30,0.007452258965999103,-0.03169307756463724,-0.0361328125,-0.04157782515991471,0.04719501335707932,0.020992366412213803,-0.15094339622641506,-0.15094339622641506,-0.12499999999999988,0.03333333333333344,-0.867816091954023,-4.6,-0.6666666666666667,-1.0641711229946524,-0.026143790849673217,-0.08019842910293518,-0.09047619047619047,-0.018701870187018632,0.047550432276656895,-0.13243243243243252,-0.17053206002728516,0.03938061556107808,-0.08171206225680938,0.0,0.010247985605882805
7,1995-09-30,0.02265372168284796,-0.015503875968992276,0.0010131712259371373,-0.005561735261401579,0.04081632653061229,0.022429906542056118,-0.0444444444444444,-0.0444444444444444,-0.0357142857142857,0.03333333333333344,1.608695652173913,-4.194444444444445,-1.0,-15.583333333333336,0.3914988814317673,-0.14876404494382012,-0.04013961605584637,-0.018701870187018632,0.03988995873452539,-0.1869158878504673,-0.11239035087719283,0.017656796027220922,-0.03601694915254239,0.015544041450777256,-0.009989159052191554
8,1995-12-31,0.30108499095840857,0.3937007874015748,0.6103238866396761,0.3333333333333333,0.051470588235294164,0.3619744058500913,0.13953488372093026,0.13953488372093026,0.11111111111111094,0.03333333333333344,-2.783333333333333,-5.6869565217391305,inf,-3.5142857142857142,-0.707395498392283,0.2307286166842659,-0.04242424242424248,-0.09304932735426008,0.04894179894179906,0.1800766283524906,0.2303891290920321,-0.1917585396710646,-0.11208791208791212,0.020408163265306145,0.04528744622604619
9,1996-03-31,0.04725503822098687,0.10608913998744507,0.05719673161533634,0.09060402684563762,0.034965034965035,0.06577181208053684,0.08163265306122458,0.08163265306122458,0.06666666666666665,0.03333333333333344,-2.514018691588785,-0.9146567717996288,-1.0922330097087378,-1.2204545454545457,0.5329670329670331,0.13170313170313164,-0.041772151898734185,-0.08529048207663792,0.03404791929382078,0.08116883116883122,0.13202811244979906,-0.011851520572450758,-0.10396039603960383,0.020000000000000014,0.01421730020951806
10,1996-06-30,-0.034837425348374314,-0.02553916004540291,-0.004161712247324646,0.04384615384615387,-0.07357357357357353,0.010705289672544138,-2.7924528301886795,-2.7924528301886795,-2.8125,0.03333333333333344,-0.8518518518518519,0.13043478260869554,2.0,-1.8762886597938144,-0.3046594982078853,-0.1637604245640637,-0.7397622192866579,-0.754054054054054,-0.07317073170731703,-0.1921921921921922,-0.16407982261640794,-0.04005431093007461,-0.7596685082872928,0.029411764705882467,-0.06647484137523962
11,1996-09-30,0.044345135785493366,0.08211997670355277,0.056716417910447785,0.05526897568165068,0.02755267423014596,0.1115264797507789,-1.3368421052631578,-1.3368421052631578,-1.3448275862068966,0.03333333333333344,2.5416666666666665,-0.40384615384615385,-1.4912280701754386,-1.9647058823529413,0.4226804123711341,-0.16409791477787838,-0.2258883248730964,-0.27472527472527475,0.02631578947368429,-0.09665427509293678,2.155437665782493,-0.016030174446016066,-0.31034482758620685,0.03809523809523818,0.02544851023472705
12,1996-12-31,0.03785385121790652,0.07750269106566199,0.051412429378530966,0.04748603351955305,0.018927444794952786,0.01513452914798208,-0.3125,-0.3125,-0.35,0.03333333333333344,-0.17647058823529416,0.4516129032258065,-0.25,-0.4390243902439024,0.16666666666666674,0.05748373101952264,-0.6918032786885246,-0.696969696969697,0.01794871794871811,0.028806584362139894,0.3660053799596503,-0.018207954000958315,-0.7,0.027522935779816567,0.028670520231213862
13,1997-03-31,0.010149064383127238,0.004995004995004937,0.0,0.0086666666666666,0.024767801857585203,0.011595803423522844,0.7727272727272727,0.7727272727272727,0.8461538461538459,0.03333333333333344,-0.08571428571428574,-0.4666666666666667,-2.0,-0.5869565217391304,0.059006211180124175,0.045128205128205146,-1.1702127659574468,-1.175,0.023929471032745564,0.028000000000000025,2.5832615384615383,0.014397266959492503,0.0,0.02232142857142838,-0.0036712369820932618
14,1997-06-30,-0.07127158555729984,-0.1153081510934394,-0.15421816227834495,-0.05287508261731655,0.0453172205438066,0.0021834061135370675,0.07692307692307687,0.07692307692307687,0.04166666666666674,0.03333333333333344,-1.765625,0.7083333333333333,8.333333333333334,-16.05263157894737,-0.8387096774193549,0.08881256133464199,-65.0625,-63.57142857142857,0.03936039360393595,0.0622568093385214,0.0,0.12557132547510208,9.333333333333332,0.03056768558951961,-0.06594976688223797
15,1997-09-30,0.6004056795131847,0.2848314606741573,1.0838627700127064,0.2896022330774599,0.050578034682081,0.07189542483660127,0.04761904761904767,0.04761904761904767,0.08000000000000007,0.03333333333333344,-2.020408163265306,12.80487804878049,-4.1479591836734695,-1.3531468531468531,1.8363636363636364,0.07616043262730954,0.051707317073170785,-0.04337899543378998,0.04970414201183426,0.03663003663003672,-0.8999793913581094,-0.3436631758922847,0.059139784946236514,-0.10169491525423724,-0.0036228967071894047
16,1997-12-31,0.14448669201520906,0.2024486226497595,0.19420731707317065,0.22456709956709964,0.03232462173314987,0.2195121951219512,0.09090909090909084,0.09090909090909084,0.11111111111111094,0.03333333333333344,3.4800000000000004,-0.941696113074205,-0.546191247974068,3.663366336633663,3.0192307692307687,-0.08919597989949746,0.13358070500927632,0.014319809069212487,0.02480270574971821,-0.13427561837455826,-0.1607142857142857,-0.09801367632692937,0.09137055837563456,-0.07075471698113213,-0.018099547511312156
17,1998-03-31,-0.06866002214839427,-0.11963636363636365,-0.11718151646668372,-0.1449403446752099,0.0579613590939374,0.0008333333333332416,0.04166666666666674,0.04166666666666674,0.0,0.03333333333333344,-2.3839285714285707,-2.6363636363636367,-1.0678571428571428,-1.583864118895966,-0.4385964912280702,0.05471264367816109,0.016366612111292866,-0.04705882352941182,0.049504950495049334,0.02857142857142847,-0.11456628477905073,0.13610108303249113,-0.004651162790697661,-0.035532994923857864,0.029624753127057257
18,1998-06-30,-0.0007927070947284509,0.02850061957868655,-0.018507807981492208,-0.02377260981912144,0.03778337531486154,0.01831806827643634,0.040000000000000036,0.040000000000000036,0.03333333333333344,0.03333333333333344,-0.6322580645161291,-1.2037037037037035,-5.368421052631579,-0.8472727272727273,-0.11931818181818175,0.2345248474280732,0.008856682769726065,-0.05432098765432103,0.03459119496855356,0.1785714285714286,0.16866913123844718,0.03876707975850025,-0.014018691588784993,-0.04210526315789465,0.05354859335038365
19,1998-09-30,-0.006148353827846065,0.024096385542168752,-0.0035356511490866045,0.015881418740074205,-0.011529126213592256,0.0073589533932951765,-1.5769230769230769,-1.5769230769230769,-1.5806451612903225,-1.5806451612903225,-2.517543859649123,-1.9090909090909087,-1.1807228915662649,-5.0,0.5419354838709678,-0.2097457627118644,-0.398244213886672,-0.3890339425587467,-0.014184397163120475,-0.2356902356902357,-0.24990114669829974,-0.005506271030896404,-0.4123222748815166,0.038461538461538325,0.00804126839629804
20,1998-12-31,0.0967870684494112,0.2231372549019608,0.12596096984033125,0.3772798332464826,0.03621853898096994,0.0020292207792207413,-2.9,-2.9,-2.8888888888888893,-2.8888888888888893,0.8901734104046244,-5.6,-1.1333333333333333,0.6845238095238095,0.9100418410041842,-0.19705093833780166,0.04376657824933705,0.07264957264957261,0.0349434737923946,-0.18502202643171808,0.2978386926726411,-0.05536757920639812,0.06451612903225801,0.005291005291005346,-0.11190547862733302
21,1999-03-31,-0.05567685589519655,-0.10003206155819178,-0.07510504201680668,-0.08853575482406363,-0.011848341232227444,0.0032401782098014924,-1.2807017543859651,-1.2807017543859651,-1.2941176470588236,-1.2941176470588236,-1.5871559633027523,-0.8913043478260869,-41.0,-1.9787985865724382,-0.303395399780942,0.04841402337228717,-0.5171537484116899,-0.5139442231075697,-0.011916583912611856,0.010810810810810922,-0.006092607636068337,0.04656463692608282,-0.5151515151515151,0.0,-0.012626048639945651
22,1999-06-30,-0.035260115606936426,-0.04239401496259354,-0.05451448040885865,-0.09630552096305522,0.005395683453237377,0.011303996770286595,-2.75,-2.75,-2.7,-2.7,-0.546875,-9.4,-0.3875,-0.6606498194945849,-0.14779874213836475,-0.2717622080679405,-0.3842105263157895,-0.3852459016393444,0.0060301507537690036,-0.2620320855614974,0.5153248876174907,0.042003733665214586,-0.3906250000000001,0.010526315789473715,0.059646412633024275
23,1999-09-30,-0.011184341921310126,-0.0026041666666666297,-0.02102102102102099,-0.026182820395039053,0.008348240906380422,0.02075848303393224,-0.2142857142857143,-0.2142857142857143,-0.2352941176470589,-0.2352941176470589,-1.5402298850574714,-2.380952380952381,0.0,-0.3617021276595744,-0.11070110701107017,-0.2704081632653061,1.3119658119658122,1.346666666666667,0.007992007992007943,-0.2753623188405796,0.17367853290183402,0.019707375335921373,1.3333333333333337,0.01041666666666674,0.0242164088442538
24,1999-12-31,-0.01030094930317105,0.1428571428571428,0.11411042944785275,0.4924528301886793,-0.25014784151389713,0.006648416112631894,-19.90909090909091,-19.90909090909091,-20.076923076923077,-20.076923076923077,8.553191489361701,-1.6724137931034484,-1.163265306122449,-9.266666666666667,1.0290456431535269,-0.2947052947052947,-5.480591497227357,-5.329545454545454,-0.2507433102081269,-0.30000000000000004,-0.6996783088235294,-0.2421669106881407,0.0,0.04123711340206193,-0.2342242606357741
25,2000-03-31,-0.09775510204081628,-0.07865535248041777,-0.14041850220264318,-0.06163084702907706,0.02444794952681395,0.02641802641802649,-1.0504807692307692,-1.0504807692307692,-1.0524193548387095,-1.0524193548387095,-1.1559020044543429,0.17948717948717952,-8.125,-1.1633064516129032,-0.08282208588957052,0.08923512747875373,-0.04084158415841577,-0.06036745406824151,0.023809523809523947,0.4571428571428573,0.0,0.13523956723338504,0.0,0.0544554455445545,-0.0181743081371335
26,2000-06-30,-0.016738294503505946,-0.02904711300035423,-0.02754644458680333,-0.0262714718760525,0.009237875288683695,0.020439061317183867,-0.09523809523809523,-0.09523809523809523,-0.15384615384615385,-0.15384615384615385,-1.7428571428571429,-3.0434782608695654,0.1578947368421053,0.3333333333333333,-0.12040133779264214,-0.1261378413524058,0.09376344086021504,0.0628491620111733,0.02067183462532296,-0.1470588235294118,0.0,0.0265486725663715,0.0,0.056338028169014225,-0.002839713925115617
27,2000-09-30,-0.099148838279273,-0.1470266326158336,-0.14525691699604748,-0.15150466966447595,0.0076277650648359785,-0.029673590504451064,0.21052631578947367,0.21052631578947367,0.2727272727272729,0.2727272727272729,-5.25,0.446808510638298,0.03030303030303028,2.935185185185185,-0.5386565272496832,0.19047619047619047,0.06802988596146275,0.05519053876478308,-0.0113924050632912,0.16091954022988508,0.0,0.11836870026525205,0.0,0.06222222222222217,0.00527370530534732
28,2000-12-31,0.06409601634320737,0.06886227544910173,0.08169556840077075,0.08642478597635539,0.029523088569265662,-0.0214067278287462,0.17391304347826098,0.17391304347826098,0.1428571428571428,0.1428571428571428,-2.262443438914027,-1.0441176470588236,-1.1323529411764706,-1.6917647058823528,0.8076923076923077,0.6174999999999999,-1.2503681885125184,-1.2665006226650062,0.0307298335467352,0.6435643564356435,0.0,-0.032315446190334884,-0.05494505494505497,0.04602510460251042,-0.016157800860350457
29,2001-03-31,-0.021598272138228958,-0.028011204481792732,-0.04453152832205198,-0.04727954971857407,0.025735294117646967,-0.044921875,0.0,0.0,0.0,0.0,-1.2473118279569892,1.1666666666666663,-4.5555555555555545,-1.2993197278911564,-0.13373860182370825,-0.04250386398763517,0.04852941176470593,0.08878504672897214,0.01987577639751548,-0.07228915662650592,0.7551644988523336,0.04840686274509798,0.08139534883720922,0.0,0.020262344033272983
30,2001-06-30,0.02035810645082159,0.012350761630300466,0.02162565249813575,0.021268215833005092,0.017921146953405076,0.013905930470347716,-0.07407407407407407,-0.07407407407407407,-0.0625,-0.0625,-1.608695652173913,-4.0,-1.9375,-1.375,0.05789473684210523,-0.22195318805488293,0.04067321178120609,0.07296137339055786,0.023142509135200884,-0.2402597402597403,-0.26285963382737576,-0.0026300409117475665,0.08602150537634423,-0.008000000000000007,-0.008780181875195914
31,2001-09-30,0.0033653846153847145,-0.003253355022366789,-0.010948905109489092,-0.13343617431546473,0.030985915492957705,0.05324727712787425,0.2,0.2,0.2,0.2,1.0714285714285716,0.5641025641025641,-2.2333333333333334,-1.3333333333333333,-0.018242122719734688,0.11514522821576767,0.041778975741239684,0.05200000000000005,0.033333333333333215,0.09401709401709413,0.04198698994677708,0.02754175212423093,0.06930693069306937,-0.016129032258064502,0.15026890224612455
32,2001-12-31,0.05501629132726405,0.07015014279885756,0.06851992619926195,0.0267819314641744,0.030019808743169337,0.018723094599770285,0.17236666666666656,0.17236666666666656,0.22222222222222232,0.16666666666666674,0.022505747126436715,-0.4785737704918033,-1.0731621621621619,-6.441636363636364,0.10037162162162172,0.07441860465116279,0.04786545924967678,0.06083650190114076,0.02880184331797242,0.0390625,0.008513053348467636,-0.023666951810664468,0.06481481481481466,-0.004098360655737654,0.042262559589292266
33,2002-03-31,-0.022647411072390652,-0.03098967646204376,-0.04884295240269243,-0.062004291821310835,0.02765544458068536,0.027330494615182662,0.329788746410395,0.329788746410395,0.2727272727272729,0.3333333333333335,-2.5753164414667595,0.14883516207124226,3.115256741780569,-3.7655117110494842,-0.2541186945442264,0.08484848484848473,0.13827160493827173,0.15053763440860202,0.025755879059350617,0.05263157894736836,0.00731570061902076,0.0516939252336448,0.13913043478260878,0.012345679012345512,0.032984431348403564
34,2002-06-30,0.013382259421497622,0.015038632323675747,-0.00504310603048741,-0.007426561509414453,0.04613035700918666,0.03636048250336121,-0.030168911695531375,-0.030168911695531375,0.0,-0.0357142857142857,-0.6876057001362952,-1.8272898935442379,-2.942010771992819,-0.7874687382957387,-0.07240852717326429,0.223463687150838,0.11062906724511934,0.1370716510903427,0.04366812227074246,0.19285714285714284,0.04469273743016755,0.03221327409053032,0.10687022900763354,0.02032520325203246,0.022649863760217714
35,2002-09-30,0.004087352456251914,0.00179310874123062,-0.010392411229890873,-0.022512024848560408,0.028563885369413237,0.0034206233182907386,0.15370709230803148,0.15370709230803148,0.1428571428571428,0.14814814814814814,-2.8870894056375347,-4.4284154813099565,1.4931126929832672,1.130748678301404,-0.1663279343243843,-0.13894324853228968,0.10546875,0.12876712328767126,0.055439330543932915,-0.17365269461077848,-0.2491978609625669,0.024482109227871973,0.11724137931034463,0.01195219123505975,0.024895920066611454
36,2002-12-31,0.050395836806086836,0.08141681398706058,0.10386498547505307,0.13847916006848604,-0.03656494610913474,0.0047173679022616275,-1.032581070493589,-1.032581070493589,-1.0625,-1.064516129032258,4.116749179911152,-0.8243455775224091,0.09173835657075058,-5.610493036657597,0.9198506398109312,-0.0901515151515151,-0.2173144876325088,-0.21359223300970875,-0.009910802775024765,-0.1376811594202898,-0.2008547008547008,-0.08298319327731096,-0.21604938271604932,0.003937007874015741,-0.05012592412056227
37,2003-03-31,-0.03713954039430178,-0.022804905319463,-0.0618488513326626,-0.07718601323009511,0.008904594783357922,0.02685924360917835,-19.316715542521997,-19.316715542521997,-11.0,-10.5,-1.2560384187741005,1.7303488052732767,-0.4774641668364921,-1.5459882356685504,-0.26159723964694315,-0.19233971690258125,-0.11851015801354392,-0.11728395061728393,0.004004004004003914,-0.18487394957983194,0.02941176470588225,0.04782359679266901,-0.12598425196850382,0.01176470588235312,0.058929182346903815
38,2003-06-30,0.014600196379154884,0.03159212459637506,-0.007411316304468563,-0.008188312603781833,0.05274068827397205,0.0335100671415649,1.2182516810758883,1.2182516810758883,1.1999999999999995,1.263157894736842,-2.4921555945671257,-1.5643785458495956,-2.0640904806786047,-2.1779762062478474,0.4173268850957097,0.29278350515463925,0.1728553137003841,0.18181818181818168,0.05184446660019959,0.2886597938144331,0.44761904761904736,0.03771522273845318,0.17117117117117098,0.007751937984496138,0.0401421532994104
39,2003-09-30,0.05693776433324271,0.09307637949068504,0.07282480877774877,-0.057353079639432814,0.030982382520835076,0.02699938414987924,-0.10331139211270857,-0.10331139211270857,-0.11363636363636365,-0.11627906976744184,-0.5686951998811116,-13.345595836452427,3.8126813475458894,-1.5358090782311395,-0.1577670867430876,0.3476874003189792,0.05021834061135366,0.04142011834319548,0.035071090047393394,0.28,0.1106459330143541,-0.024493020805899324,0.03846153846153855,0.003846153846153833,0.15957446808510636
40,2003-12-31,0.11444854479965573,0.07845541351120278,0.15608038520698184,0.09804916980378242,0.04367230507911901,0.013210187787316752,0.06745118240795889,0.06745118240795889,0.0512820512820511,0.07894736842105265,3.1665948832802133,-0.9850460975194252,-0.9331987916634936,-3.4815666848578983,0.4648471227688857,0.2343195266272191,0.3752598752598753,0.3721590909090908,0.037545787545787634,0.19374999999999987,0.14647280560043074,-0.06371490280777536,0.3851851851851853,-0.011494252873563092,-0.01787986338980796
41,2004-03-31,-0.0033207873390684872,0.014298183469217518,-0.026197628604831324,-0.04568534867423735,0.03975981903636749,0.042525354660766464,0.02293806270641996,0.02293806270641996,0.024390243902439046,0.0,-1.13801598787127,87.9951728132844,-2.215656469694091,-2.738208257349433,-0.5515941524837772,0.028763183125599227,0.1133786848072562,0.1097308488612836,0.04324801412180057,-0.010471204188481686,-0.2851103804603099,0.04325259515570945,0.12834224598930466,-0.015503875968992276,0.06286649393154242
42,2004-06-30,0.012730713861265121,0.01041996900992048,0.01863104984883268,0.034319516222993014,0.0023243192840447517,0.04397056358343243,0.1905204186937932,0.1905204186937932,0.19047619047619047,0.2195121951219512,-2.620521782548995,-0.5545035213253895,4.750937793060332,-0.5834392524092129,-0.5124207763972924,-0.18685927306616967,0.014256619144602968,0.0,0.01522842639593902,-0.21693121693121686,-0.2963206307490144,-0.010226644555002884,0.009478672985781866,-0.011811023622047334,-0.02309468822170901
43,2004-09-30,0.012858351134185542,0.0005285078422749834,-0.011637468268209659,-0.02037237438213846,0.05676438015807594,-0.07437174302152016,0.043961215063217374,0.043961215063217374,0.06000000000000005,0.040000000000000036,3.6752272377137576,-0.6867755634776849,-0.08002554729647092,-1.8011457354995772,0.8419631106484118,0.022349570200573158,0.04283801874163306,0.04664179104477606,0.056666666666666636,0.0067567567567568,-0.020541549953314697,0.04328399888299361,0.07511737089201875,-0.02390438247011939,0.021342264250065583
44,2004-12-31,0.045459114755128434,0.055910317988373766,0.05247734624728762,0.06246072686355598,0.03369395077633719,0.010500356864791005,-0.44099260999015455,-0.44099260999015455,-0.4339622641509434,-0.4423076923076924,-0.9357924532654076,-2.6554769493897226,-2.1673855243722304,0.19559182054661892,0.5465061718520889,0.33632286995515703,-0.09370988446726568,-0.0802139037433155,0.02523659305993697,0.26174496644295303,0.2354623450905624,-0.01124197002141325,-0.06550218340611358,-0.01224489795918382,-0.006172442615572482
45,2005-03-31,0.08695816630924291,0.011766515013193368,0.10716068679041556,0.03356102207199618,0.052475833969659165,0.0553335670054913,1.3298179348979329,1.3298179348979329,1.266666666666667,1.3103448275862073,4.092532717474982,-5.238879705462469,3.20436025913554,-1.0966637234193055,-0.03415914039294643,0.34144295302013417,0.10906515580736542,0.10658914728682167,0.045384615384615364,0.3085106382978724,0.4344135802469136,-0.03167298321602596,0.1401869158878506,-0.033057851239669415,-0.021090767936857158
46,2005-06-30,0.020865445892110257,0.02875371964608009,0.0030206684510663,0.0161574449504085,0.052906053036519074,0.04698123094863793,-0.2336900587458445,-0.2336900587458445,-0.2352941176470589,-0.2388059701492537,0.832718587495465,-0.8672588528810916,-1.2360125075614168,-3.196618723189503,0.07768837548013073,0.1053783614759225,-0.03703703703703709,-0.02977232924693518,0.04930095658572475,0.056910569105691027,-0.03980634749865508,0.03131115459882583,0.0,-0.029914529914529805,0.012358733725464477
47,2005-09-30,0.08832784557018769,0.1442842372704758,0.1274022715896812,0.4482994291392317,0.021493073964635068,0.07757247499620035,-0.4063967101275301,-0.4063967101275301,-0.40384615384615385,-0.4117647058823529,2.2500206205975024,0.6090236859236509,0.5237815919002321,7.618894453889629,0.6213186703986486,0.24922206506364894,-0.13992042440318286,-0.15703971119133575,0.018934081346423604,0.1923076923076923,0.2431372549019608,-0.0612632149634047,-0.14754098360655746,-0.013215859030836885,-0.20988379684031866
48,2005-12-31,0.0054436048364114855,-0.017965808230231306,-0.015883304216255834,-0.09023477192502584,0.045704298871076084,-0.04144514362438867,0.2935888194778151,0.2935888194778151,0.2903225806451615,0.30000000000000004,-1.417057080835613,0.6562062347632138,-2.332465815327453,-1.6581970752720274,-0.2522330366847271,0.1028079710144929,0.016962220508866418,0.010706638115631772,0.041293874741913365,0.08064516129032251,0.2397476340694007,0.04013860814322845,0.028846153846153744,-0.013392857142857206,0.07940180120631246
49,2006-03-31,0.2661584770265113,0.4310651026844747,0.39466464520946265,0.4870023822909129,0.037853688505540495,0.2842648809198816,0.2957574256659494,0.2957574256659494,0.2749999999999999,0.28205128205128194,-5.089189726446975,1.7539492640150331,2.4107532014042845,-5.5010084237809815,1.5182577976437672,0.0942505133470226,-0.11902956785443508,-0.1652542372881356,0.03106411103767348,0.05074626865671639,0.03598691384950925,-0.18045530260966125,-0.16355140186915884,-0.009049773755656076,-0.03758420085731773
50,2006-06-30,0.1309010556425485,0.17272697973161774,0.17088081567815785,0.15789242821675775,0.035453482978737405,0.1493940202343993,0.06897210774652085,0.06897210774652085,0.07843137254901977,0.06000000000000005,-0.4693756678006256,-0.1020838450831082,-0.4936529155710718,-0.6265403022704021,0.22515887718651076,-0.10527303434040157,-0.016351118760757344,-0.09390862944162426,0.032692307692307576,-0.13068181818181812,-0.01578947368421046,-0.08434959349593507,-0.0837988826815641,-0.0045662100456620456,0.012805217529626932
51,2006-09-30,0.01225677571518613,0.013313309796564088,-0.015757324140179385,-0.019235480261944996,0.0878849253139109,0.04486913577141749,0.7789672473711853,0.7789672473711853,0.7636363636363634,0.7924528301886791,-1.7310710379448635,1.524394290563218,0.12869969344228305,-3.5953659600201417,-0.4769746163764399,0.25293624161073835,0.3114610673665792,0.25770308123249297,0.08007448789571693,0.21241830065359468,0.23814616755793214,0.07473177950425458,0.24390243902439024,0.00917431192660545,0.03321815611748069
52,2006-12-31,0.017106375157989184,0.025159775506937262,0.0012609165963404225,-0.04506510511745554,0.055808146897643914,0.000961983679376166,-0.02623776680611567,-0.02623776680611567,-0.030927835051546393,-0.03157894736842093,-2.367973770961365,-1.1775850322047214,-1.4923352020104388,-1.5189885168441282,0.4732931832304184,0.0006695681285571188,0.16410940627084702,0.1247216035634744,0.05287356321839098,-0.07277628032345017,-0.27382666282752666,0.037865748709122286,0.11764705882352945,0.009090909090909037,0.07349699779585017
53,2007-03-31,0.2546166396906007,0.3460559584768688,0.3496076260919105,0.4499313534465424,0.03459231942515206,0.09718350429930302,-0.5404429077350811,-0.5404429077350811,-0.5425531914893618,-0.5434782608695652,1.9434998252012992,-3.48793648999887,-6.363416246212642,2.4946518325075573,1.1226515597274958,-0.03228504516560726,-0.07449856733524353,-0.11683168316831682,0.026200873362445483,-0.08139534883720922,-0.2089611419508327,-0.1751243781094527,-0.0921052631578948,-0.03153153153153165,-0.07165109034267925
54,2007-06-30,0.04949109189465717,0.054235247490727945,0.043247762187116345,0.06662875371740196,0.06835548485580277,0.03577609832882955,2.0438371162673183,2.0438371162673183,2.0232558139534884,2.047619047619048,-0.6968740810463893,0.3448235922010379,-0.8272426789524994,-0.9863288897533212,0.007230528803140456,0.07917026793431292,0.19504643962848303,0.17040358744394624,0.06542553191489353,0.05063291139240489,0.10977443609022552,0.017691998391636377,0.21739130434782614,-0.032558139534883616,-0.01159243441122626
55,2007-09-30,-0.09467283941127702,-0.1157131042446391,-0.16324548291590302,-0.2034388393462624,0.1076519672060241,-0.01668218243084385,0.3944366047794288,0.3944366047794288,0.39230769230769225,0.390625,-2.3360536891377137,-1.6356236468708731,-7.17153753796172,-43.49715462373643,-0.3050710753610343,0.0373218004164666,0.1590673575129533,0.1839080459770115,0.10184722915626554,-0.027108433734939763,-0.18066847335140013,0.22362702489134725,0.20238095238095236,-0.019230769230769273,0.11010802469135816
56,2007-12-31,0.06681032090603223,-0.05096576504832085,0.06197876099356004,-0.094437212333357,0.07757944430908004,0.003039915285563133,-0.19564584725079204,-0.19564584725079204,-0.19889502762430944,-0.202247191011236,-0.7022957627424321,-4.1598535530391985,-1.9543376957479048,-0.5196744953523877,-0.2108610147466614,0.14777640518838786,0.04246759052302185,0.058252427184466,0.07294970548255543,0.04334365325077405,-0.06890848952590957,0.010009686793671424,0.08910891089108919,-0.029411764705882363,0.04802947105025357
57,2008-03-31,-0.009088075742091363,-0.014035630537856723,-0.015884838844867574,-0.009912547819341366,0.0058419876011961405,0.0979537909018986,-0.6703793700327688,-0.6703793700327688,-0.6689655172413793,-0.6690140845070423,-1.0233838341270176,-1.068422751977614,-1.5252030453504923,-0.3540810356243478,-0.17259206656561066,-0.13991658818781105,-0.048885077186964006,0.00917431192660545,0.011402027027026971,-0.19881305637982194,-0.22735346358792186,0.015025575447570327,-0.0181818181818183,0.03030303030303028,-0.00417827298050133
58,2008-06-30,0.013944100420403505,-0.017389920763274058,0.003065713812670623,0.0054472634550650776,0.03732386685269296,0.05620325232222512,1.6181364600224524,1.6181364600224524,1.625,1.6382978723404258,22.433881504843434,-7.429242036964215,-0.7842783134428206,0.4585309200774634,-0.3042403335451852,-0.28922258720475524,-0.059513074842200135,0.0,0.03924843423799596,-0.2962962962962964,-0.2965517241379311,0.02330708661417336,-0.04320987654320985,0.044117647058823366,-0.02271062271062274
59,2008-09-30,-0.02906595781462773,-0.03079660489876357,-0.050698726170424264,-0.07678856737700834,0.01589160859123151,-0.027573909019105503,-0.12810153599878038,-0.12810153599878038,-0.12698412698412687,-0.12096774193548375,4.54949386193438,-1.476882026659735,3.852934950572596,-1.71695042295749,0.3135065832823958,-0.039392605633802764,-0.17018216682646214,-0.1515151515151515,0.016874246685415706,-0.07894736842105254,-0.031590413943355045,0.046168051708217694,-0.16774193548387095,0.018779342723004744,0.04981600109036388
60,2008-12-31,0.038036846926942085,0.02390918424626776,0.03511637895380604,-0.02611208321419489,0.043708371697015684,0.047489916999735586,-0.04878475257912218,-0.04878475257912218,-0.06363636363636371,-0.05504587155963303,-0.4862535186869344,-2.2265108337541784,-1.9529939042343216,0.16093336736744354,0.27709054378119125,-0.2460481099656357,-0.11958405545927207,-0.0982142857142857,0.04306598182536536,-0.2571428571428571,-0.12260967379077625,0.005589879376287188,-0.13178294573643412,0.041474654377880116,0.0513469652710159
61,2009-03-31,0.04331087215222485,0.057969457513433076,0.04097199976236432,0.05898673693490197,0.04781555195089293,0.02991932300127842,0.1817382812499999,0.1817382812499999,0.1941747572815533,0.18446601941747565,-0.8465133373570757,-0.16082375854541653,-0.6520132185407427,-1.1385212023680598,-0.030054967892680917,-0.019143117593436454,0.15223097112860895,0.1742574257425742,0.04280303030303045,-0.061538461538461535,0.0807692307692307,0.0040959625511995945,0.1607142857142856,0.008849557522123908,-0.0009261546060754801
62,2009-06-30,0.005716265844321278,-0.012427674474003392,-0.03471079799608268,-0.0042127762590831175,0.08307044945381614,0.024278556850463318,0.3697458158538185,0.3697458158538185,0.3658536585365853,0.3688524590163935,2.555799648506151,-0.2668206138677093,-2.9708004235253886,4.506374427990071,-0.17062194367732975,-0.100371747211896,0.04214123006833703,0.07757166947723437,0.08281874318924798,-0.1393442622950819,-0.24792408066429414,0.07692307692307687,0.07307692307692326,0.0043859649122808255,-0.008281317594709847
63,2009-09-30,0.03780936072483754,0.053402252802095214,0.0031848651147661227,0.0074335025670426704,0.09685608422471036,-0.0230500770424803,0.07005110369792034,0.07005110369792034,0.0714285714285714,0.06586826347305386,4.808173730384283,4.444691123279814,-0.8395156069595627,-0.591825031509416,-0.08397088149773924,0.18732782369145995,0.06666666666666665,0.10485133020344284,0.09594095940959413,0.1047619047619046,0.08517350157728698,0.05708874458874469,0.12186379928315415,-0.013100436681222849,0.04561600299121338
64,2009-12-31,-0.0034004875583615317,0.0012972863470674945,-0.03190504651020898,-0.04489473670831001,0.0410583390694248,-0.01085602759375337,-0.1686792540436921,-0.1686792540436921,-0.16666666666666674,-0.1685393258426966,-0.7084482577057389,-0.6204711443819803,-6.750400266150999,-2.2139621195615424,0.11128190930340498,0.18416473317865445,0.011782786885245809,0.05807365439093504,0.0385674931129476,0.07758620689655182,0.040697674418604717,0.04453544919375485,0.07348242811501593,-0.01327433628318575,0.04839382561535266
65,2010-03-31,0.07458525788755765,0.10885010574078202,0.08909684295691878,0.12278897002124722,0.053537714575286666,0.105796441655984,0.032350723492872824,0.032350723492872824,0.026666666666666616,0.027027027027026973,1.7532863173179711,0.3550941621279844,-1.0977349812333217,0.2402680991694619,0.12419837033988855,0.1912809208915014,-0.015189873417721487,0.021419009370816644,0.053639846743295035,0.1439999999999999,0.10474860335195536,-0.019603038470963008,0.026785714285714413,-0.008968609865470878,-0.012392700812915769
66,2010-06-30,0.0316542635952497,0.051374631505345165,0.009628120609401769,0.0154300956287321,0.06467915711417649,0.025131762053713255,0.3142119582019416,0.3142119582019416,0.3116883116883116,0.3157894736842106,-0.5689252382889574,-0.7251150854392024,-1.170261570905324,-0.0769242284374142,0.10197889407511496,-0.043379934210526334,-0.009254498714652892,0.0183486238532109,0.0707692307692307,-0.09090909090909084,-0.08849557522123896,0.031992001999500135,0.02898550724637672,-0.009049773755656076,0.035399758245553414
67,2010-09-30,0.044598889651555014,0.055392515997596765,0.02601439792352056,0.04404476980031147,0.07102275489768584,-0.02635852929962723,0.15627389171832173,0.15627389171832173,0.1633663366336633,0.15999999999999992,2.7170861114441256,0.3312425823190086,-21.080399826162537,3.9941888436609743,0.462170244654529,0.04362776703202242,0.02023871302542801,0.041184041184041176,0.0770637408568442,-0.023076923076923102,-0.006934812760055475,0.025429886170985627,0.056338028169014225,-0.013698630136986243,0.010840560373582386
68,2010-12-31,-0.01751634132079649,-0.10952625267103944,-0.028798536679764175,-0.08249300245562896,-0.002149166540447167,-0.008831585604526127,-0.7270618812321824,-0.7270618812321824,-0.7404255319148936,-0.7284482758620692,-1.0391801582687523,3.902938386660377,1.7747970998809652,-2.352695725589098,-0.427566979101234,0.1320016474464578,-0.1536113936927772,-0.142150803461063,-0.003638127577006989,0.04724409448818912,0.0488826815642458,0.015588096362777469,-0.1333333333333333,-0.0092592592592593,-0.02947808392454498
69,2011-03-31,0.06562692643529844,0.0946048013459464,0.0821297331346087,0.107945756608002,0.04374921288909284,0.10065249582497282,1.9366503610528767,1.9366503610528767,2.0819672131147544,1.9523809523809528,-17.789834729932245,-0.2697820849353909,-0.914901001875836,-1.0663383251381315,0.049550036846952805,0.13680189194105874,0.0078125,0.020172910662824117,0.04479065238558922,0.1428571428571428,0.2862849533954728,-0.020465116279069658,0.027692307692307683,-0.009345794392523366,-0.012013373377911194
70,2011-06-30,0.02534052911236917,0.03410477675764145,0.007561198024943261,-0.001409328339566085,0.04977723745665208,0.010163841388670658,0.4604125948676294,0.4604125948676294,0.4680851063829787,0.4569892473118278,-0.7973315800324847,-0.7566013779684304,7.308876770083865,-3.2703005886326357,-0.10718257717217304,0.21539446311409827,0.0614192009540846,0.07203389830508455,0.0596458527493009,0.16447368421052633,0.1542443064182195,0.023741690408357163,0.08383233532934152,-0.009433962264150941,0.035560653857183766
71,2011-09-30,0.13099383031621947,0.18797981076975634,0.20319072743237832,0.3399649514991432,0.035753673163240414,0.001778518635723758,-0.03373330117948148,-0.03373330117948148,-0.01811594202898548,-0.014760147601476037,17.108434183347498,0.6913193990078634,0.01146116001500208,-14.02528995786778,1.5636838063456104,-0.01777485187623451,0.007865168539325841,-0.011857707509881354,0.05672823218997381,-0.07344632768361592,-0.11031390134529152,-0.08418367346938782,0.013812154696132506,-0.02857142857142858,-0.11343118249792306
72,2011-12-31,-0.11013863555629322,-0.17981787129984594,-0.1990372835065043,-0.2889098468960434,0.026091980498780254,-0.02624926040059816,-0.5530690709596187,-0.5530690709596187,-0.5498154981549815,-0.5468164794007491,-1.615548510523873,-0.2445770675369617,2.4380214411132797,-2.077781235863714,-0.6574119801313876,0.06072386058981239,0.02954292084726862,0.04533333333333345,0.022679983354140683,0.0060975609756097615,0.013104838709677493,0.15295011395289948,0.0490463215258854,0.0,0.1534328731180108
73,2012-03-31,0.1689631804833973,0.25713263572131284,0.292483151892172,0.4569022457067371,0.021207987101575117,0.12835984907207054,0.2476292528813695,0.2476292528813695,0.2377049180327868,0.2314049586776861,-2.3055237120056984,-0.11546859215187864,-1.1950879085148736,-1.8625165955913632,1.6550472040668118,0.1415392392265893,-0.07742284786139686,-0.09183673469387754,0.026653102746693857,0.11515151515151525,0.06368159203980084,-0.12629035800571053,-0.07272727272727264,-0.019607843137254943,-0.13713914315116724
74,2012-06-30,0.007487922705313955,0.001067159931701811,-0.005294400770094687,-0.01666099965997958,0.026839931989312667,-0.05088560524513164,0.435483870967742,0.435483870967742,0.4503311258278144,0.4496644295302015,-0.6990622335890878,-0.21578947368421053,-3.796747967479675,-0.906537955243528,0.05826039387308524,-0.07904350714048491,-0.102112676056338,-0.1151685393258427,0.03606817281014663,-0.10326086956521753,-0.03648269410664162,0.019105077928607272,-0.08683473389355756,-0.03500000000000003,0.018015190509070408
75,2012-09-30,-0.09868137137377132,-0.17006609338355486,-0.18500000000000005,-0.2659059474412172,0.02791247782377293,-0.0049489638107020895,0.19662921348314602,0.19662921348314602,0.21004566210045672,0.21296296296296305,-2.8895184135977336,1.778523489932886,1.2034883720930232,-12.765258215962444,-0.6477125872318428,-0.16684697680009608,-0.03921568627450989,0.0,0.05068859984697771,-0.19393939393939386,-0.10679611650485454,0.14060187469166266,-0.024539877300613355,0.025906735751295432,0.13059563448020728
76,2012-12-31,0.06288237484705017,0.002740195238910781,0.1015238472194735,0.000942063118228864,0.017949603037625158,-0.00973992332400786,-0.5492957746478873,-0.5492957746478873,-0.5433962264150943,-0.5419847328244275,-1.1536731634182908,1.927536231884058,-2.253298153034301,-0.9772545889864326,-0.04181951577402787,0.014283653152503241,-0.02857142857142847,-0.034920634920634915,0.017112688876752102,-0.03759398496240607,0.021739130434782702,-0.042387543252595083,-0.018867924528301997,-0.015151515151515138,0.0017997382198953191
77,2013-03-31,0.04980229240702738,0.08266438941075993,0.060905497664391024,0.08925490196078423,0.035831355261670694,0.09720623626661083,1.4635416666666663,1.4635416666666663,1.4545454545454546,1.4583333333333337,1.0097560975609756,-0.6765676567656767,-0.9242105263157896,-2.6140350877192984,0.07044410413476254,0.0493598862019915,0.1526610644257702,0.18092105263157895,0.041345981743332816,0.03125,0.051063829787234116,-0.013324299909665771,0.17628205128205154,0.0,-0.006097229027165253
78,2013-06-30,-0.006007437780108704,-0.003943839722353681,-0.02514817950889081,-0.0250576036866359,0.018659973810563057,-0.01573526606904441,-0.11205073995771676,-0.11205073995771676,-0.10437710437710436,-0.1084745762711865,-0.5800970873786409,-1.6224489795918369,-5.111111111111111,0.3152173913043479,0.08655221745350494,0.06588043920292798,0.018833535844471342,0.04456824512534818,0.025438294946717118,0.02272727272727271,-0.1082995951417004,0.02494850080109856,0.029972752043596618,0.02051282051282044,0.02169031056581039
79,2013-09-30,0.002638142747505734,-0.004355400696864131,-0.018761400156344976,-0.032348596750369274,0.02903053026245317,-0.00019377967251232864,-0.1238095238095238,-0.1238095238095238,-0.12030075187969935,-0.1216730038022813,5.630057803468207,-5.077868852459017,0.4054054054054055,-3.1818181818181817,-0.17379855167873606,0.16075289329772358,-0.062015503875968984,-0.06266666666666665,0.03268521622527665,0.1333333333333333,0.10215664018161186,0.02635104957570356,-0.05555555555555547,-0.01005025125628145,0.02889615611429797
80,2013-12-31,-0.008037123857819406,-0.021713194941541447,0.010799327255023528,-0.0348038467409556,-0.030189464917759763,-0.012791937203217365,-1.0815217391304348,-1.0815217391304348,-1.0811965811965811,-1.0822510822510822,-1.013949433304272,-0.9608040201005024,-0.8509615384615384,-0.5568181818181819,-0.0932270916334661,0.07625725868302857,-0.16338207247298153,-0.1607396870554766,-0.01834117838013316,0.03921568627450989,0.11328527291452105,-0.022410791993037527,-0.1652661064425771,0.0050761421319796,0.013599416423509814
81,2014-03-31,0.08830479864962615,0.13617886178861793,0.12452929328312455,0.2199905108334652,0.043902962644911885,0.14970059880239514,-13.266666666666667,-13.266666666666667,-13.473684210526313,-13.36842105263158,-42.9375,3.384615384615385,-1.3870967741935485,-5.478632478632479,0.460456942003515,0.09121449658963644,-0.09878419452887532,-0.10169491525423724,0.038855820105820234,0.1132075471698113,0.2876965772432931,-0.04073002448252838,-0.11073825503355704,0.010101010101010166,-0.06872975890608124
82,2014-06-30,0.024594522733315527,0.00794275491949903,0.021805155361732,0.02151931553020492,0.02827763496143953,0.043545081967213184,-0.06521739130434777,-0.06521739130434777,-0.06329113924050632,-0.06808510638297882,-1.2980625931445604,-4.362573099415203,-19.5,-1.131679389312977,-0.041516245487364656,0.09002705476257122,-0.08347386172006742,-0.09245283018867922,0.031831927423205515,0.05084745762711873,0.18247126436781613,0.0034802784222738303,-0.10943396226415092,0.020000000000000014,-0.013247957606535632
83,2014-09-30,0.05233337658405768,0.1100383359363908,0.0826918679978661,-0.01408629441624365,0.012499999999999956,0.0013091147111765624,-0.15697674418604646,-0.15697674418604646,-0.1576576576576577,-0.1552511415525114,-5.77,-2.342608695652174,-3.0945945945945947,-17.115942028985508,0.6980539861895794,0.07617254364943515,-0.08647654093836253,-0.11018711018711014,0.018509949097639918,0.043010752688172005,0.1470230862697448,-0.03791907514450865,-0.11016949152542366,0.0,0.12586708435891691
84,2014-12-31,-0.03555135423944766,-0.05909439754412892,-0.02717161762635512,-0.053288711545887546,-0.0473086419753086,0.00735414283379643,-0.5,-0.5,-0.4866310160427808,-0.4864864864864865,-0.7976939203354297,-1.3950777202072544,-2.3634408602150536,-1.6924460431654675,-0.28465804066543443,0.08652775568633686,0.17019133937562936,0.1471962616822431,-0.023474178403755874,0.0670103092783505,0.1673728813559323,-0.01201634222542658,0.1238095238095238,0.019607843137254832,-0.006111497565338242
85,2015-03-31,0.09196283985340492,0.18284393692224032,0.12735166425470326,0.24772263766145475,0.04126062616628645,0.1220798182998053,1.9655172413793105,1.9655172413793105,1.9791666666666663,1.9684210526315788,-0.4455958549222798,-1.3081967213114754,-0.9984227129337541,-1.0142857142857142,0.0056847545219638205,0.17801200409896056,0.04561101549053359,0.02036659877800417,0.040012406947890884,0.20772946859903385,-0.004990925589836603,-0.0464607151544636,0.012711864406779629,0.00961538461538458,-0.05199220116982461
86,2015-06-30,-0.009366219169528622,-0.024537409493161744,-0.01790757381258024,-0.02222948676037917,0.0038829151732378,-0.007301380756162823,0.0023255813953488857,0.0023255813953488857,0.006993006993007089,0.010638297872340495,-6.682242990654205,-15.0,201.0,26.63636363636364,0.15621788283658788,0.17435068969802406,0.06913580246913575,0.0479041916167664,0.014912019087384374,0.1279999999999999,0.10351117191062477,0.013265306122449028,0.04184100418410042,0.004761904761904745,-0.0023730422401520013
87,2015-09-30,-0.04286164513079105,-0.07081001472754045,-0.08875236912620088,-0.13718934581522346,0.026777744718833763,-0.026871540926303502,-0.27146171693735505,-0.27146171693735505,-0.2673611111111112,-0.2666666666666667,-2.697368421052632,-1.459726443768997,1.6732673267326734,-3.1480263157894735,-0.2902222222222223,-0.02830687830687828,0.013086989992301843,0.01904761904761898,0.026300323244196292,-0.042553191489361535,-0.10413223140495864,0.07275931520644496,-0.0040160642570280505,0.02369668246445511,0.07691087852838585
88,2015-12-31,0.01683404675666766,-0.003930767767704291,0.029835759879509368,0.05295789201756662,-0.0006761325219742932,-0.0001496669909450965,-0.6783439490445862,-0.6783439490445862,-0.6777251184834123,-0.6794258373205742,-0.6734496124031008,-0.509090909090909,-1.8648148148148147,-2.491577335375191,0.6098935504070131,-0.04459569833923227,-0.05015197568389052,-0.046728971962616835,-0.0012884753042231578,-0.07037037037037053,-0.0710332103321033,-0.017132128608307817,-0.05241935483870963,0.004629629629629539,-0.05399302999067401
89,2016-03-31,0.09022465088038856,0.1357647508115334,0.14276760220071028,0.23957311089303235,0.0173013725111153,0.032856822094154525,1.316831683168317,1.316831683168317,1.3088235294117645,1.3283582089552242,0.43026706231454015,0.4410774410774412,-0.8115631691648822,-0.7638603696098563,0.08945935433683383,-0.02006155249059616,-0.1632,-0.16470588235294115,0.012327981651376165,-0.019920318725099584,0.012909632571995957,-0.06685768863419295,-0.15319148936170213,-0.013824884792626668,-0.0837440979608779
90,2016-06-30,0.011212593747679469,-0.006052454606590429,-0.002864281796575052,-0.016922315685304334,0.03315914489311167,0.014999999999999902,0.32905982905982895,0.32905982905982895,0.3248407643312101,0.3205128205128205,-1.5726141078838174,-1.3060747663551402,-2.2897727272727275,-2.617391304347826,-0.1328097108175652,0.033209259043852635,-0.12810707456978965,-0.12676056338028174,0.03299348626451426,0.024390243902439046,0.2147058823529413,0.021750255885363282,-0.11557788944723613,-0.014018691588785215,0.011042527889461471
91,2016-09-30,0.0818769275958291,0.10814163283716738,0.11117222833394448,0.1894503724582244,0.037796578995769714,-0.02234596987220672,0.4469453376205788,0.4469453376205788,0.4471153846153844,0.4466019417475728,-17.315217391304348,-2.809160305343512,-1.3259911894273126,-12.666666666666664,1.7867435158501441,-0.059273853081902576,0.11732456140350878,0.08870967741935497,0.03755997258396149,-0.09126984126984128,0.05690072639225185,-0.04082143751565248,0.13636363636363624,-0.03791469194312802,-0.06838803629438782
92,2016-12-31,-0.1381252969524197,-0.17624910959601106,-0.19085858863648866,-0.3380162491536899,-0.053167922020381016,-0.059588140791587585,-1.846666666666667,-1.846666666666667,-1.8471760797342196,-1.8557046979865768,-1.6158116811014882,2.4936708860759493,8.58108108108108,-1.6663594470046084,-0.42724183778992464,0.14307084729535655,-0.4445534838076546,-0.4444444444444445,-0.05456467168714485,0.10043668122270732,0.003436426116838476,0.09843342036553547,-0.4350000000000001,-0.01970443349753681,0.2443936752239524
93,2017-03-31,0.2487005827689399,0.3784434836318715,0.4599959214193461,0.7264126821784709,-0.04220870379036035,0.06864419940984634,-3.926509186351706,-3.926509186351706,-3.95686274509804,-3.937254901960785,-2.5164082221420845,0.1183574879227054,0.7898448519040904,-2.572614107883817,1.1730719628578798,0.08490812961314975,1.452296819787986,1.3333333333333337,-0.009083286752375686,0.1507936507936507,0.9471080669710809,-0.2329450915141431,1.4336283185840708,-0.040201005025125684,-0.20156536863465055
94,2017-06-30,0.01705978809283559,0.011247031411032005,-0.008287550051215177,0.014884478672985813,0.07025600938049648,-0.016567359395436743,-0.4170403587443946,-0.4170403587443946,-0.4045092838196286,-0.4045393858477971,-1.0252080856123662,-0.8358531317494601,-1.0220646178092987,-1.0628847845206684,-0.03394658753709201,0.08656212303980704,0.2247838616714697,0.1752380952380952,0.06881963051755767,0.09655172413793124,-0.5591166699237835,0.05237062286953842,0.2363636363636365,-0.05235602094240832,-0.003570131913348651
95,2017-09-30,0.021796422038260044,0.02733959588798296,0.020892018779342655,0.05202480846406421,0.023555190358805825,-0.01861977242500368,-0.23230769230769235,-0.23230769230769235,-0.2293986636971047,-0.2286995515695067,-28.009433962264147,3.5921052631578947,14.678571428571427,-7.034965034965035,0.21206536429536804,0.08690439184688481,0.028235294117647136,-0.0016207455429496642,0.03549280907771468,0.015723270440251458,-0.12367021276595748,0.0017667844522968323,0.03529411764705892,-0.033149171270718265,-0.023440821036011417
96,2017-12-31,-0.17532467532467533,-0.24942850981237874,-0.20275925500114966,-0.3476210292689693,-0.12211221122112215,-0.007001957536515557,-0.6312625250501003,-0.6312625250501003,-0.6213872832369942,-0.627906976744186,-2.016765630457562,0.6690544412607451,2.9794988610478366,-4.37369640787949,-0.5902686264571718,0.009437816636705287,0.326086956521739,0.2808441558441557,-0.08919469928644241,-0.024767801857585203,-0.026808295397066303,0.06437389770723101,0.29261363636363624,-0.011428571428571456,0.15048815372178348
97,2018-03-31,0.23088527485466195,0.3752442248017469,0.34817720350715264,0.6431001488411652,0.02428368217841892,0.0826446280991735,1.6684782608695654,1.6684782608695654,1.717557251908397,1.7578125,-2.266231535554792,-0.6523605150214593,-1.876931883228392,-1.8265498883736904,1.1907471548738249,0.09555996276358923,-0.2519413287316653,-0.26489226869455,0.0243424734191382,0.20317460317460312,-0.15592515592515602,-0.16790941728804187,-0.2615384615384616,0.0,-0.1630182152316092
98,2018-06-30,0.024422323857352213,0.12251378906902888,0.02939414684237552,0.2143642834034294,0.012895546076778121,-0.0014006583094053893,-0.6069246435845214,-0.6069246435845214,-0.6067415730337079,-0.6062322946175638,-1.0339120998372222,-1.2913580246913579,-1.0110966057441253,-1.00498649490962,-0.0027103331451157064,0.0677922269838922,-0.2370242214532872,-0.26206896551724146,0.0122917235727944,0.04221635883905006,0.4002463054187193,-0.010952538997676786,-0.2589285714285714,-0.005780346820809301,-0.07562156926057473
99,2018-09-30,-0.19784067697694774,-0.28986748064324,-0.29768485805727585,-0.3966325660699063,0.03741063558907065,-0.0037169506978048657,2.3367875647668392,2.3367875647668392,2.342857142857143,2.3453237410071948,7.439999999999999,-20.940677966101696,74.3529411764706,194.375,-0.5309704450232137,0.0982942947098917,0.12244897959183665,0.1542056074766356,0.04182406907717207,0.08354430379746837,0.4481090589270009,0.2929530201342281,0.08433734939759052,0.06395348837209314,0.1769596199524941
100,2018-12-31,-0.07555474718079302,-0.11160035645017563,-0.09735455998106167,-0.11012009890498052,-0.04078164825828379,-0.002674926087568585,-0.4487577639751553,-0.4487577639751553,-0.4444444444444444,-0.4451612903225807,-0.6843601895734597,-0.8100297492562686,-0.20452771272443404,-0.6163361057794838,-0.4343312409464027,-0.012600806451612878,0.10437710437710446,0.12955465587044546,-0.02939652939652937,-0.051401869158878684,-0.12268448223504402,0.037633013236439083,0.09629629629629632,0.03278688524590145,-0.001721374725470515
101,2019-03-31,0.11553142092629765,0.16078593344347425,0.14791502753737218,0.18358638483675693,0.06692254699340605,0.13685770750988135,0.5943661971830987,0.5943661971830987,0.6076923076923075,0.6124031007751938,-3.6906906906906913,-1.3243847874720358,-1.4838076545632974,-1.8526959421901057,0.6547161758429365,-0.08894844308320571,0.025609756097560776,0.09139784946236552,0.07111407605070053,-0.061576354679802825,-0.18656974731741094,-0.04352176088044013,0.010135135135135087,0.07407407407407396,-0.019205613033654426
102,2019-06-30,0.019894881653673924,0.02475473999898337,-0.026673520676262275,-0.03253123165926053,0.0951019278664329,0.008567703482957656,0.6607773851590106,0.6607773851590106,0.6650717703349283,0.6682692307692308,0.6004464285714286,-1.386206896551724,-1.9675456389452333,-0.4126466753585397,0.2323961826154244,-0.11699817901666898,0.3703923900118909,0.4942528735632184,0.09466865969108107,-0.1758530183727034,-0.16042553191489362,0.07374476987447709,0.3812709030100336,0.08374384236453225,0.05916944528645063
