,Quarter end,Assets,Current Assets,Liabilities,Current Liabilities,Shareholders equity,Revenue,Earnings,Earnings available for common stockholders,EPS basic,EPS diluted,Cash from operating activities,Cash from investing activities,Cash from financing activities,Cash change during period,Cash at end of period,Price,ROE,ROA,Book value of equity per share,P/B ratio,P/E ratio,Cumulative dividends per share,Equity to assets ratio,Net margin,Asset turnover,Current ratio
0,1993-12-25,0.05130465444287724,0.0031023784901758056,-0.015608740894901163,-0.0295930949445129,0.0855999999999999,0.04135338345864658,0.03727714748784439,0.03727714748784439,0.042857142857142934,-0.08333333333333326,0.23848684210526305,0.014745308310991856,3.1010101010101008,0.729957805907173,-0.1428571428571429,0.029629629629629676,0.061953629798555676,0.030287474332648886,0.0803571428571428,-0.11021505376344087,0.27034482758620704,inf,0.032672818030555106,0.038267875125881146,0.022222222222222143,0.033714932695936506
1,1994-04-02,0.05130465444287724,0.0031023784901758056,-0.015608740894901163,-0.0295930949445129,0.0855999999999999,0.04135338345864658,0.03727714748784439,0.03727714748784439,0.042857142857142934,-0.08333333333333326,0.23848684210526305,0.014745308310991856,3.1010101010101008,0.729957805907173,-0.1428571428571429,0.029629629629629676,0.061953629798555676,0.030287474332648886,0.0803571428571428,-0.11021505376344087,0.27034482758620704,inf,0.032672818030555106,0.038267875125881146,0.022222222222222143,0.033714932695936506
2,1994-07-02,0.03018614791212482,-0.050515463917525816,0.04598308668076112,0.10334603981363832,0.02284450994841558,0.04135338345864658,0.03727714748784439,0.03727714748784439,0.042857142857142934,-0.08333333333333326,0.23848684210526305,0.014745308310991856,3.1010101010101008,0.729957805907173,-0.2883263009845288,-0.04076738609112707,0.061953629798555676,0.030287474332648886,0.04132231404958686,-0.11021505376344087,0.27034482758620704,inf,-0.0071773839168010065,0.038267875125881146,0.022222222222222143,-0.13946695874406712
3,1994-10-01,0.08025394758261427,0.09572927976836776,0.06619504800404252,0.07332053742802302,0.08693563880883759,0.03357400722021664,0.02968750000000009,0.02968750000000009,0.04109589041095885,-0.08333333333333326,-0.34926958831341304,-0.3355350066050198,-1.4605911330049262,-1.424390243902439,0.17193675889328053,-0.032499999999999966,0.061953629798555676,0.030287474332648886,0.08730158730158744,-0.0725075528700907,0.27034482758620704,0.0,0.006196518146946106,0.038267875125881146,0.022222222222222143,0.020883420544005826
4,1994-12-31,0.04098854731766122,0.018497109826589583,0.07796208530805693,0.0815450643776825,0.023751657092355268,0.12748864827104445,-0.4355083459787557,-0.4355083459787557,-0.4342105263157895,-0.08333333333333326,1.306122448979592,0.7833001988071571,-2.2780748663101607,-1.0344827586206895,-0.005059021922428353,0.0,0.061953629798555676,0.030287474332648886,0.02189781021897796,-0.08143322475570036,0.27034482758620704,0.0,-0.016568914956011867,0.038267875125881146,0.022222222222222143,-0.058274842999630476
5,1995-04-01,0.07918355529820498,0.10653478190368082,0.07781930094526279,0.08333333333333326,0.07985324268911187,0.10192069392812897,1.3897849462365592,1.3897849462365592,0.18604651162790709,-0.08333333333333326,-0.3292035398230089,-0.2207357859531772,-1.213389121338912,-19.33333333333333,0.09322033898305082,0.227390180878553,0.061953629798555676,0.030287474332648886,0.07857142857142874,0.2021276595744681,0.27034482758620704,1.0,0.0007454897867900102,0.038267875125881146,0.022222222222222143,0.021378836912817608
6,1995-07-01,0.03775989268947022,0.02637749120750299,-0.01978380583316341,0.029609279609279508,0.06595383231737784,0.0947427607534439,-0.011248593925759276,-0.011248593925759276,-0.029411764705882363,-0.08333333333333326,0.0554089709762533,-0.3805436337625179,-13.431372549019608,-3.4272727272727272,-0.2069767441860465,0.4252631578947368,0.02755905511811041,0.030287474332648886,0.07284768211920545,0.3215339233038348,0.27034482758620704,0.0,0.027115613825983376,0.002424830261881672,0.021739130434782483,-0.0031204992798850033
7,1995-09-30,0.09881729464228006,0.14563106796116498,0.22263836870578446,0.23391639490068195,0.043029905315458805,0.07113507960965593,0.059158134243458387,0.059158134243458387,0.06060606060606055,-0.08333333333333326,-0.1725,0.22632794457274816,-1.272870662460568,-2.1385767790262173,0.2971652003910068,0.24667651403249624,0.04179728317659337,0.030287474332648886,0.04320987654320985,0.16294642857142838,0.14549402823018465,0.5,-0.050768784450246685,0.00048379293662326173,0.03191489361702127,-0.07156272574042855
8,1995-12-30,0.029525938124926432,0.009097706879361844,-0.08713410483321993,-0.1304661220567035,0.09113787524716876,0.09805801965955396,-0.06874328678839957,-0.06874328678839957,-0.07619047619047625,-0.08333333333333326,1.7280966767371597,0.9284369114877588,-4.7341040462427735,-0.5526315789473684,0.10248681235870394,-0.04028436018957349,0.08525576730190587,0.0951669157947186,0.0946745562130178,-0.08061420345489445,-0.11990521327014225,0.0,0.059902200488997526,0.0643133462282397,0.030927835051546507,0.16053737227034606
9,1996-03-30,0.04084780621572204,0.0660738545140176,-0.008575689783743456,-0.030118817352859924,0.06268533772652396,0.013973799126637544,0.031141868512110763,0.031141868512110763,0.051546391752577365,-0.08333333333333326,-0.12236987818383173,-0.0068359375,-0.8823529411764706,2.617647058823529,0.3362952836637048,-0.14320987654320982,-0.060382008626001286,-0.047315741583257465,0.0594594594594593,-0.21711899791231734,-0.2579429186860528,0.3333333333333335,0.02090542099192616,-0.06179009541117675,0.010000000000000007,0.09917761687673177
10,1996-06-29,0.05933366265986063,0.11503707136237253,0.018427980443775915,0.0008547008547008518,0.0761956437485467,-0.0049526270456502495,0.16442953020134232,0.16442953020134232,0.1470588235294117,-0.08333333333333326,0.4113564668769716,0.07079646017699126,2.8684210526315788,0.7357723577235773,0.4368286445012788,0.20461095100864532,-0.021967213114754025,-0.01002865329512892,0.07653061224489788,0.1386666666666665,0.20464441219158225,0.0,0.015958197994633716,0.0033898305084745233,-0.00990099009900991,0.11405684544382555
11,1996-09-28,0.09181347150259067,0.16519480519480512,0.12776957163958635,0.14033589524622836,0.07778738115816775,0.112746158840078,0.2603266090297791,0.2603266090297791,0.2649572649572651,-0.08333333333333326,-0.25614662494412155,-0.17355371900826444,-0.7959183673469388,-0.17564402810304447,0.2506229975080099,0.2440191387559809,0.0238015420717399,0.04341534008683068,0.08056872037914697,0.1545667447306791,0.19036144578313266,0.25,-0.012927439532944285,0.0458494208494209,0.0,0.02182641068691149
12,1996-12-28,0.12637623386484442,0.22015158270173885,0.12360838244924688,0.2139291063404893,0.12750601443464316,0.2524309607156747,0.4557926829268293,0.4557926829268293,0.439189189189189,-0.08333333333333326,0.9573317307692308,1.5133333333333332,4.716666666666667,-0.07386363636363635,0.1855963563905494,0.3999999999999999,0.15225933202357567,0.15857605177993528,0.13157894736842124,0.2961460446247464,0.2702429149797572,0.0,0.0009857766511758292,0.14167051222888793,0.010000000000000007,0.005107872553221871
13,1997-03-29,0.05759427006530449,0.06555100847705342,0.1647967361212297,0.1311947357598191,0.013987671882408792,0.0012422360248447448,0.03821989528795822,0.03821989528795822,0.03286384976525825,-0.08333333333333326,-0.3177770954866441,-0.2550839964633068,1.5597667638483963,-1.5230061349693251,-0.08187274909963982,0.2671703296703296,0.13015061096902536,0.11771747805267375,0.011627906976744208,0.11893583724569655,0.013944223107569707,0.2,-0.04122115925717496,0.1143896523848018,0.00990099009900991,-0.0580333345179288
14,1997-06-28,0.0017926858417656175,-0.026884301488238168,-0.031648736552414285,-0.15742592255953458,0.017418751461304668,-0.07568238213399503,-0.17044881492687847,-0.17044881492687847,-0.5818181818181818,-0.08333333333333326,-0.13996399639963994,-0.8142433234421365,0.6173120728929384,-1.521994134897361,0.04654811715481166,0.015718157181571882,0.038471209454362436,0.029275258836129806,0.01915708812260553,0.00419580419580412,-0.155992141453831,0.16666666666666674,0.015700660308143766,0.035545883206383744,-0.009803921568627416,0.1549460499509545
15,1997-09-27,0.08167972322742267,0.06702375079286771,-0.06278258622916932,0.11413160733549076,0.14592669194530614,0.03271812080536906,-0.04316109422492398,-0.04316109422492398,-0.0434782608695653,-0.08333333333333326,0.2558869701726845,3.2396166134185296,-0.9366197183098592,4.522471910112358,0.2456271864067967,0.13447171824973347,-0.0343825665859564,-0.024973985431841816,0.1466165413533833,0.11281337047353768,0.034916201117318524,0.0,0.059375902918231686,-0.003852889667250392,-0.01980198019801982,-0.042302289876849815
16,1997-12-27,0.06172567185029965,0.0480184940554822,0.3211578221915921,0.16576297443841992,-0.03263812293191615,0.05718927701056041,0.10736975857687424,0.10736975857687424,0.7159090909090908,-0.08333333333333326,0.4479166666666667,1.6631499623210249,8.155555555555555,-1.8982706002034588,-0.17713139418254764,-0.032925682031985086,-0.05541624874623874,-0.07043756670224133,-0.02622950819672121,-0.15644555694618267,-0.06702654071075131,0.1428571428571428,-0.08891313241510967,-0.026019690576652432,-0.0505050505050505,-0.10099597516883828
17,1998-03-28,0.04671052631578943,0.025524673851389682,-0.09817423056859677,-0.02757475083056482,0.11868359678673235,-0.07776240971261716,-0.2696500286861733,-0.2696500286861733,-0.4834437086092716,-0.08333333333333326,-0.40460431654676254,-0.6796830786644029,-1.0412621359223302,-2.099660249150623,0.23671379814724516,0.0,-0.1537032121051235,-0.14351320321469566,0.07070707070707072,0.026706231454005858,-0.10077145612343297,0.125,0.06870229007633588,-0.08592057761732863,-0.06382978723404252,0.05459650187805898
18,1998-06-27,-0.0599093585629693,-0.1784660766961652,-0.22663118926422954,-0.2733173898189273,0.0068566133889274026,-0.012331278120313316,-0.07934014139827184,-0.07934014139827184,-0.11538461538461553,-0.08333333333333326,-0.804736587723538,0.5768551236749118,-54.08823529411765,-4.281153450051493,-0.6280307510348906,-0.08365758754863806,-0.124215809284818,-0.1023235031277927,0.015723270440251458,-0.1445086705202312,0.0026809651474530853,0.11111111111111116,0.07114845938375347,-0.07464454976303303,-0.02272727272727271,0.13055835371995972
19,1998-09-26,0.03413329579843771,0.10061340514661876,0.1352281226626777,0.2355430183356841,0.0030368563935030397,0.135650413362578,0.33020477815699656,0.33020477815699656,0.34782608695652195,0.3484848484848484,6.396039603960396,-0.7641456582633053,-0.13905817174515234,-1.317953546767106,0.5368309485956544,0.07908704883227169,-0.02471346704871069,-0.021403683424589315,0.01238390092879249,0.0625,0.15347593582887709,0.0,-0.03007322175732219,-0.025181391378574558,0.0,-0.10921241050119336
20,1998-12-26,0.07087927045052411,-0.08414327465506699,0.06654368164448554,0.10426179604261797,0.07238864168081105,0.13118407368890206,0.323925593329057,0.323925593329057,-0.33333333333333337,-0.3258426966292135,0.2483266398929049,6.524940617577197,-0.08365508365508367,-1.8509378084896349,-0.2972413793103448,0.25086079685194296,0.007344840249724482,0.03306205493387582,0.07645259938837913,0.23688394276629565,0.24756606397774686,0.09999999999999988,0.001348072256672994,0.011383537653240072,0.023255813953488413,-0.1706140820919516
21,1999-03-27,0.05153951256712519,0.22070500927643774,0.03372868791697558,0.0709855272226052,0.05770629250973181,-0.06711321250328339,-0.03149224806201545,-0.03149224806201545,-0.03225806451612912,-0.05000000000000005,-0.26729222520107243,-0.6335227272727273,-0.2226123595505618,-1.5394431554524362,0.2281648675171737,0.2324026740070784,0.08129784907036086,0.09354997538158538,0.05965909090909083,0.14395886889460166,0.3426235600148644,0.18181818181818188,0.005923532579429125,0.07445887445887434,0.011363636363636465,0.13976827324805094
22,1999-06-26,-0.008823618287855384,0.0014590552617179675,-0.12405880243814993,-0.17680180180180186,0.030170670549219517,-0.05026045332957907,-0.12506253126563285,-0.12506253126563285,-0.1166666666666666,-0.10526315789473673,-0.4723746798390047,-2.0534022394487508,0.4173441734417345,1.356989247311828,0.4378745505393529,-0.07019783024888315,0.04214430209035736,0.047276001800990564,0.03217158176943702,-0.12247191011235957,-0.17077221145862165,0.0769230769230771,0.039346895074946486,0.0531829170024174,0.0,0.21657471090620528
23,1999-09-25,0.18709795433066054,0.08759788745219453,0.3311502251330332,0.24858315419190924,0.1456501256281406,0.0862733471686925,-0.16638078902229847,-0.16638078902229847,-0.16981132075471705,-0.17647058823529416,1.5901525658807212,-3.507767784137368,-0.5188017845761632,-1.0793795620437956,-0.024173381494859703,0.2553191489361701,-0.08443869297961826,-0.08297506448839209,0.1350649350649351,0.2163892445582587,0.14919893190921218,0.1428571428571428,-0.03502446561936645,-0.03404743687834744,-0.0561797752808989,-0.12894107414655365
24,1999-12-25,0.12612358107761046,-0.005414154945300287,0.1596965969659696,0.11112850211300662,0.11489959564114872,0.12063318777292588,0.4458161865569272,0.4458161865569272,0.4318181818181819,0.4523809523809523,-0.08299866131191436,-0.20280404303880015,0.05562913907284761,-3.103448275862069,0.05210706150341693,0.013121924548934016,-0.07632508833922247,-0.07735583684950764,0.11441647597254012,-0.10736842105263156,0.02526866105140857,0.0625,-0.009874566319722387,-0.014257425742574268,-0.05952380952380942,-0.10487839669067822
25,2000-04-01,0.09035553832470522,-0.023065267411190304,0.034824111719992994,-0.001267784194956989,0.10966651298601504,-0.02666829030686801,0.2789373814041747,0.2789373814041747,0.2857142857142858,0.2622950819672132,-0.04204379562043792,-0.9591002044989776,-0.15683814303638646,12.710382513661203,0.6790257104194859,0.5029681597409605,-0.005738332058148443,-0.0035569105691056757,0.10677618069815176,0.3490566037735847,0.4957507082152974,0.11764705882352945,0.017654986522910976,0.06307754118119724,-0.06329113924050632,-0.02183179952989933
26,2000-07-01,0.014829223400472769,0.1804917279411764,0.01639904338913567,0.17574047954866012,0.0143201396005872,0.038408607531590144,0.16357566765578646,0.16357566765578646,-0.4197530864197532,-0.4155844155844156,-0.03809814081072849,10.35,0.3645833333333333,-0.5599840573933839,0.17794970986460346,0.10000000000000007,0.07579838399384388,0.07037225905150435,0.011131725417439895,-0.006118881118881148,0.0047348484848483965,0.05263157894736836,-0.0005297311614355094,0.116024187452759,-0.04054054054054057,0.004032093837820217
27,2000-09-30,0.010160758450123764,0.046715328467153316,-0.04974789915966382,0.02267274472168901,0.029628618241398064,0.05192771084337355,-0.2001912655403252,-0.2001912655403252,-0.21276595744680848,-0.20000000000000007,-0.04562737642585546,1.5920704845814977,0.029443838604144013,-1.7916666666666663,-0.11959496442255058,-0.04977966378325449,0.045779685264663694,0.05240590757503583,0.02752293577981635,-0.060686015831134525,-0.18699340245051832,0.09999999999999988,0.019345435272293487,0.06467998645445316,-0.014084507042253502,0.023527502839526315
28,2000-12-30,-0.02179013731050949,-0.01673640167364021,-0.0605765829501238,0.014662756598240456,-0.010157804004773952,-0.0033214981101821195,-0.12594659226783578,-0.12594659226783578,-0.108108108108108,-0.13888888888888884,0.12151394422310745,0.991162474507138,0.03601694915254239,2.9565217391304346,-0.5374572583152004,-0.3407763655101339,-0.024623803009575892,-0.013128112267994596,-0.007142857142857118,-0.3586142322097379,-0.4066774866682125,0.09090909090909084,0.011828935395814309,-0.006361323155216314,0.0,-0.030952758402029164
29,2001-03-31,-0.035373865887996625,-0.11399527186761227,-0.12162289372117108,-0.14601156069364166,-0.010824714645517377,-0.23270512525856124,-0.7788417692658458,-0.7788417692658458,-0.7878787878787878,-0.7741935483870968,-0.6503848431024275,-0.9067941276886308,-0.2331288343558282,-0.9667437825332562,-0.03864247311827962,-0.1865554976550288,-0.21423562412342226,-0.20321100917431198,-0.01258992805755388,-0.17956204379562035,-0.18952715904650266,0.08333333333333348,0.025436793422404902,-0.17797695262484006,-0.02857142857142847,0.037503578585742936
30,2001-06-30,-0.013513805703907143,-0.0765248946048348,-0.04769049405208448,-0.07770407472586982,-0.004875670404680621,-0.05137037591732818,-0.5958762886597938,-0.5958762886597938,-0.5714285714285715,-0.5714285714285715,0.7942421676545302,0.7362637362637363,0.10266666666666667,-3.991304347826087,0.1202376791331703,-0.11723254324151187,-0.35385988398036583,-0.34369602763385143,-0.005464480874316946,-0.10676156583629903,0.11668273866923815,0.0769230769230771,0.008769731896767663,-0.31152647975077874,-0.058823529411764726,0.0012614317250079221
31,2001-09-29,-0.030532176047694207,-0.025310603871713355,-0.0626828719333784,-0.09100249522970794,-0.022755729762099164,0.03331228291758759,-0.4591836734693877,-0.4591836734693877,-0.3333333333333333,-0.3333333333333333,-0.02831524303916944,-1.6255274261603376,0.2007255139056832,3.822674418604652,0.517628705148206,-0.06748911465892593,-0.4392265193370166,-0.43157894736842106,-0.020146520146520186,-0.06175298804780871,0.4412780656303974,0.0714285714285714,0.008072528564331716,-0.40328054298642535,-0.046875,0.07228346456692902
32,2001-12-29,0.0037078067418778726,0.04541412225054842,0.028334734061712163,0.060875181656709236,-0.0020054593058882464,0.06692131398013745,3.7547169811320753,3.7547169811320753,2.5000000000000004,2.5000000000000004,0.6002914035939777,0.1905564924114671,-0.09869083585095673,0.8722121760096444,0.6385690789473684,0.05330739299610898,-0.5628078817733989,-0.5586419753086421,0.0,0.07430997876857748,0.8858597962852006,0.06666666666666665,-0.005667118393495096,-0.5393364928909953,-0.03278688524590168,-0.01457629607871924
33,2002-03-30,-0.00013515035476963091,-0.00816650598309987,-0.004203152364273155,0.0053272450532724225,0.0008372871895059307,-0.028927395102391507,0.8571428571428572,0.8571428571428572,1.0,1.0,-0.536267071320182,-4.004249291784703,-0.04692737430167593,-1.4655505473277528,-0.18143036386449185,0.1884004432951607,0.3605633802816903,0.3636363636363635,0.0018691588785046953,0.18774703557312256,1.6897537728355836,0.0625,0.0009912030727294852,0.34567901234567894,0.016949152542372836,-0.013450575654830543
34,2002-06-29,-0.020072540494266544,-0.01646749385327917,-0.07163794114198617,-0.1297501892505678,-0.007808142777467886,-0.06813154402005606,-0.5235042735042735,-0.5235042735042735,-0.5,-0.5,0.10536649214659688,-0.4648750589344649,0.18405627198124264,-0.6846473029045643,-0.06989576946658492,-0.2312713708423998,0.15320910973084878,0.15641025641025652,-0.0037313432835821563,-0.232945091514143,-0.4382234821639499,0.0588235294117645,0.01250154722119068,0.14373088685015303,0.0,0.13018354860639025
35,2002-09-28,0.003172559657915297,0.049066914714260834,0.05190704723415007,0.0927279053583856,-0.007672849915682955,0.02927678430131353,0.5381165919282511,0.5381165919282511,0.4285714285714286,0.4285714285714286,0.4156305506216696,-0.3814977973568282,0.06831683168316838,-2.3377192982456143,0.10052735662491764,-0.3182369591589164,0.2962298025134651,0.2971175166297117,-0.0018726591760299671,-0.3145336225596529,-0.4091673675357443,0.05555555555555558,-0.010880195599021869,0.2927807486631013,0.0,-0.03993316624895571
36,2002-12-28,0.013475112292602455,0.04876697146023834,0.05126665866250457,0.04999203948415865,0.0045600022658396355,0.10086100861008608,0.5291545189504374,0.5291545189504374,0.5999999999999999,0.4999999999999998,0.4726056043496445,1.574074074074074,-0.08433734939759041,0.1901639344262296,0.10871518418688232,0.01660735468564667,0.21468144044321336,0.21196581196581188,0.016885553470919357,0.018987341772152,-0.19733096085409266,0.05263157894736836,-0.00877518230132246,0.20475698035160292,0.01666666666666661,-0.0011834319526627946
37,2003-03-29,-0.009451881331403731,0.007978863936591862,-0.04008679762448608,-0.04791508718726312,-0.001889026728318477,-0.057122905027932935,-0.12774070543374638,-0.12774070543374638,-0.12499999999999988,-0.06666666666666654,-0.5143425163305879,-0.48699501936912,0.06578947368421062,-1.3719008264462809,-0.0364667747163695,-0.00933488914819136,-0.0034207525655644,-0.0028208744710861433,0.0,-0.02795031055900632,-0.18177787630237208,0.049999999999999815,0.007605985037406394,-0.0060085836909872245,0.0,0.05871898522442143
38,2003-06-28,0.015043601333150747,0.053784860557768883,0.0678167757287329,0.06688963210702338,0.002514053275331163,0.009628203229151257,-0.02076502732240437,-0.02076502732240437,0.0,0.0,0.5491228070175438,-0.6202804746494066,-0.003798670465337106,-5.622222222222222,0.17493692178301098,0.13133097762073032,0.14530892448512578,0.13861386138613874,0.0055350553505535425,0.1309904153354633,0.13140070441614735,0.04761904761904767,-0.012250959039722842,0.1243523316062176,0.016393442622950838,-0.012310325532405077
39,2003-09-27,0.0570786011469695,0.11123271316286942,0.07431754874651819,0.08508732646663675,0.05271907579599877,0.14920774647887325,0.8493303571428572,0.8493303571428572,0.7857142857142856,0.7857142857142856,0.2034730086825216,5.730113636363638,-1.1954242135367017,-0.17948717948717952,0.12216654736339773,0.3008849557522122,0.255744255744256,0.2509316770186334,0.04954128440366956,0.2966101694915253,0.1290708812260537,0.04545454545454541,-0.004134302179904736,0.21505376344086025,0.032258064516129004,0.02409437797847169
40,2003-12-27,0.0029785332851095525,0.0243531202435312,-0.03578095830740513,-0.05365249690466367,0.012981451245951623,0.1159198263755905,0.31140615570307784,0.31140615570307784,0.3200000000000001,0.28,0.2446675031367629,0.4529337273111018,-10.565853658536586,-2.4013671875,-0.15256219434403573,0.2332933173269309,0.22832140015910896,0.22840119165839126,0.020979020979021046,0.17429193899782125,-0.038812301166489926,0.04347826086956519,0.009938357026040956,0.18331226295828065,0.03125,0.08246013667425968
41,2004-03-27,-0.001166663131323853,0.009133816974040698,-0.03431214370226954,-0.06730629451955228,0.006975638112350024,-0.07436220112115323,-0.203865623561896,-0.203865623561896,-0.18181818181818174,-0.1875,-0.5541834677419355,-0.7300987797791981,-0.3513513513513513,-0.6989547038327526,-0.05419646217538576,-0.0201168072680078,0.123704663212435,0.12449474535165715,0.008561643835616417,-0.04081632653061218,-0.21601941747572814,0.08333333333333348,0.008096661684105609,0.095619658119658,0.03030303030303028,0.08195045695045677
42,2004-06-26,0.033639143730886945,0.07219262916287739,0.12263310314101128,0.17487531172069826,0.012673838887431009,-0.005190952910641422,0.015606936416185047,0.015606936416185047,0.0,0.03846153846153855,1.2979084228377613,1.9784714747039829,0.32389937106918243,-0.10648148148148152,-0.05120042445947737,-0.09403973509933773,0.11066282420749296,0.10783608914450027,0.022071307300509213,-0.10058027079303666,-0.20602307908809456,0.0769230769230771,-0.020264426047201245,0.09068746952706007,0.014705882352941124,-0.08741317032509023
43,2004-09-25,-0.017915844838921724,-0.031020276274335568,-0.047028475047127705,0.036083841867869504,-0.01031275101702378,0.05242887315194445,0.0848036425725669,0.0848036425725669,0.11111111111111094,0.11111111111111094,-0.22017220172201726,-0.5388507408745935,0.4928741092636579,0.6062176165803108,-0.08667691877533899,-0.13523391812865493,0.02802283341982359,0.029850746268656806,0.003322259136212757,-0.15483870967741942,-0.2375044310528181,0.0714285714285714,0.007819397149703589,0.014304872597228346,0.014492753623188468,-0.06476068688344916
44,2004-12-25,0.007175732217573172,0.0028345143809920263,-0.0042686100989067785,0.02509603072983357,0.010053671946589793,0.13304214378467716,0.11385099685204625,0.11385099685204625,0.10000000000000007,0.10000000000000007,0.29810725552050465,-0.9529780564263324,-0.13245823389021485,-4.02258064516129,0.28685136996785543,-0.060016906170752386,-0.011105502271580027,-0.011972274732199195,0.02649006622516548,-0.06361323155216281,-0.10088331008833107,0.06666666666666665,0.0027530972343887683,-0.031732040546496136,0.014285714285714237,-0.021714360126314447
45,2005-04-02,-0.011985127640570805,-0.024108404688669042,0.030426599749058925,0.07082188358730956,-0.02249928717696159,-0.017086893102729706,0.025906735751295432,0.025906735751295432,0.06060606060606055,0.06060606060606055,-0.08724179829890644,4.516666666666667,0.1705639614855572,-0.5346851654215581,0.10372308790293804,0.05890287769784175,0.062276671771311916,0.057397959183673526,-0.014516129032258076,0.032608695652173836,0.04963805584281289,0.125,-0.0106077623861226,0.019572143832498945,0.042253521126760514,-0.08865224625623958
46,2005-07-02,-0.02213766135474915,-0.05485986881335714,-0.09700659563673264,-0.09249970838679578,-0.0025721937896104885,-0.021517913928344238,-0.06427915518824613,-0.06427915518824613,-0.05714285714285705,-0.05714285714285705,-0.20873269435569752,1.02416918429003,0.02075989032510761,-1.3486238532110093,-0.03276215109386782,0.05774946921443736,0.04180682364247956,0.04704463208685161,0.009819967266775809,0.0736842105263158,-0.01822660098522177,0.11111111111111116,0.02005549949545915,0.0022321428571427933,0.04054054054054057,0.041481048711020214
47,2005-10-01,0.018209962806097213,-0.02100045065344747,0.2005843353185752,0.22095115681233926,-0.024937523262615,0.07897302567435815,-0.021099116781157945,-0.021099116781157945,0.0,-0.03030303030303028,0.4690444145356663,1.6701492537313434,0.034151957022256374,-0.611842105263158,-0.013147632311977686,0.054596547571256426,0.021217712177121758,0.012672811059907918,-0.014586709886547757,0.044117647058823366,0.006021073758153639,0.09999999999999988,-0.04241375046370721,-0.028953229398663738,0.051948051948051965,-0.19816282168150898
48,2005-12-31,0.020143581081081045,-0.024396980298287633,0.13552976413328333,-0.027897673439309382,-0.013469298723961187,0.02419678714859441,0.22957393483709265,0.22957393483709265,0.2424242424242422,0.25,-0.14590013742556118,0.9966461710452768,-0.37291280148423,11.991525423728811,-0.17308343682962626,-0.04682146935668064,0.0564588979223124,0.03868031854379983,0.011513157894736949,-0.03286384976525813,-0.060847880299252026,0.09090909090909084,-0.03292871900826444,0.023394495412844,0.012345679012345512,0.0035854831657193826
49,2006-04-01,-0.02318168646769048,-0.14942908370293484,0.05802835476425972,0.06595191682910984,-0.05041180697584435,-0.12361533183021267,-0.4467998369343661,-0.4467998369343661,-0.4390243902439024,-0.425,-0.4379190131402521,-0.356942889137738,0.8786982248520709,1.20221787345075,-0.4609503003823048,-0.08306709265175716,-0.07396323215049172,-0.09255202628696624,-0.03902439024390248,-0.09466019417475736,-0.1290493892724376,0.10416666666666674,-0.02790759781012153,-0.08292245629762429,-0.012195121951219412,-0.20203032415475772
50,2006-07-01,-0.02343518243844556,-0.07056082542852392,-0.12028669367404175,-0.14436655491212025,0.01274812270795733,-0.10413870246085012,-0.3478260869565217,-0.3478260869565217,-0.34782608695652184,-0.34782608695652184,-0.26908396946564883,-0.7004788855028298,-0.5729133858267716,-0.8483412322274881,-0.12968591691995945,-0.19512195121951226,-0.13019390581717438,-0.14544357272178632,0.020304568527918843,-0.16085790884718498,-0.1195121951219512,0.0943396226415094,0.03708791208791218,-0.11876832844574793,-0.02469135802469136,0.08621348621348622
51,2006-09-30,0.016642076028467345,0.05067144136078783,0.04835281615302866,0.07539776775112794,0.006351304747672204,0.09114745910850286,0.4700564971751413,0.4700564971751413,0.5333333333333334,0.4666666666666668,0.8211488250652741,-0.5799418604651163,0.08259587020648973,-3.017578125,0.300640279394645,0.02489177489177496,-0.0928874734607219,-0.10098870056497178,0.006633499170812574,0.0031948881789138905,0.19252077562326875,0.0862068965517242,-0.010198675496688849,-0.07321131447587348,-0.03797468354430378,-0.022971750276465253
52,2006-12-30,0.03229111087397296,0.03840036355373777,-0.018753167764825163,-0.059953627028817465,0.04954736270954108,0.10928023801350273,0.15372790161414307,0.15372790161414307,0.13043478260869554,0.18181818181818188,0.5060931899641576,4.65051903114187,-0.7002724795640327,1.0609874152952568,0.4763929290669053,0.11932418162618785,-0.16208308952603867,-0.15946582875098192,0.0494233937397035,0.11146496815286633,0.2311265969802556,0.07936507936507953,0.01672688344707618,-0.14661879114302812,-0.013157894736842146,0.10464577866954784
53,2007-03-31,0.008021832616605941,-0.032056892778993484,-0.03323002754820936,-0.22175240779891947,0.021060078363082324,-0.08685785021662884,0.0899400399733512,0.0899400399733512,0.0769230769230771,0.0769230769230771,-0.6306520704426464,0.9693815064298836,0.05000000000000005,-1.9985908877407232,-0.3222188541982419,-0.029245283018867974,0.032122905027933024,0.04672897196261694,0.014128728414442682,-0.07449856733524363,0.12877358490566038,0.08823529411764698,0.0130297446696499,0.05750350631136025,-0.013333333333333308,0.24372409296260056
54,2007-06-30,0.03154483550742482,0.11043291511246743,-0.05645592163846835,-0.02444913975249019,0.05787986995682993,-0.01943063714414817,-0.21882640586797064,-0.21882640586797064,-0.2142857142857143,-0.2142857142857143,0.5573453608247423,-0.2599502487562189,-1.4329004329004333,-1.1114769520225776,0.05299642218246858,0.05490767735665703,0.03856562922868756,0.050892857142857066,0.05263157894736836,0.04024767801857587,-0.002925198495612236,0.07432432432432434,0.02546446667532809,0.053713527851459116,0.0,0.13825644098262435
55,2007-09-29,0.05457907503877202,0.090492671009772,0.1454322385805964,0.20095915841584167,0.030328983827900613,0.1624423963133641,0.4014084507042253,0.4014084507042253,0.4090909090909092,0.3636363636363635,0.6069507654116673,-0.08907563025210086,-3.905,3.7890295358649793,0.24102781906986626,0.13818516812528792,0.044299674267100915,0.05182667799490215,0.029411764705882467,0.0803571428571428,0.0565800502933782,0.0691823899371069,-0.02293171164322816,0.04657016991818752,0.0,-0.0919857876036322
56,2007-12-29,0.04924678067082722,0.11476710538597955,0.061959298014336424,0.10408347288419416,0.04547454892181313,0.0616451932606541,0.26800670016750416,0.26800670016750416,0.25806451612903225,0.26666666666666683,0.2286302780638516,-0.0027675276752767712,0.9741824440619622,0.28898678414096923,0.2503422313483916,0.05949008498583575,0.08172177167810357,0.08481421647819065,0.055714285714285605,0.030303030303030495,-0.020230067433558152,0.06470588235294117,-0.0036307053941908585,0.09440769693325303,0.0,0.009673913043478422
57,2008-03-29,-0.04068210813821849,-0.07624031819133348,-0.012568857165024427,0.011317232528293086,-0.049155792526074604,-0.09699402539208367,-0.36459709379128136,-0.36459709379128136,-0.35897435897435903,-0.3421052631578947,-0.5358340318524728,-0.5740055504162812,1.3696599825632083,-1.9733424470266576,-0.19488162036403445,-0.13521772345301752,-0.046136101499423376,-0.04839910647803425,-0.03924221921515558,-0.18181818181818188,-0.22307692307692292,0.07182320441988943,-0.008849557522123797,-0.0483516483516484,0.0,-0.08655398858865326
58,2008-06-28,-0.018637496019630276,-0.10360768672951416,-0.054686886147560336,-0.07337332718043378,-0.007353664535169724,-0.020986250387676986,0.10949410949410954,0.10949410949410954,0.1200000000000001,0.1200000000000001,0.2767494356659141,0.7622149837133549,0.10706401766004414,0.2668539325842696,-0.3066462689104199,0.008833922261484162,0.0435308343409917,0.036776212832550836,0.011267605633802802,0.052287581699346435,0.034914017717561086,0.07216494845360821,0.011554621848739456,0.02713625866050817,0.0135135135135136,-0.032645845609899804
59,2008-09-27,0.006241410902427802,0.08317322277277794,0.14770177042639854,0.2534860557768925,-0.035925769926414164,0.07888067581837377,0.2579637726420987,0.2579637726420987,0.2857142857142856,0.24999999999999975,0.1623055162659124,-0.1792975970425139,-0.22565636424061156,-0.7921286031042128,-0.09193429762196614,-0.058231173380034924,0.044032444959443806,0.033207547169811225,-0.02506963788300831,-0.06832298136645965,-0.10473313192346413,0.06730769230769229,-0.041926272066458936,0.02810567734682401,0.0,-0.13588369070825213
60,2008-12-27,-0.03801286063847953,-0.07244550249731596,-0.15795191193511005,-0.2234803337306317,0.004548842229703753,-0.19487129294313396,-0.8838133068520357,-0.8838133068520357,-0.8888888888888888,-0.8857142857142857,-0.21022208700943112,0.4932432432432432,-0.5875536480686696,-0.05600000000000005,-0.0955723542116631,-0.2803347280334728,-0.26137624861265263,-0.26077428780131484,0.004285714285714226,-0.2633333333333333,-0.3087739032620923,0.06306306306306286,0.04416745698414859,-0.23018042646254774,-0.040000000000000036,0.19452016166932973
61,2009-03-28,-0.04458247066942722,-0.0870112223843792,-0.19239700696654335,-0.18892299820926076,-0.0006139991813344238,-0.1314125942134695,1.6880341880341885,1.6880341880341885,1.75,1.75,-0.8543913713405239,-1.2056309703368526,-0.37460978147762747,-1.5254237288135593,0.05552238805970156,-0.09883720930232563,-0.14500375657400455,-0.133399209486166,-0.0056899004267425566,-0.1040723981900452,0.2335231895850285,0.05932203389830515,0.046062021538860735,-0.09303977272727272,-0.04166666666666674,0.12566392571900686
62,2009-06-27,0.012527345523589473,0.017914232168448896,0.06645367412140568,0.11638542816590447,-0.000435183288961749,0.12302309307207834,-1.6327503974562798,-1.6327503974562798,-1.6363636363636365,-1.6363636363636365,7.952380952380952,-6.440097799511004,0.44592346089850254,0.5591397849462365,0.08201357466063341,0.12473118279569895,-0.44200351493848855,-0.4378563283922463,-0.0014306151645206988,0.1313131313131315,0.3271767810026385,0.0,-0.012775986107665616,-0.42208300704776813,-0.02898550724637672,-0.08821781832162456
63,2009-09-26,0.0394406962760645,0.04223750473818155,0.194627521469942,0.094646136459952,-0.0003585422695725482,0.17011465603190426,-5.663316582914572,-5.663316582914572,-5.857142857142858,-5.7142857142857135,0.1829196217494089,0.5191011235955056,-0.6087456846950519,-0.02413793103448281,0.07396759017250387,0.1555130656469088,-0.06456692913385831,-0.05476673427991874,0.012893982808023008,0.1607142857142856,1.0954274353876738,0.11199999999999988,-0.038321397160447364,-0.04065040650406504,-0.0149253731343284,-0.047878253536243975
64,2009-12-26,0.041160090987528486,0.0992362446095496,-0.04781409345481902,-0.02038972770680092,0.0684292777905875,0.1256789860475025,0.2295258620689655,0.2295258620689655,0.2058823529411764,0.18181818181818188,-0.149387959030727,-0.1807692307692308,1.2294117647058824,-1.4310954063604242,-0.02969092236553905,0.08439051296194157,0.8518518518518519,0.8605150214592274,0.0678925035360678,0.0692307692307692,0.13733396584440238,0.050359712230215965,0.02626077867781551,0.7570621468926553,0.06060606060606055,0.1221112811015379
65,2010-03-27,0.05043789434033341,0.1213310015597675,0.13010271266789575,0.17402186800158082,0.02867830423940143,-0.025546409310246987,0.07011393514461006,0.07011393514461006,0.07317073170731714,0.10256410256410242,0.19794419970631427,-0.03503069700252803,-0.4643799472295514,-9.204918032786884,0.2510659643842488,0.06052899287894209,0.3818181818181817,0.36562860438292977,0.02119205298013238,-0.007194244604316501,-0.4279457768508864,0.10616438356164393,-0.020751113940165492,0.29823151125401925,0.042857142857142934,-0.04488536471601312
66,2010-06-26,0.03438939988883516,0.11549485752824153,-0.07946865532509906,-0.10940305206463197,0.06855477855477865,0.0452471113700359,0.18222768222768226,0.18222768222768226,0.18181818181818188,0.18604651162790709,-0.14537876930620253,-0.2627245508982036,1.4384236453201968,-0.4745254745254746,0.10545308740978344,0.05755395683453224,0.46973684210526295,0.4704391891891893,0.06744487678339818,0.03623188405797095,-0.2555596062705067,0.0,0.03302132085283405,0.4291021671826625,0.027397260273972712,0.2525544703230653
67,2010-09-25,0.05021580489157751,0.11468409915356716,0.0879324894514768,0.11339296963588265,0.040465958421500366,0.03130515559684155,0.023553862140630374,0.023553862140630374,0.01923076923076916,0.019607843137254832,0.026104417670682837,0.48477157360406103,-0.34444444444444444,-0.994296577946768,0.0005440696409140244,-0.09569160997732427,0.06222023276633859,0.06892590465249837,0.03888213851761857,-0.15384615384615385,-0.4118511263467189,0.0990712074303406,-0.009312861817266538,0.07105719237435015,0.0,0.0011396694958463185
68,2010-12-25,0.042879778173895884,0.07159564731007828,0.06701830592615576,0.05544868167930295,0.03635524991613548,0.031976220500810726,0.07614213197969533,0.07614213197969533,0.07547169811320731,0.05769230769230771,0.5515795359239586,0.01606837606837597,3.001540832049306,-7.333333333333332,-0.0034439006706543647,0.02407221664994985,0.03961230509903069,0.03868887694787748,0.05380116959064307,-0.012396694214875992,-0.08076602830974189,0.0,-0.00622459349593496,0.06310679611650483,-0.013333333333333308,0.015308109403552985
69,2011-04-02,0.03744500364004688,-0.2788902597197178,0.3232771154405349,0.2399485365069154,-0.04209993930811251,0.1213232085188094,-0.006289308176100628,-0.006289308176100628,0.017543859649122858,0.0181818181818183,-0.2769369369369369,-0.7833109017496636,0.8051597997689641,67.94736842105263,-0.23826846125863954,0.02497551420176292,0.037697608431293,0.02069322296947762,-0.008879023307436174,-0.029288702928870425,-0.05706521739130421,0.10140845070422544,-0.07669691934040647,0.0038051750380516673,0.0135135135135136,-0.41844683111058667
70,2011-07-02,0.008191969733951645,0.013467865760035114,-0.04598143163214852,-0.10471249459576304,0.029018564278020745,0.014400249085389616,-0.06518987341772152,-0.06518987341772152,-0.0344827586206895,-0.0357142857142857,-0.010465985546972312,0.2158385093167703,-0.414462457337884,-1.3412213740458014,0.10673352435530092,0.035833731485905414,-0.009375000000000022,-0.027876330461226617,0.03919372900335949,0.0474137931034484,-0.026897214217098897,0.0,0.020628547694863556,-0.04131918119787703,0.013333333333333421,0.1320142059868088
71,2011-10-01,0.06751501762774438,0.1556575188295386,0.4070021881838075,0.15018350395982227,-0.053486033290232486,0.09215776550030697,0.17400135409614093,0.17400135409614093,0.1964285714285714,0.20370370370370366,0.5988416016116846,4.245210727969348,-1.0666666666666669,4.41834451901566,0.5225458468176916,-0.021678966789667853,0.05047318611987395,0.0031282586027110426,-0.023706896551723974,-0.05761316872427991,-0.03553800592300116,0.10741687979539648,-0.11326641345632127,-0.021352313167259832,0.02631578947368429,0.004750806740767333
72,2011-12-31,0.008050913523550252,-0.03093864708966965,0.03167717115494795,0.009992442690402116,-0.004466899408027357,-0.024309702803344324,-0.031141868512110763,-0.031141868512110763,-0.029850746268656688,-0.015384615384615441,0.04425893841549855,0.1607012417823228,-22.038251366120214,-1.8224607762180016,-0.2822729205044636,0.09099481376709108,0.033033033033032844,-0.01559251559251551,0.01434878587196464,0.11353711790392995,0.02968270214943725,0.0,-0.012391005048187242,-0.031515151515151496,0.012820512820512777,-0.04050316709786783
73,2012-03-31,0.009814536199890256,-0.017431972789115683,-0.005990161853379861,-0.007233122713668161,0.018492300320184674,-0.07064160725858715,-0.18511904761904766,-0.18511904761904766,-0.15384615384615385,-0.171875,-0.5517345399698341,-0.5571638346968744,-0.6116883116883116,-0.6807228915662651,-0.12556762092793686,0.13958513396715655,-0.029433139534883686,-0.0543822597676874,0.010881392818280709,0.1254901960784316,0.09642147117296207,0.0969976905311778,0.008519206939281432,-0.03379224030037542,-0.02531645569620256,-0.01027429102742916
74,2012-06-30,0.00744948967514647,0.014318870225404234,-0.059224967075068864,-0.1174943472071016,0.04317792985457647,0.04610258794359212,0.03250547845142448,0.03250547845142448,0.0181818181818183,0.018867924528301886,0.5945491251682369,-0.1639033633349124,0.4555183946488295,-2.2484276729559753,0.1792729735832017,0.02806219188471748,-0.010482965181579984,-0.03182579564489118,0.04951560818083967,0.017421602787456303,0.04170444242973725,0.0,0.035478421133466435,-0.01856649395509502,-0.012987012987012991,0.14937291559021104
75,2012-09-29,0.028872733303847875,-0.10746558076401014,0.06783184151359611,0.13427595369140244,0.010045306381844643,-0.003259017850529622,0.051291121330031775,0.051291121330031775,0.05357142857142838,0.07407407407407396,0.08609411268200051,1.7490084985835694,-0.07904411764705888,-3.1448362720403025,-0.3260578211755696,-0.08852821836960523,-0.055996973136587136,-0.052479815455593985,0.015384615384615332,-0.13356164383561653,-0.08877284595300261,0.09473684210526324,-0.0182438445565114,-0.02639683238011437,-0.02631578947368418,-0.21312681351914664
76,2012-12-29,0.13312556252602725,0.3625619188320153,0.31686000317813434,0.07905965029699646,0.039253891899571736,0.001486215352604514,-0.16958277254374154,-0.16958277254374154,-0.15254237288135586,-0.1724137931034483,0.17077909461822416,0.0989282769991755,-3.129241516966068,-3.9113329418672933,1.4085227272727274,-0.14609469850263046,-0.09979959919839687,-0.1156421180766889,0.04545454545454541,-0.15810276679841895,-0.12034383954154725,0.0,-0.08294304275570341,-0.06778129236330765,-0.054054054054054064,0.2626986600186973
77,2013-03-30,-0.015032424037652146,-0.08549652401301101,-0.03798117533486178,-0.08528454023879672,-0.00017577095092080608,-0.0665578392817393,-0.1713938411669368,-0.1713938411669368,-0.18000000000000005,-0.16666666666666666,-0.28891470295386656,-0.00281320330082524,-1.407311928755566,-1.5607099636950383,-0.32790752535975465,0.016587677725118374,-0.0837043633125556,-0.09635237439779776,-0.004830917874396046,-0.02816901408450712,0.0933767643865362,0.08653846153846168,0.015156507413508937,-0.05719825496849251,-0.04285714285714271,-0.00020565975649888824
78,2013-06-29,0.03102921175210338,0.012937197056874794,-0.0021323967512307807,-0.034666892693676836,0.05168574442317464,0.018362480127186,-0.022004889975550168,-0.022004889975550168,-0.02439024390243893,-0.025000000000000026,0.1019836639439906,0.03667481662591676,-0.3486766398158804,-0.3093525179856115,-0.33696033696033695,0.0815850815850816,-0.10301263362487867,-0.11805026656511808,0.04951456310679614,0.0869565217391306,0.15193644488579938,0.0,0.01996105160662109,-0.06786632390745506,-0.044776119402985086,0.049286213847862914
79,2013-09-28,0.05708548814513015,0.07924814100798683,0.1030137330693568,0.21828079726051453,0.02994056463595829,0.052454921551791316,0.4750000000000001,0.4750000000000001,0.4749999999999999,0.48717948717948706,0.21368064379500207,-0.397133526850508,0.1537102473498233,-1.5744791666666669,0.2919534145050291,-0.004741379310344795,-0.03141928494041168,-0.049222797927461086,0.03237742830712298,-0.04888888888888887,0.07586206896551739,0.07964601769911495,-0.025616547334924245,-0.0027578599007170856,-0.046875,-0.11409527543618893
80,2013-12-28,0.019955605128601617,0.02341307814992022,-0.02840536767429269,-0.02212612612612608,0.0505662555002524,0.026032782021805145,-0.11016949152542377,-0.11016949152542377,-0.08474576271186429,-0.10344827586206884,0.053568312685395185,0.17995786939512493,0.012251148545176171,-0.2810516772438804,0.16246670764187665,0.04330879168471191,-0.0162192393736017,-0.00635785649409637,0.05017921146953408,0.009345794392523477,0.043269230769230616,0.0,0.030045721750489918,0.009402654867256777,-0.016393442622950838,0.04655897322416469
81,2014-03-29,-0.004612486195023746,-0.0476873207829448,-0.006099349011788213,-0.001179245283018826,-0.003742103817632514,-0.07734567008818849,-0.26476190476190475,-0.26476190476190475,-0.2777777777777778,-0.2692307692307693,-0.4201722424643922,-0.2989033409844427,0.2481089258698941,-2.1311475409836067,-0.1580895311949242,0.04151100041511002,-0.04206935758953945,-0.03564899451553927,-0.005119453924914752,-0.0092592592592593,0.019969278033794117,0.07377049180327866,0.0007926442612553598,-0.015342465753424685,-0.01666666666666672,-0.04655981731297842
82,2014-06-28,-0.0015119871209154925,-0.050664397460234316,-0.03977105092346733,-0.09600059031877216,0.020831179572004643,0.08359448448762152,0.4487046632124352,0.4487046632124352,0.4358974358974359,0.4473684210526317,0.5575549842902028,0.5518370316478721,0.7666666666666666,0.9264214046822744,-0.3617333054218128,0.13072937425269027,0.05875370919881305,0.06540284360189585,0.02658662092624353,0.13551401869158886,0.14231927710843384,0.0,0.022334864565182855,0.06343906510851416,0.0,0.05011975516721368
83,2014-09-27,-0.012822328499994541,-0.05161001172171276,0.061359306827259985,0.21655375071422744,-0.0535723327763431,0.052273877521509686,0.1863376251788269,0.1863376251788269,0.2142857142857142,0.2,0.04401247019989008,-0.7688701359587435,0.5804459691252144,-1.054398148148148,0.030829780255821507,0.16531547409235106,0.032511210762331766,0.03558718861209975,-0.030910609857978333,0.1358024691358024,0.07382992748846395,0.06870229007633588,-0.04121475054229928,0.01517530088958674,0.016949152542372836,-0.22043419496536576
84,2014-12-27,0.014787675465701478,0.00803373441419164,0.04481371044784765,0.07481213097155126,-0.003709450181013985,0.011474508726123434,0.10370817003316256,0.10370817003316256,0.13235294117647056,0.10606060606060597,0.01370103636044262,0.9310344827586208,-0.03646624701541135,-7.191489361702128,-0.18517340120903591,0.0362976406533575,0.10857763300760047,0.09793814432989678,0.017241379310344973,0.06884057971014501,-0.0030693677102516803,0.0,-0.01826115061409173,0.07989690721649477,0.01666666666666661,-0.062090263856531276
85,2015-03-28,-0.025990691200139197,-0.045582401730977266,-0.04014851347981496,-0.06142705537174609,-0.016844177928935774,-0.13178452550777794,-0.4558863698443049,-0.4558863698443049,-0.4545454545454546,-0.4383561643835616,-0.2349679431640963,-0.7641806722689075,-0.4877224600135166,-3.891752577319588,0.6571651698555252,-0.021307647402218244,0.019098922624877668,0.011737089201877993,-0.01864406779661021,-0.03728813559322042,-0.1102216748768472,0.06857142857142873,0.009382716049382678,0.004773269689737568,0.0,0.016867887470394468
86,2015-06-27,0.010338744612911066,0.009219375802916874,-0.053259049708446415,-0.10016627868307283,0.0504515330274562,0.032391831625068424,0.35843373493975905,0.35843373493975905,0.3571428571428571,0.3414634146341464,-0.2208380520951302,1.8841870824053448,-0.14467897977132804,-0.875222816399287,0.049481621112158265,-0.026841634357291918,-0.00048053820278715076,-0.003866976024748614,0.04835924006908465,-0.007042253521126751,-0.0387543252595155,0.0,0.03979125896934122,0.0038004750593823022,0.0,0.12157018689996013
87,2015-09-26,0.08906864695221682,0.3554848371396482,0.2639875598377901,0.1146426195579866,-0.010364849640350116,0.09624857900719964,0.14892830746489286,0.14892830746489286,0.14035087719298267,0.16363636363636358,0.6671511627906976,6.078764478764478,-4.10694087403599,11.433333333333335,0.5862146385271665,-0.13545816733067728,-0.022115384615384537,-0.03881987577639756,-0.0032948929159802853,-0.17730496453900713,-0.13606911447084236,0.06417112299465244,-0.09127979924717676,-0.016090866067203002,-0.016393442622950838,0.21607658410575906
88,2015-12-26,0.04579308385420888,0.11465267228283382,0.012664334820890131,0.038925729442970784,0.06984605145629375,0.031040442447286543,0.1621100032164684,0.1621100032164684,0.18461538461538465,0.140625,-0.053705318221447314,-1.2975891785753246,-0.9854376965083568,2.157027958636537,1.1667374380750175,0.13541297412265152,-0.02704031465093415,-0.033117932148626794,0.06859504132231398,0.14224137931034495,0.14583333333333326,0.0,0.02295478080773217,-0.007696007696007645,-0.033333333333333326,0.07288933316672908
89,2016-04-02,0.02330568088099749,-0.3211170581821786,0.05509766555502616,0.11865704985000325,0.001456986166816776,-0.0812659246345715,-0.4337115970107943,-0.4337115970107943,-0.4415584415584416,-0.4246575342465754,-0.2528100239543025,-6.689149560117303,-9.886363636363637,-2.485745481014194,-0.8000391951920565,-0.006244146113019156,-0.021728145528044474,-0.035923141186299024,0.002320185614849368,-0.07169811320754715,-0.006545454545454521,0.0653266331658291,-0.021427366289860084,-0.011633543383422262,-0.017241379310344862,-0.39314414379440205
90,2016-07-02,0.041377871751353545,0.13837281454173822,0.0941683787505927,0.06761383087983575,0.003154935103148349,-0.012333965844402273,-0.3499511241446725,-0.3499511241446725,-0.34883720930232553,-0.3571428571428571,-0.051787916152897684,-0.7313144329896908,-2.469309462915601,-1.067281783293868,0.2691930741587716,-0.016336789192585632,-0.13326446280991733,-0.1603119584055459,0.0007716049382715529,-0.016260162601625994,-0.020497803806734938,0.0,-0.03672413793103446,-0.12506130456105935,-0.05263157894736825,0.06627430910951904
91,2016-10-01,0.02172428549316674,0.16121585225086574,0.013164410696599571,0.07386029608251833,0.028484364560757317,0.16589078548732727,1.5398496240601505,1.5398496240601505,1.5357142857142851,1.5555555555555554,0.4975292587776332,-0.35659472422062355,-2.9216710182767622,0.052184466019417515,0.22316602316602308,0.1248802299584797,0.001787842669844997,-0.006191950464396356,0.02698535080956055,0.12396694214876035,0.2780269058295965,0.06132075471698116,0.006622516556291425,0.0033632286995515237,0.0,0.08135349172066242
92,2016-12-31,0.009891549408734823,-0.019549370444002626,-0.058714512647142676,0.010401632409296813,0.04929097678840222,0.03777411585752311,0.05447010065127289,0.05447010065127289,0.07042253521126772,0.07246376811594213,0.4154220215352553,0.2836377189713009,0.7653985507246377,-0.06805074971164937,0.17003367003366998,0.01817149346961955,-0.025580011897679892,-0.028037383177569986,0.05180180180180183,-0.011029411764705954,-0.005847953216374324,0.0,0.03911806543385499,-0.02960893854748603,0.0,-0.029627163781624444
93,2017-04-01,0.020480556266379683,0.015489467162329571,0.03693286310824551,0.0494039996059501,0.009331682420801402,-0.0963722975448882,-0.16788321167883213,-0.16788321167883213,-0.17105263157894735,-0.17567567567567566,-0.5217177914110429,-0.1933797909407665,-0.5520779887121601,-1.7747524752475248,-0.11258992805755397,0.01924149470161729,0.06532356532356531,0.0641025641025641,0.012847965738757905,-0.02973977695167285,0.014117647058823346,0.058888888888888775,-0.010951403148528494,0.06908462867012101,0.0,-0.03230417381360795
94,2017-07-01,0.055850511898173805,0.1264351877530645,0.09769227559153704,-0.11842290542126264,0.026644126623182274,-0.002230332522303313,-0.05263157894736848,-0.05263157894736848,-0.04761904761904767,-0.049180327868852514,0.20754232939969208,-0.482361411087113,-2.9954180985108816,-11.787539936102235,1.3686663964329149,-0.03091655266757853,0.10028653295128942,0.1024096385542168,0.02889358703312195,-0.04214559386973171,-0.11078886310904867,0.0,-0.027681660899653848,0.10931610123855663,-0.01851851851851849,0.2776957163958642
95,2017-09-30,0.040792092181447526,-0.1837407981879509,0.05082877128953767,0.10153338302630187,0.033675774134790615,0.09388335704125184,0.6082621082621082,0.6082621082621082,0.6000000000000001,0.6206896551724139,0.3307839388145315,3.3922114047287897,-1.7347876004592422,-1.3867910558270398,-0.2234961923504749,0.007622811970637855,0.05833333333333335,0.05555555555555558,0.038356164383561715,-0.024000000000000018,-0.11154598825831707,0.0577124868835257,-0.006761565836298944,0.08300970873786406,-0.018867924528301886,-0.2589595375722543
96,2017-12-30,-0.030207415334256527,-0.110212945647584,-0.034694837379255494,-0.15795833534728598,-0.027024359986466684,-0.6531054554461577,-1.1521257750221434,-1.1521257750221434,-1.15625,-1.1595744680851063,0.15597062579821208,-0.1719442685243825,1.989453125,1.1600306278713628,-0.6217079889807162,0.20089660969459236,-0.3139763779527559,-0.3209663503019844,-0.024406332453825952,0.1598360655737705,0.09618208516886928,0.0,0.00322465066284483,-0.16136261766024207,-0.1923076923076924,0.05672386895475823
97,2018-03-31,0.04338371913768069,0.07220338983050856,0.07994153361816947,0.14580104471614708,0.016604123502224066,1.8679043198857548,-7.483260553129549,-7.483260553129549,-7.333333333333332,-7.2,-0.13216406573677664,-0.08393881453154872,-0.8207238991245264,-1.021446295639844,0.03524614040198082,0.11782547830144653,0.14203730272596848,0.12452350698856395,0.018255578093306468,0.14487632508833936,0.6208975217682517,0.059523809523809534,-0.0257142857142858,0.12720470336718348,0.0,-0.06424943899846458
98,2018-06-30,-0.020404989268717588,-0.1273158393929813,-0.040933541558216165,-0.11973348028655885,-0.0016817501603363374,0.055769948960537885,0.1239335428828019,0.1239335428828019,0.1368421052631581,0.129032258064516,0.17966263526416304,-0.7509914422876226,4.21865889212828,-8.768595041322314,-0.2644907146876758,0.09476101022751003,0.19158291457286425,0.1898305084745764,0.00863213811420982,0.07407407407407396,-0.05785123966942141,0.0,0.019244868035190654,0.15030820293978198,0.023809523809523725,-0.00864571500694189
99,2018-09-29,0.018019877433080426,0.07198492917436505,0.017604168551319962,0.11399465027602294,0.02050052107870437,0.1297606414337933,0.2780663204155014,0.2780663204155014,0.2962962962962961,0.3142857142857141,0.1918251719951436,1.8792958927074603,-0.35656424581005586,-1.843617021276596,0.3033664881407805,-0.07187797902764548,0.13969425408539804,0.13865147198480532,0.03094140882159313,-0.08045977011494243,-0.2293859649122807,0.056179775280898785,0.0023377090451357496,0.082028029678483,0.06976744186046524,-0.037685403272009636
100,2018-12-29,-0.0021755743048299525,-0.027137546468401497,-0.0580150771637864,-0.15060794932052726,0.04308716757830533,-0.02640505140113758,-0.18802750859643635,-0.18802750859643635,-0.1785714285714286,-0.1811594202898551,-0.2190152801358234,-0.47016011644832595,0.1868895159539832,-1.489281210592686,-0.11388318168476665,-0.046425636811832316,0.36077705827937107,0.3753127606338613,0.05874840357598976,-0.07500000000000008,-0.1770062606715993,0.0,0.04538930749910297,0.1321904761904762,0.19565217391304346,0.14533306873056828
101,2019-03-30,0.01168306463587121,0.009483447389446729,0.04796058964534455,0.1374353422350536,-0.012097152743317685,-0.13914348501902776,-0.2350336862367661,-0.2350336862367661,-0.2347826086956521,-0.23008849557522115,-0.2813043478260869,0.4956043956043956,-0.6155815654718362,-1.3479381443298968,0.04471679364027814,0.07044377423524327,-0.034670292318151115,-0.024863553668890148,-0.007840772014475195,0.0135135135135136,-0.2344398340248963,0.05585106382978733,-0.02351124077569944,-0.02288021534320328,0.0,-0.1124523506988565
102,2019-06-29,0.010049591373263887,0.006159669649002053,0.0007744677785381793,0.04198614562952785,0.017458356525162474,0.027644604943652284,0.051585304479114136,0.051585304479114136,0.06818181818181812,0.057471264367816126,0.5299455535390201,0.2079353416605436,1.1817316841103709,-3.1259259259259258,-0.09099556119213692,0.03099215133829736,-0.055985915492957616,-0.04912935323383083,0.02857142857142869,0.03666666666666663,0.0442637759710931,0.0,0.007381370826010647,-0.03409090909090895,0.0,-0.03442441595626988
