,Quarter end,Assets,Current Assets,Liabilities,Current Liabilities,Shareholders equity,Revenue,Earnings,Earnings available for common stockholders,EPS basic,EPS diluted,Cash from operating activities,Cash from investing activities,Cash from financing activities,Cash change during period,Cash at end of period,Price,ROE,ROA,Book value of equity per share,P/B ratio,P/E ratio,Cumulative dividends per share,Equity to assets ratio,Net margin,Asset turnover,Current ratio
0,1993-12-31,0.024291984847573774,-0.0018177686889343516,0.0374783778589276,0.09279121975555003,0.0022489959839357976,0.06414762741652025,0.2083333333333333,0.2083333333333333,0.2068965517241379,0.1200000000000001,-0.1560693641618497,-0.5795246800731262,-0.3976377952755905,-1.5882352941176472,-0.4917355371900826,0.15740740740740744,0.4535714285714285,0.1974358974358974,0.023721881390593055,-0.10135135135135133,-0.2844071673656119,inf,-0.021640395404755486,0.3849372384937237,0.046511627906976834,-0.0866278010566589
1,1994-03-31,0.024291984847573774,-0.0018177686889343516,0.0374783778589276,0.09279121975555003,0.0022489959839357976,0.06414762741652025,0.2083333333333333,0.2083333333333333,0.2068965517241379,0.1200000000000001,-0.1560693641618497,-0.5795246800731262,-0.3976377952755905,-1.5882352941176472,-0.4917355371900826,0.15740740740740744,0.4535714285714285,0.1974358974358974,0.023721881390593055,-0.10135135135135133,-0.2844071673656119,inf,-0.021640395404755486,0.3849372384937237,0.046511627906976834,-0.0866278010566589
2,1994-06-30,0.01995890813031997,0.05554290917368543,0.02454612819562807,-0.03172791600091307,0.01202115723673658,0.06414762741652025,0.2083333333333333,0.2083333333333333,0.2068965517241379,0.1200000000000001,-0.1560693641618497,-0.5795246800731262,-0.3976377952755905,-1.5882352941176472,0.5691056910569106,-0.07917241379310336,0.4535714285714285,0.1974358974358974,0.010787055533360013,-0.10135135135135133,-0.2844071673656119,1.0,-0.007646095030038325,0.3849372384937237,0.046511627906976834,0.0901565772414481
3,1994-09-30,0.018532374100719503,0.01984041406081527,0.01781032456378262,-0.08085808580858089,0.01979727589483682,0.04376548307184147,0.2528735632183907,0.2528735632183907,0.2428571428571429,0.1200000000000001,1.712328767123288,0.37826086956521743,-1.5163398692810457,-0.9571428571428572,0.015544041450777256,0.09916117435590156,0.4535714285714285,0.1974358974358974,0.017391304347825987,0.09022556390977443,-0.2844071673656119,0.5,0.0011007154650524154,0.3849372384937237,0.046511627906976834,0.10959656024151497
4,1994-12-31,0.00785443860541335,0.021357580883907712,0.005684846331497573,0.03462426263144392,0.011647771393073379,0.08834388185654007,-0.1834862385321101,-0.1834862385321101,-0.1839080459770115,0.1200000000000001,0.4141414141414141,0.41324921135646697,-0.5316455696202531,23.66666666666667,0.37755102040816335,0.010902153175252229,0.4535714285714285,0.1974358974358974,-0.013209013209013245,-0.006896551724137946,-0.2844071673656119,0.3333333333333333,0.003848268279274425,0.3849372384937237,0.046511627906976834,-0.012861736334405238
5,1995-03-31,0.04305898183449197,0.09275362318840584,0.03930400989224525,0.1160138820029748,0.049585508136321683,0.08844196753089406,1.7640449438202248,1.7640449438202248,1.7464788732394363,0.1200000000000001,-0.5839285714285714,-0.3102678571428571,-0.9189189189189187,-2.0,-0.27407407407407397,0.01132380695605262,0.4535714285714285,0.1974358974358974,0.06259842519685033,0.0277777777777779,-0.2844071673656119,0.25,0.006297918948521275,0.3849372384937237,0.046511627906976834,-0.02079679278376345
6,1995-06-30,0.2759621586755536,0.17506631299734754,0.2418628367468343,0.3822745446468237,0.047096679830334935,0.1317898486197684,0.2845528455284554,0.2845528455284554,0.27692307692307705,0.1200000000000001,1.1759656652360513,2.8478964401294498,-277.0,-3.0405405405405403,0.7704081632653061,0.05811783524393487,0.3857493857493857,0.1974358974358974,0.04186735828084487,-0.0067567567567568,-0.2844071673656119,0.2,-0.17931972789115647,0.3111782477341392,0.0,-0.14994882292732858
7,1995-09-30,-0.0017693150223270226,-0.0161238310222509,-0.032847464586327264,-0.13787562269002085,0.0597848861572845,0.01199842643587723,0.03797468354430378,0.03797468354430378,-0.4899598393574297,0.1200000000000001,0.4378698224852071,-0.5937762825904119,-1.2608695652173914,-0.8344370860927153,0.07204610951008639,0.08339632149155962,0.2358156028368794,0.1974358974358974,0.034850640113798015,0.04081632653061229,-0.23867874267448064,0.1984126984126984,0.061671087533156525,0.195852534562212,0.0,0.14128035320088286
8,1995-12-31,0.011858541525995971,-0.03752867912159952,0.0056605108611051955,-0.09356943150046604,0.02767892447607756,-0.01341107871720115,-0.19817073170731705,-0.19817073170731705,-0.19685039370078736,0.1200000000000001,0.06858710562414272,0.19047619047619047,0.2407407407407407,-3.4,-0.16129032258064513,-0.11488372093023247,0.1262553802008608,0.09635974304068527,0.024742268041237025,-0.14379084967320255,-0.3072078376487053,0.16556291390728473,0.015615240474703418,0.1213872832369942,-0.022222222222222254,0.061807631440126576
9,1996-03-31,0.1930600158485214,0.08496509450025536,0.2157883627664814,0.4914661731441496,0.196870591253046,-0.05476753349093777,-0.6273764258555132,-0.6273764258555132,-0.6470588235294118,0.1200000000000001,-0.5481386392811296,1.6800000000000002,-5.753731343283582,-2.45,0.2788461538461537,0.013137151865475484,-0.1968152866242039,-0.21484375,0.04896042924211952,-0.01526717557251911,-0.13636363636363635,0.14204545454545436,0.0030750307503075724,-0.14089347079037795,-0.09090909090909084,-0.2725842510557258
10,1996-06-30,-0.012584772425365265,-0.040332705586942914,-0.016435185185185164,-0.08410312973941814,0.003964852121731699,0.061483951646519326,0.010204081632652963,0.010204081632652963,-0.08333333333333326,0.1200000000000001,-0.04261363636363635,-0.7657365347177157,-1.0078492935635792,-1.4252873563218391,-0.09273182957393487,0.04071576763485485,-0.2664551942902458,-0.2487562189054726,-0.0012787723785167016,-0.007751937984496138,0.20467836257309946,0.12437810945273632,0.016860821581851537,-0.21600000000000008,-0.03749999999999998,0.047808764940239
11,1996-09-30,0.011258231253982842,0.014390842191332798,0.015297717109908238,-0.016107180490742112,0.004803073967339033,0.0029452189279404184,0.1212121212121211,0.1212121212121211,0.1212121212121211,0.1200000000000001,0.6617210682492582,0.4930747922437673,-2.9,-2.1621621621621623,0.1187845303867403,0.01395464739596308,-0.31243243243243235,-0.3079470198675498,0.0038412291933418437,0.015625,0.3252427184466018,0.11061946902654872,-0.006331022007838415,-0.2755102040816326,-0.051948051948051965,0.031070070613796963
12,1996-12-31,-0.010922839938383944,-0.033048524907302916,-0.012343532684283677,-0.09822521419828643,-0.00743573401317188,0.0070477682067344736,-1.045045045045045,-1.045045045045045,-1.027027027027027,0.1200000000000001,-0.125,0.0,-1.1578947368421053,-2.232558139534884,-0.1308641975308642,0.01695748341115766,-0.4905660377358492,-0.4880382775119617,-0.009247448979591844,0.015384615384615332,0.4571428571428571,0.09960159362549792,0.003337378640776656,-0.471830985915493,-0.0273972602739726,0.07217363818354228
13,1997-03-31,-0.0034687809712586892,0.035678559519839885,-0.006688963210702337,-0.000508992195452973,-0.003317636986301386,-0.05482115085536543,-7.8,-7.8,-12.0,0.1200000000000001,-0.5081632653061224,-0.6419294990723562,-59.0,-4.9245283018867925,0.5909090909090908,-0.004591590140164414,-0.21296296296296305,-0.2149532710280374,-0.0035403926617315618,0.007575757575757569,0.9723479135243841,0.0905797101449275,0.00030238887208944304,-0.21333333333333335,0.0,0.03626179245283012
14,1997-06-30,-0.014243091567805675,-0.0030585962652930343,0.010337291039045349,0.05584790358173475,-0.055835928272307545,0.035376388317564844,-13.323529411764708,-13.323529411764708,-13.636363636363635,0.1200000000000001,0.06224066390041494,0.7409326424870466,-1.0919540229885056,-1.5048076923076923,-0.1875,0.09881039087157073,-2.1882352941176477,-2.178571428571429,-0.060723514211886376,0.09774436090225548,0.4422635737955647,0.0830564784053156,-0.042321644498186095,0.0,0.0,-0.055761024182076735
15,1997-09-30,-0.012935538500342349,0.005328596802841812,-0.015844246959775488,-0.04389067524115753,-0.0050039804389855344,0.016885180770758845,-1.243436754176611,-1.243436754176611,-1.2446043165467626,0.1200000000000001,0.1015625,-0.29166666666666663,2.25,-1.1333333333333333,0.030769230769230663,0.20702607158638986,0.04950495049504955,0.040404040404040435,-0.004814305364511551,0.2876712328767124,0.0,0.07668711656441718,0.008207070707070718,0.0,0.014084507042253502,0.05142111077633826
16,1997-12-31,-0.02336278017084037,-0.04513331191776426,-0.02566387453216901,-0.17941819404741888,-0.004457652303120341,-0.007423324868138349,0.2941176470588236,0.2941176470588236,0.2941176470588234,0.1200000000000001,0.6418439716312057,-0.6386554621848739,7.6923076923076925,-6.071428571428571,-0.15138592750533053,-0.09957898590518044,-0.4654088050314466,-0.4660194174757282,-0.006565307532826581,-0.0957446808510638,0.0,0.07122507122507127,0.019411396368190337,0.0,0.013888888888888841,0.1636259432610565
17,1998-03-31,0.005457127906107528,0.007905803195962902,0.0030485945978904194,-0.010450819672131129,-0.0078071182548794535,-0.04192088171619757,-0.43181818181818177,-0.43181818181818177,-0.43181818181818177,0.1200000000000001,-0.5097192224622029,2.627906976744186,-1.4823008849557522,-2.915492957746478,0.34170854271356776,-0.049400284610693235,-0.2588235294117648,-0.2727272727272727,-0.022260869565217445,-0.04117647058823537,0.0,0.0664893617021276,-0.013206388206388307,0.0,0.013698630136986356,0.01855196191101616
18,1998-06-30,-0.013345724907063206,0.010514018691588856,-0.030028569691812,-0.16649409815696836,0.042929877343207634,-0.033073130649137195,0.14666666666666672,0.14666666666666672,0.1200000000000001,0.1200000000000001,0.3480176211453745,-0.4230769230769231,-1.256880733944954,-0.6764705882352942,0.08239700374531833,0.04533789563729696,-4.571428571428571,-4.675,0.0434009249377445,0.06748466257668717,0.0,0.06234413965087283,0.05695611577964521,0.6949152542372883,0.0,0.21236299161831074
19,1998-09-30,0.02030820240382813,0.08158546655656472,0.032712915961646834,-0.023850931677018683,-0.00488183734605574,0.04928829403016777,-0.7558139534883721,-0.7558139534883721,-0.75,-0.75,0.5392156862745099,0.6611111111111112,-2.7142857142857144,5.340909090909091,0.4826989619377162,-0.1317512274959084,-0.21111111111111114,-0.20408163265306126,-0.004773269689737347,-0.16666666666666674,-0.4273594909862142,0.058685446009389734,-0.024734982332155545,-0.2,-0.013513513513513488,0.1080236654922555
20,1998-12-31,-0.026735598227474174,-0.08230264162467549,-0.03841252503185877,-0.07457368287095956,-0.007470175047385451,0.017817371937639104,1.5714285714285716,1.5714285714285716,1.4285714285714284,1.4285714285714284,0.4161358811040339,-0.14715719063545152,-9.375,-2.3620071684587813,-0.4434072345390898,0.05301602262016969,-0.2507042253521127,-0.2478632478632479,-0.006166495375128478,0.055172413793103565,0.3262345679012346,0.055432372505543226,0.01992753623188404,-0.24375,0.0,-0.008339332853371741
21,1999-03-31,-0.008195477310669275,-0.008485856905158018,0.0012621481761958544,0.01980198019801982,-0.025275219051898445,-0.012930177043962598,-0.18518518518518526,-0.18518518518518526,-0.17647058823529405,-0.17647058823529405,-0.5967016491754122,-0.3058823529411765,-0.8047263681592042,-0.8052631578947369,-0.15513626834381555,-0.029313045424032125,-0.13157894736842102,-0.125,-0.02861082385384361,-0.019607843137254943,0.31114731207819424,0.05252100840336138,-0.017465956187093012,-0.14049586776859502,0.013698630136986356,-0.02770887531006116
22,1999-06-30,0.1787299158377964,0.20842423225373372,0.18057481406781808,0.2478425026968716,0.19834044024432407,0.2083837162434503,-2.6136363636363638,-2.6136363636363638,-2.2142857142857144,-2.2142857142857144,0.6133828996282529,0.4858757062146892,-1.0,-3.22972972972973,0.5483870967741935,0.17773167358229602,-0.7748917748917749,-0.7792207792207793,-0.10787792760823277,0.2066666666666668,0.3739794107206247,0.04990019960079839,0.01687255197348625,-0.7788461538461539,0.027027027027026973,-0.03160973181507065
23,1999-09-30,-0.010547838504478824,0.00013886960144415816,-0.017778015055256002,-0.05014047979252212,0.0015387574533565207,0.042528352234823215,-3.0,-3.0,-3.0,-3.0,0.04608294930875578,0.08365019011406849,-inf,-2.6424242424242426,-0.4342948717948718,0.008025053826580475,2.3846153846153846,2.4705882352941178,0.00039777247414463085,0.1325966850828728,2.1680661413254105,0.047528517110266184,0.01214814814814802,2.3043478260869565,0.02631578947368429,0.05294609008545903
24,1999-12-31,-0.0071833896414865706,0.005415162454873722,-0.0008153060115230204,-0.0029579067121728864,-0.01056270405223736,0.17805151175811873,-0.5211267605633803,-0.5211267605633803,-0.6470588235294118,-0.6470588235294118,0.2577092511013215,0.26315789473684204,-0.7522727272727272,-1.3690036900369005,0.2832861189801699,-0.016893203883495134,0.04545454545454541,0.05084745762711873,-0.00994035785288272,-0.01951219512195124,-0.5698907192953842,0.04537205081669682,-0.0035128805620610053,-0.02631578947368418,0.07692307692307687,0.008360285592237782
25,2000-03-31,0.042321924144310914,0.19776273995304505,0.05102540390578248,0.24942948425376546,0.021836180124223503,-0.13484519282998375,4.5588235294117645,4.5588235294117645,6.583333333333334,6.583333333333334,-0.0630472854640981,-2.205555555555556,-2.431192660550459,10.21,2.4746136865342163,-0.08275725854236626,1.7010869565217392,1.7096774193548383,0.019678714859437733,-0.06965174129353212,0.02389078498293506,0.04340277777777768,-0.019682726204465317,1.689189189189189,0.0,-0.04133381747760834
26,2000-06-30,0.40910963897429387,0.09927360774818396,0.5378603591946587,0.4268493150684931,0.23857916231361,0.06419714330560344,-0.2857142857142857,-0.2857142857142857,-0.2967032967032968,-0.2967032967032968,-0.1906542056074766,-12.576036866359448,25.93589743589743,-1.3826940231935771,-0.272554002541296,-0.18712316968130915,0.5593561368209254,0.4940476190476193,0.06222922410397791,-0.20320855614973266,-0.7087037037037036,0.041597337770382666,-0.12106682649085998,0.6130653266331656,-0.0714285714285714,-0.22959409128211605
27,2000-09-30,-0.03353877991722154,0.06607929515418509,-0.0251068555850974,-0.02892985151049665,-0.035963499731615715,0.15058997050147482,-1.5,-1.5,-1.4375,-1.4375,1.1062355658198617,-0.9006767515923567,-1.073060447405997,-1.0606060606060606,0.022707423580786038,-0.15470198675496696,-0.3548387096774193,-0.3784860557768924,-0.0315164998146088,-0.20805369127516785,-0.4952320406865861,0.039936102236421744,-0.0023866348448686736,-0.36137071651090336,-0.02564102564102566,0.0978367748279254
28,2000-12-31,-0.01992319329686953,0.028630460448642262,-0.008526944454033902,-0.02280516741365679,-0.04279350938593696,-0.07345212152288172,1.748148148148148,1.748148148148148,1.714285714285714,1.714285714285714,-0.39692982456140347,-1.3507014028056112,1.1400651465798046,0.03846153846153855,0.02305721605465405,0.08617988091507356,-0.764,-0.7756410256410257,-0.04594180704441042,0.12711864406779672,0.5705289672544079,0.03840245775729656,-0.023239917976760168,-0.7560975609756098,-0.07894736842105265,0.052694432004776866
29,2001-03-31,-0.03783039255266096,-0.029459588713534164,-0.04697075208913648,-0.09618238230136243,-0.018364633538308084,-0.04620918649695627,-0.8814016172506739,-0.8814016172506739,-0.8815789473684209,-0.8815789473684209,-0.901818181818182,2.662857142857143,0.11719939117199395,-3.9259259259259265,-0.06594323873121866,0.09867282169648006,-2.9152542372881363,-2.8857142857142857,-0.018459069020866803,0.15037593984962405,1.9939855653568563,0.03698224852071008,0.02029391182645224,0.0,-0.02857142857142847,0.0738088485536017
30,2001-06-30,-0.029395794254121862,-0.06711343254163793,-0.02250557159036937,-0.13223880597014925,-0.049437060865148534,-0.030171163330432238,6.113636363636362,6.113636363636362,6.222222222222222,6.222222222222222,3.462962962962963,-1.5569422776911075,-0.6594005449591279,3.759493670886076,-0.3360142984807865,-0.024159663865546244,2.20353982300885,2.1666666666666665,-0.04987735077677846,-0.006535947712418277,0.0,0.03566333808844502,-0.020919067215363633,0.0,0.014705882352941124,0.07500825354902617
31,2001-09-30,0.0004322949777495477,0.04933446017325172,0.014838347972341516,0.0008599931200550247,-0.03464244367263336,-0.02348190248279991,-0.12140575079872208,-0.12140575079872208,-0.1230769230769232,-0.1230769230769232,2.0331950207468883,-1.9635854341736696,-1.9040000000000001,-4.393617021276596,1.7173620457604306,-0.01506996770721192,0.20718232044198887,0.19138755980861252,-0.03227194492254737,0.03289473684210531,0.0,0.03443526170798905,-0.03502626970227652,0.0,-0.014492753623188246,0.04846139672010308
32,2001-12-31,0.07033196075440995,-0.16319339575153524,0.05774896876841496,-0.07647362089706132,0.11014760147601477,0.2361770562107521,-3.8145454545454553,-3.8145454545454553,-3.8596491228070176,-3.8596491228070176,-0.058823529411764726,-1.4912790697674418,-6.929203539823009,-1.6230407523510968,-0.3937592867756316,0.030054644808743317,-1.1418764302059496,-1.1405622489959841,0.1084926634059582,0.07006369426751591,0.0,0.0332889480692411,0.03738656987295808,0.0,0.02941176470588225,-0.09390743995313412
33,2002-03-31,-0.12427272079602936,0.025144369586140414,-0.12197075208913645,-0.07368812802381841,-0.13927206248961274,-0.2518894808573907,-0.9160206718346252,-0.9160206718346252,-0.9202453987730062,-0.9202453987730062,-0.6773255813953488,-0.011834319526627168,-0.7649253731343284,-0.6767295597484277,-0.20996732026143794,0.11511936339522545,0.8225806451612903,0.8285714285714285,-0.13959085439229846,0.005952380952380931,0.7594750234364536,0.03221649484536093,-0.0171448565430371,0.8399999999999999,-0.014285714285714348,0.1066787353720826
34,2002-06-30,-0.00241349387135259,-0.04600399014200207,-0.012253638418527224,-0.10988348734431497,0.008882023556671115,0.044219940377608465,2.3076923076923075,2.3076923076923075,2.4615384615384617,2.4615384615384617,1.189189189189189,-1.6467065868263473,1.2285714285714286,-0.4980544747081712,-0.13340227507755942,0.003092293054234085,2.1548672566371683,2.140625,0.01118881118881121,0.16568047337278102,-0.4056172933475415,0.03121098626716612,0.011391954432182327,2.141304347826087,0.0,0.07179996494712859
35,2002-09-30,-0.013917960148965623,-0.014023865174068171,-0.0075477758149992144,0.15842924847664186,-0.02784688995215312,0.006026962727993634,-0.32558139534883723,-0.32558139534883723,-0.33333333333333337,-0.33333333333333337,0.4814814814814814,-1.953703703703704,-0.415954415954416,-2.2093023255813957,0.18615751789976145,-0.10078254683424236,0.5638148667601683,0.5671641791044777,-0.023513139695712337,-0.1116751269035533,-0.7039313612498399,0.03026634382566584,-0.014079549454417473,0.5501730103806228,0.014492753623188468,-0.14886078709255413
36,2002-12-31,-0.06844934527911782,-0.03456019962570178,0.01007281553398065,-0.10792908630430542,-0.2741411556255537,-0.00835566766514273,-10.0,-10.0,-10.066666666666668,-10.066666666666668,-0.07499999999999996,2.087378640776699,-0.25609756097560976,-0.4871794871794872,0.08048289738430592,-0.06434599156118159,-1.823318385650224,-1.7777777777777777,-0.2728989612842304,-0.040000000000000036,-0.3884083044982699,0.029377203290246845,-0.2209925026776152,0.0,0.0,0.08222862632084517
37,2003-03-31,0.045868844696969724,0.18880847764280184,0.04922103408226208,0.01747106355099359,0.014646053702196847,-0.03418124006359302,-1.0337164750957857,-1.0337164750957857,-1.0330882352941178,-1.0330882352941178,-0.8093093093093093,-0.4528301886792453,-4.8491803278688534,13.3,1.0651769087523275,0.010992108229988641,0.10675381263616536,0.032653061224489736,0.014285714285714237,0.3869047619047621,0.0,0.028538812785388057,-0.029789184234647163,0.0,0.0,0.1684123320906563
38,2003-06-30,-0.007526455774998553,-0.06848570496793127,-0.02733033055958467,0.09637261214852977,0.050120288692862884,0.031111111111111086,1.0,1.0,1.1111111111111112,1.1111111111111112,3.456692913385827,0.3850574712643677,-2.029812606473594,-1.6888111888111887,-0.3552750225428314,0.011430164482854943,0.23129921259842526,0.15810276679841895,0.04865556978233032,-0.0042918454935623185,0.0,0.027746947835738167,0.058101086443079764,0.0,0.014285714285714237,-0.1503671815649531
39,2003-09-30,-0.012487170715018814,-0.00653518496907457,-0.014716270308453015,0.008809710258418145,-0.007891052564592105,0.017401021711366482,0.3863636363636365,0.3863636363636365,0.3157894736842106,0.3157894736842106,0.07597173144876335,0.5311203319502074,-0.9346567411083541,-1.1700507614213198,0.0937062937062938,0.058710033076074815,0.10151878497202248,0.03412969283276457,-0.009768009768009732,0.008620689655172377,0.0,0.02699784017278617,0.0044642857142858094,0.0,0.014084507042253502,-0.01525989508822134
40,2003-12-31,0.025607714071251172,0.09679313990367676,0.015175050782650247,0.32020182418008925,0.056703014753046725,0.014749725404048288,-0.6065573770491803,-0.6065573770491803,-0.6,-0.6,-0.1461412151067324,0.3089430894308942,-9.924050632911392,4.962686567164178,0.5108695652173914,0.04009372559229374,-1.2793904208998548,-1.2838283828382842,0.04562268803945768,0.05128205128205132,0.0,0.026288117770767668,0.03066666666666662,-0.7321428571428572,0.0,-0.16918886198547212
41,2004-03-31,-0.007938071780436262,0.008353860983185246,-0.00455116133082234,-0.041893282375422565,0.0012140342357653822,-0.015927014071439594,0.5208333333333333,0.5208333333333333,0.4999999999999998,0.4999999999999998,-0.5692307692307692,-0.6915113871635611,-1.2950354609929078,-1.1739674593241551,-0.058823529411764726,0.06157697121401728,0.07012987012987026,0.09302325581395343,0.001768867924528239,0.016260162601626105,3.76096181046676,0.02561475409836067,0.009055627425614388,0.08333333333333326,0.013888888888888841,0.05245901639344242
42,2004-06-30,-0.031183497432114127,-0.08953797132235798,-0.048202743181459895,-0.17367290579932493,0.002425124287619651,0.019170333123821548,1.643835616438356,1.643835616438356,1.666666666666667,1.666666666666667,1.1026785714285716,-3.0201342281879198,4.581730769230768,1.6043165467625895,-0.16276978417266186,-0.024758311718934167,0.30097087378640786,0.3297872340425532,0.0005885815185404653,-0.027999999999999917,-0.10962566844919787,0.024975024975024903,0.03461538461538472,0.30769230769230793,0.013698630136986356,0.10176531671858767
43,2004-09-30,0.014614573570759237,0.1655389640690621,0.04314878462876304,0.1052729298180468,-0.0500786258618604,0.014184397163120588,-3.435233160621762,-3.435233160621762,-3.425,-3.425,0.28025477707006363,-2.5448504983388704,-0.8156761412575366,-0.9060773480662984,-0.018259935553168627,0.0019342359767891004,-1.3563432835820894,-1.36,-0.0505882352941176,0.00411522633744843,-0.23189856523189856,0.024366471734892814,-0.06361007847996691,0.0,0.0,0.054539742381401135
44,2004-12-31,-0.012296856507808207,-0.06726053448103297,-0.030804652455242002,-0.18158911473206785,0.05106328791544623,-0.06962602614776525,-1.3595744680851063,-1.3595744680851063,-1.3608247422680413,-1.3608247422680413,0.8076285240464345,-1.7913978494623657,2.981308411214953,-23.588235294117645,0.4201312910284465,-0.03909266409266399,-0.7748691099476439,-0.7777777777777778,0.04275092936802949,0.012295081967213184,0.0,0.0237868696479544,0.0639611821790913,0.0,0.0,0.1397247214443187
45,2005-03-31,-0.026711868369523883,-0.06760382015237687,-0.037108335039934486,-0.0704022988505747,-0.0004846135207172697,0.0702614379084967,-0.5443786982248521,-0.5443786982248521,-0.5428571428571428,-0.5428571428571428,-0.8577981651376146,-1.7472826086956523,0.10563380281690148,-2.389322916666667,-0.4110169491525424,-0.01732797589151169,-0.11627906976744184,-0.10000000000000007,-0.0005941770647651668,-0.05668016194331992,0.0,0.023234200743494467,0.026948590381426163,0.0,0.027027027027026973,0.002979924717691373
46,2005-06-30,-0.02273068492328023,-0.07572793186787896,-0.02365051682334429,0.015897549127842803,-0.01866666666666672,-0.005496183206106897,0.0,0.0,0.0,0.0,1.7354838709677418,-0.6181818181818182,-0.4660297239915074,-0.739456419868791,-0.18181818181818174,-0.130079223102479,3.7631578947368425,3.888888888888889,-0.018430439952437542,-0.1330472103004292,0.0,0.02270663033605813,0.004440855874041194,0.0,0.0,-0.09017461558509254
47,2005-09-30,-0.12582191359921344,-0.12053293487735027,-0.15562235873306318,-0.051727885242338616,0.09523221343873513,-0.0733804114215536,12.285714285714285,12.285714285714285,12.187499999999998,11.687499999999998,0.8702830188679245,-9.276190476190477,1.8111332007952288,-1.9244604316546765,-0.12709832134292565,-0.05258519388954164,-9.889502762430938,-10.522727272727273,0.09509388249545704,-0.034653465346534684,0.0,0.022202486678507997,0.252813504823151,2.1411764705882352,0.02631578947368429,-0.07258665138928677
48,2005-12-31,0.01124740782397815,0.04898768228797956,0.04272225375367622,0.11024524409809766,-0.05819330100372167,-0.1721338634857521,-1.075268817204301,-1.075268817204301,-1.080568720379147,-1.083743842364532,-0.8259773013871374,-1.5546605293440736,-1.3408769448373408,-0.4824902723735408,0.5027472527472527,-0.040930232558139545,-0.18520820385332504,-0.14558472553699287,-0.0625,-0.12307692307692307,-0.7510860121633363,0.021720243266724504,-0.06865575874238039,-0.1460674157303371,0.0,-0.055164319248826255
49,2006-03-31,-0.07420666643495187,0.09272506411121606,-0.041318224553416834,-0.010734929810074291,-0.15602921805771766,0.13428056834100466,15.064935064935064,15.064935064935064,13.941176470588234,13.823529411764705,0.7826086956521738,-0.3796680497925311,-2.848547717842324,-8.007518796992482,-0.5679463741620963,0.10733915292596197,-1.2021357742181542,-1.2067039106145252,-0.15634218289085533,0.1812865497076024,0.3708551483420592,0.0212585034013606,-0.08852910781949708,0.0,0.02564102564102577,0.10460934946060796
50,2006-06-30,-0.01809581018170892,-0.04631916996047436,-0.026891710539898802,0.16548414023372282,0.0075198637911464425,0.10621030345800997,-1.0929668552950689,-1.0929668552950689,-1.094488188976378,-1.0952380952380951,1.5447154471544715,-0.10367892976588633,-0.10325476992143656,-0.5332618025751072,-0.6135401974612129,0.002627737226277516,-0.15471698113207544,-0.1351351351351351,0.006993006993006867,0.18811881188118806,0.0,0.020815986677768628,0.026077097505668997,0.0,0.049999999999999815,-0.18171056525599286
51,2006-09-30,-0.05601437638602125,-0.12135733713249575,-0.011828356229777737,-0.09847806624888088,-0.17279256442754545,-0.06427432216905904,0.7478260869565216,0.7478260869565216,0.75,0.75,0.22364217252396168,-7.223880597014926,1.4643304130162704,-2.0620689655172413,1.6861313868613137,-0.016307513104251714,5.28125,4.875,-0.1034722222222222,-0.02083333333333326,0.0,0.02039151712887444,-0.12375690607734813,0.0,0.023809523809523725,-0.025388788426763176
52,2006-12-31,-0.02653003361821049,0.2731426886792452,-0.14879227053140098,-0.07825223435948359,0.35563500170241746,-0.28583603204363384,8.805970149253731,8.805970149253731,9.428571428571429,9.285714285714286,-1.54177545691906,-1.040167865707434,-1.6881665820213303,0.9220779220779219,1.2065217391304346,-0.001184132622853773,-2.06680881307747,-2.101063829787234,0.3625096824167311,0.11063829787234036,0.0,0.019984012789768132,0.39260193358554,0.04605263157894735,0.011627906976744208,0.3811785661273563
53,2007-03-31,-0.006990097362070347,-0.06483732777584805,-0.00964812712826335,-0.1581555699202758,-0.004772070827577579,0.24510739856801897,-0.7798072044647387,-0.7798072044647387,-0.7762557077625571,-0.775462962962963,-1.6072289156626507,-20.791044776119406,-1.6103321033210332,-0.13738738738738746,0.4716748768472907,0.048606994665086,1.5123251165889404,1.6618357487922708,0.034110289937464566,-0.2298850574712644,-0.0846594525779758,0.019592476489028288,0.0024147298520977856,1.6477987421383649,0.0,0.11085437936593223
54,2007-06-30,-0.02991703678873714,-0.08084684907762785,-0.025405921680993315,-0.004607115433836739,-0.04050473186119874,0.014184397163120588,-0.5622119815668203,-0.5622119815668203,-0.5510204081632653,-0.5463917525773196,0.5198412698412698,-1.1870286576168931,0.042321644498186206,-1.9255874673629243,-0.296652719665272,0.07405313736574337,0.009811721028904818,0.059891107078039914,-0.02693787795492042,0.03980099502487566,-0.5556328233657859,0.019215987701767908,-0.011141222523336271,0.07680126682501998,-0.011494252873563204,-0.07657330817975128
55,2007-09-30,0.024317553559087823,0.010910560344827623,0.01515745459297002,0.035998971457958266,0.04629142556549182,0.047250047250047215,0.14210526315789473,0.14210526315789473,0.15909090909090914,0.15909090909090914,0.8694516971279374,1.3427419354838708,-0.8155452436194895,-1.0296191819464031,0.012492563950029734,-0.04447368421052622,-0.06066176470588236,0.016267123287671215,0.049717514124293816,-0.019138755980861236,-0.07668231611893572,0.01885369532428349,0.02161997563946416,0.02132352941176463,-0.011627906976744208,-0.024253535882661104
56,2007-12-31,0.018722327640733786,-0.10259826782145233,-0.017955978890462077,-0.04641350210970463,0.08999497234791343,0.05414185165132657,0.5069124423963134,0.5069124423963134,0.5490196078431373,0.5294117647058825,-0.25139664804469275,0.6230636833046472,1.540880503144654,-38.952380952380956,-0.4682726204465335,-0.053153401266868634,-0.5937936818563041,-0.5855096882898062,0.09095801937567294,-0.09756097560975596,-0.0661016949152543,0.018504811250925183,0.07004470938897156,-0.6155507559395248,0.08235294117647074,-0.05889300477801041
57,2008-03-31,0.008112918581067108,-0.0034149962880475337,-0.008978307883871772,0.07886517438833951,0.037707564575645725,-0.02961821605889403,-0.5932721712538227,-0.5932721712538227,-0.5949367088607596,-0.6025641025641026,-0.19029850746268664,-0.6383881230116649,-0.6534653465346535,-0.9686323713927228,-0.027624309392265237,-0.1221640488656196,-0.2814865794907089,-0.26016260162601623,0.037987173162308714,-0.1945945945945946,1.0290381125226862,0.018168604651162882,0.02924791086350975,-0.2734082397003745,0.021739130434782483,-0.07626925270964069
58,2008-06-30,0.148552658591665,0.49269964243146597,0.20519772516862853,0.046562123039806995,0.05600622291365709,0.02452364149611852,0.7067669172932332,0.7067669172932332,0.6875,0.7419354838709681,0.3271889400921659,-0.0997067448680352,-21.09285714285714,-124.96,3.5215909090909085,-0.12988734261100066,-0.014367816091954031,-0.008241758241758323,0.05655893536121681,-0.1610738255033557,0.15116279069767447,0.017844396859386213,-0.0806495263870095,0.02061855670103108,-0.03191489361702116,0.4262953127894771
59,2008-09-30,0.07850427197654875,-0.21249625711148806,0.16131687242798365,0.14223144306131852,-0.07765968641481635,0.17237816428448416,-0.3436123348017621,-0.3436123348017621,-0.351851851851852,-0.351851851851852,0.6423611111111112,19.599348534201955,-0.20725204408105224,-2.035172636334301,-0.8062327217893943,0.004188880426504228,-0.09620991253644318,-0.1301939058171746,-0.07782276203328843,-0.048000000000000036,-0.04273504273504269,0.017531556802244053,-0.1448336767736238,-0.1237373737373738,-0.01098901098901095,-0.31057325943886394
60,2008-12-31,-0.10792535384003443,-0.06717363751584282,0.06364280652019838,-0.04036326942482338,-0.5243582430119795,-0.038484136310223294,-13.02013422818792,-13.02013422818792,-13.17142857142857,-13.17142857142857,-0.2463002114164905,-0.9644212523719166,-1.019730941704036,-1.1162718204488775,0.4837872892347601,-0.30147895335608643,-2.7537634408602147,-2.4936305732484074,-0.5243902439024389,-0.2436974789915965,-0.2451298701298701,0.017229496898690574,-0.4667814113597245,0.0,0.011111111111111072,-0.027946994913018885
61,2009-03-31,-0.025786794485936126,-0.03029891304347832,-0.029717484008528805,-0.08496319663512097,-0.005996641880546938,-0.13412771157959058,-1.143495254048018,-1.143495254048018,-1.1431924882629108,-1.1431924882629108,0.1136044880785414,-0.14222222222222225,16.25,-1.5067024128686328,-0.1652097902097902,-0.5472312703583062,0.06866952789699576,-0.1130063965884861,-0.016410256410256396,-0.044444444444444516,0.0,0.01693766937669383,0.020658489347966214,0.0,-0.02197802197802201,0.0597622431838738
62,2009-06-30,0.016057057858804624,0.05772733641586102,-0.012910314517236676,-0.0921627212135141,0.16867760617760608,0.023641496118560257,-0.4708171206225681,-0.4708171206225681,-0.4754098360655738,-0.4754098360655738,0.756926952141058,-0.31088082901554404,-0.18708827404479575,-4.6984126984126995,0.7319371727748691,0.3645083932853719,0.30751577739529523,0.09134615384615397,0.16684045881126175,0.38372093023255816,0.0,0.0019986675549632515,0.14990512333965844,0.0,0.011235955056179804,0.16509175150887034
63,2009-09-30,0.0015390390390390696,-0.0042389720492780345,-0.03543434905616627,0.09265822784810117,0.16559983481313245,0.020165460186142736,1.7279411764705883,1.7279411764705883,1.71875,1.71875,-0.010035842293906859,-0.12030075187969926,1.1102106969205834,-1.0028612303290414,-0.0012091898428052696,0.7188049209138838,-0.0412461605967529,-0.14977973568281944,0.16443252904378913,0.4705882352941178,0.0,0.0013297872340425345,0.16391639163916394,0.0,0.0,-0.08864005023285015
64,2009-12-31,-0.0424646752370601,0.004523081016363006,-0.07231812280617402,-0.07043558850787768,0.06696191319751987,0.00979895252576446,-1.2722371967654986,-1.2722371967654986,-1.2758620689655171,-1.2758620689655171,-0.21433743664011584,0.28205128205128216,-0.4639016897081413,-121.0,0.1452784503631961,0.23159509202454,-1.5876430205949656,-1.6528497409326426,0.05986185725249426,0.05714285714285716,0.0,0.0013280212483399725,0.11436672967863905,-0.18155619596541786,-0.011111111111111072,0.08061089739909287
65,2010-03-31,-0.015891654924064524,-0.0002648655807178102,-0.010521950966671856,0.01769690927218348,-0.0338701643699153,-0.028442362389158427,0.603960396039604,0.603960396039604,0.5833333333333335,0.5833333333333335,-0.8534562211981567,0.0066666666666665994,-0.7865329512893983,-1.5958333333333332,-0.07558139534883722,0.04317144043171428,-0.6596573208722739,-0.6269841269841271,-0.03475742215785671,-0.016216216216216273,0.7322580645161287,0.0019893899204244114,-0.01865988125530116,-0.6338028169014085,0.011235955056179804,-0.017639870357579412
66,2010-06-30,-0.003778537904701285,0.023844217777188925,0.0008381351492927624,0.02032819005633102,-0.021653205018044352,0.0540726709144137,-1.574074074074074,-1.574074074074074,-1.5789473684210529,-1.5789473684210529,3.031446540880503,1.0463576158940395,-0.04026845637583898,-1.853146853146853,0.06975414522584343,-0.00994826900119383,-0.20594965675057209,-0.15957446808510636,-0.022505626406601698,0.0274725274725276,1.7094972067039107,0.008603573792190566,-0.017718236819360356,-0.1923076923076923,0.03333333333333344,0.003461517659148594
67,2010-09-30,0.0016768475266499827,0.010221244662957707,-0.03428242436930806,0.08449351896303403,0.12207974705779034,0.09785982682568206,3.2688172043010755,3.2688172043010755,3.1818181818181817,3.0909090909090913,-1.3322932917316692,-0.5113268608414239,-0.11888111888111885,-4.6229508196721305,-0.2362373062533405,-0.09324758842443737,0.095100864553314,0.13924050632911378,0.12049117421335387,-0.07486631016042787,0.09965635738831624,0.008530183727033958,0.12010558732952048,0.09523809523809534,0.053763440860215006,-0.06850644100684522
68,2010-12-31,0.01112041133564512,0.02817622950819665,-0.009050999945802385,-0.0033200531208499307,0.06981840951784601,-0.02812499999999996,-0.20403022670025184,-0.20403022670025184,-0.1956521739130436,-0.20000000000000007,-5.901408450704224,0.4768211920529801,0.3492063492063493,-2.4570135746606336,0.4506648005598322,0.0846631205673758,1.7394736842105265,1.844444444444445,0.06438356164383552,-0.02890173410404628,0.019583333333333286,0.008458035133376729,0.05813040062843666,1.7826086956521745,0.020408163265306145,0.031593565559541625
69,2011-03-31,0.008948281299274718,0.057299451918285886,-0.014438853642528946,-0.0013324450366422047,0.0711150131694469,-0.0220486908589802,0.08227848101265822,0.08227848101265822,0.06756756756756754,0.08333333333333348,-0.5076628352490422,0.37668161434977576,0.6470588235294117,-1.0372670807453417,-0.01157742402315487,0.13036371066612173,0.6810758885686838,0.7734375,0.07722007722007729,0.059523809523809534,-0.6127911728647324,0.011612903225806326,0.06161841128433587,0.7421875,0.020000000000000014,0.058727843841148715
70,2011-06-30,0.017542488767337442,0.1093308199811498,0.0030521642619312232,0.07204803202134746,0.052732240437158406,0.04086425551902306,-0.3450292397660819,-0.3450292397660819,-0.3417721518987342,-0.33333333333333337,0.2607003891050583,-0.2019543973941368,-0.7107142857142856,-15.583333333333336,0.17081503172279167,0.07122198120028922,0.03485714285714292,0.10352422907488967,0.05316606929510148,-0.0056179775280899005,-0.4031662269129287,0.016581632653061232,0.034615384615384485,0.09192825112107617,0.009803921568627416,0.034754966887417194
71,2011-09-30,-0.008063277530333313,0.05511894647408666,0.005366528354080247,-0.015349512549263644,-0.03944977939268102,-0.0024067388688326923,1.3125,1.3125,1.2884615384615383,1.25,0.35185185185185186,0.3918367346938776,0.5925925925925926,-0.07714285714285718,0.1346394330971239,-0.080998987512656,0.05687465488680265,0.08782435129740529,-0.03913783323879738,-0.12994350282485878,-0.17506631299734754,0.016311166875784266,-0.03176748901655968,0.09650924024640672,-0.009708737864077666,0.07157851620500755
72,2011-12-31,0.04486335836494537,0.052440865626572686,0.10241030156284392,-0.0018959342742784766,-0.10564712239935148,-0.039957780458383614,-0.5038610038610039,-0.5038610038610039,-0.5042016806722689,-0.4957264957264957,-0.27283105022831056,0.7419354838709677,-10.550387596899224,2.9380804953560373,0.46730345334313,-0.05618802791039301,-0.035005224660397016,-0.058715596330275226,-0.10566706021251482,-0.012987012987012991,-0.13612004287245438,0.0160493827160495,-0.144153577661431,-0.035580524344569375,-0.019607843137254943,0.05442209374552043
73,2012-03-31,0.25399177564553765,-0.1189747513389442,0.31562921180052905,0.0622625580413676,0.06661631419939584,0.04523323386210154,-0.2684824902723736,-0.2684824902723736,-0.27118644067796605,-0.27118644067796605,-0.08791208791208792,5.993265993265992,-0.3116883116883117,-3.1273584905660377,-0.6775162744116174,0.28326848249027226,-0.10720086626962644,-0.1793372319688109,0.06600660066006593,0.4342105263157896,0.3374689826302728,0.01640340218712022,-0.1492659053833605,-0.12427184466019416,-0.06999999999999995,-0.17060902664491562
74,2012-06-30,-0.022482200360424254,0.007490230134606923,-0.013735012900288337,0.0385455990462944,-0.05466647783600054,0.06341096919609313,-0.2872340425531915,-0.2872340425531915,-0.2790697674418604,-0.3023255813953488,0.3666092943201378,-0.8974482426576793,-1.4599056603773586,-0.9778270509977828,-0.04658385093167705,-0.04669496664645223,-0.04123711340206182,-0.13064133016627075,-0.05510835913312684,-0.10550458715596334,0.07606679035250474,0.0155409444112371,-0.033077660594439166,-0.09090909090909094,-0.043010752688172116,-0.02988581106922361
75,2012-09-30,-0.015927224371373283,-0.031031138885895926,-0.029929983842425182,-0.04400229577195336,0.0495880149812733,-0.00720644340822385,0.7686567164179106,0.7686567164179106,0.7419354838709681,0.8000000000000003,0.10705289672544073,-1.2300469483568075,1.405128205128205,-1.7833333333333332,0.03827361563517906,0.04230279898218825,-0.2454142947501581,-0.29508196721311475,0.04521625163826992,0.10256410256410264,0.1344827586206898,0.015303119482048322,0.06693108577094709,-0.2658536585365855,-0.033707865168539415,0.01357287677404817
76,2012-12-31,-0.0125303276926384,-0.00978538863560552,0.011936865482233605,0.00020012007204317506,-0.10019982871824153,0.006974096214062087,-0.008438818565400852,-0.008438818565400852,0.0,-0.01851851851851849,-0.18885096700796355,-4.836734693877551,-0.6641791044776121,-0.42553191489361697,0.021176470588235352,0.11138236191638697,-0.0159262363788768,-0.06589147286821706,-0.10407523510971783,0.0604651162790697,0.4878419452887537,0.01739130434782621,-0.08875464684014878,-0.0531561461794019,-0.011627906976744208,-0.010001666944490784
77,2013-03-31,0.01695020682362447,0.008534531162268433,0.0018419093153583255,0.05182072829131657,0.07519035532994932,0.002120141342756288,0.3531914893617021,0.3531914893617021,0.3333333333333333,0.3396226415094339,-0.2552594670406733,1.1010638297872342,-0.6634920634920635,-14.629629629629632,-0.28264208909370203,0.19055464030752334,0.176320272572402,0.17427385892116187,0.06648005598320507,0.32894736842105265,0.2303370786516854,0.01709401709401703,0.05711371749107608,0.1473684210526316,0.0235294117647058,-0.0411404838075996
78,2013-06-30,-0.004679185271270425,0.031956352299298496,-0.0017211703958691649,0.07989347536617841,-0.01047506639126583,0.034555712270804013,-0.1855345911949685,-0.1855345911949685,-0.1944444444444444,-0.18309859154929573,0.408662900188324,-0.6670886075949367,0.8962264150943395,-1.7364130434782608,0.2901498929336188,0.05465867158671589,0.13396089790007235,0.1413427561837457,-0.013123359580052618,-0.0099009900990098,-0.08717310087173102,0.016806722689075567,-0.0057887120115774895,0.12538226299694188,0.011494252873563315,-0.044369000234137146
79,2013-09-30,0.001351974189583549,0.02233491583944747,-0.018534482758620685,-0.04967412365686097,0.07797823169822582,0.00967961826857522,0.4749034749034749,0.4749034749034749,0.4827586206896553,0.4655172413793105,-0.04812834224598928,-3.1444866920152093,1.7014925373134329,1.7343173431734318,0.6149377593360996,0.030833151104308062,0.12899106002554284,0.13622291021671828,0.08377659574468099,0.04333333333333322,-0.09185993633469758,0.016528925619834656,0.07666181465308086,0.12228260869565233,0.011363636363636465,0.07576871248315564
80,2013-12-31,-0.03255699775998033,-0.0474934036939314,-0.07198466882261345,-0.04967562557923999,0.12102351313969573,-0.02119902781528493,0.1413612565445026,0.1413612565445026,0.15116279069767447,0.14117647058823524,0.4564606741573034,-1.599290780141844,0.5432780847145489,-1.1943319838056679,-0.07399794450154162,-0.019516334323292358,0.09502262443438902,0.17438692098092634,0.13312883435582812,-0.09265175718849837,-0.13319979969954931,0.018970189701897008,0.15863001351960349,0.16222760290556892,0.011235955056179804,0.0022775152308831537
81,2014-03-31,-0.026420959147424483,-0.032354570637119114,-0.012691447255205657,-0.01930953774136923,-0.06563849475632323,-0.032418264588219066,-1.2178899082568808,-1.2178899082568808,-1.2121212121212122,-1.2164948453608249,-0.5458052073288332,0.0946745562130178,-0.32816229116945106,2.2013888888888893,-0.2558268590455049,0.01839030722630897,-0.3150826446280992,-0.2853828306264501,-0.053600433134813115,-0.102112676056338,-0.12536106296938174,0.018617021276595702,-0.04045118630882927,-0.2937500000000001,0.011111111111111072,-0.01329318866102358
82,2014-06-30,0.0034859097572894626,0.0020611473720371087,0.007059131116824212,0.072593476531424,-0.006734451340287828,0.028371827773025382,-2.6947368421052635,-2.6947368421052635,-2.7142857142857144,-2.7142857142857144,0.12314225053078555,-0.10270270270270264,-0.5559502664298401,-0.89587852494577,-0.035794183445190135,0.00807308264287232,-0.12368024132730016,-0.08766233766233766,0.008009153318077944,0.06274509803921569,0.4313077939233818,0.018276762402088757,-0.010133765707336815,-0.09734513274336287,0.01098901098901095,-0.06574932350739826
83,2014-09-30,-0.04541912862801112,-0.06993486458690434,-0.02963956557483449,-0.09697756350825147,-0.09385801648497738,-0.5221128517953695,1.2049689440993787,1.2049689440993787,1.3333333333333337,1.3055555555555554,0.7637051039697542,-1.4337349397590362,1.516,-9.854166666666666,0.32869296210363497,0.040674394099051714,-0.017211703958691867,-0.003558718861209953,-0.08683314415437005,0.033210332103321034,0.15689893862482696,0.01794871794871811,-0.05077805077805075,0.12418300653594773,-0.11956521739130432,0.029950083194675518
84,2014-12-31,-0.024453287079549742,-0.02211573903427944,0.04436814411843404,0.008008213552361365,-0.2495598591549296,0.7241079199303742,-0.6225352112676057,-0.6225352112676057,-0.6190476190476191,-0.6144578313253012,0.2261521972132905,-3.0972222222222223,0.0238473767885532,-0.6164705882352941,0.0948777648428405,0.014783313082219475,-0.2810858143607705,-0.3357142857142857,-0.2479801118707272,0.11071428571428577,0.025129637016354067,0.02015113350125941,-0.23080241587575498,-0.3168604651162791,-0.02469135802469136,-0.02991683120923838
85,2015-03-31,-0.024996513735880632,-0.03756753360974996,-0.01951240339865934,-0.02709309431656137,-0.05024437927663738,-0.07168096920747102,1.3358208955223885,1.3358208955223885,1.3125,1.3125,-0.4423076923076923,0.2483443708609272,-0.15217391304347827,-2.8711656441717794,-0.16214779372674104,0.09020155657553386,0.9293544457978076,0.7741935483870971,-0.046280991735537236,0.45016077170418,0.6350194552529185,0.01975308641975304,-0.025799214806505818,0.8510638297872339,-0.03797468354430378,-0.010732128538826768
86,2015-06-30,0.007544606142954269,0.008746736292428281,0.008099634210067874,0.06867671691792299,0.0069987649238369976,0.03570781221678443,-0.2747603833865815,-0.2747603833865815,-0.2702702702702702,-0.2702702702702702,-0.8197492163009404,-0.042440318302387266,-1.4670329670329672,-1.0459016393442624,0.008883248730964466,-0.04924034413326017,0.1982323232323231,0.09090909090909084,0.014731369150779994,-0.0022172949002217113,-0.4507377439314613,0.019370460048426352,-0.0005757052389175897,0.1471264367816092,-0.05263157894736848,-0.05611322401645991
87,2015-09-30,0.1349634466605152,0.6505759026789182,0.1883801295896328,0.8704937304075235,-0.11099754701553556,-0.004025201260063005,-0.03083700440528636,-0.03083700440528636,-0.01851851851851849,-0.03703703703703709,0.0,0.0,0.0,-35.714285714285715,-0.3056603773584906,-0.16634578359645746,-0.01949420442571137,-0.15000000000000002,-0.10418445772843732,-0.1777777777777777,-0.2279029462738301,0.019002375296911955,-0.216589861751152,-0.21643286573146286,0.08333333333333348,-0.11757711870004615
88,2015-12-31,-0.0435883806009818,-0.4921593225654697,-0.030278797571880345,-0.5889808316748717,-0.1069211312945505,-0.04357757863292922,-0.19090909090909086,-0.19090909090909086,-0.16981132075471705,-0.17307692307692313,0.0,0.0,0.0,-0.8888888888888888,-0.04891304347826087,-0.05773672055427247,0.12090274046211726,0.03267973856209161,-0.09914204003813164,0.05135135135135127,0.08024691358024683,0.020512820512820662,-0.06617647058823539,0.07161125319693085,-0.03846153846153855,0.23557152481473165
89,2016-03-31,0.014908294373426669,0.04863362667901816,0.0039358272734089095,0.04434250764525993,0.09011328527291453,-0.061179496601139076,0.8764044943820224,0.8764044943820224,0.8409090909090909,0.8837209302325584,4.391304347826087,0.008310249307479145,-1.6431372549019607,-2.9444444444444446,0.10000000000000007,-0.08578431372549022,0.05944391179290509,-0.0031645569620254443,0.08994708994709,0.015424164524421524,-0.13090909090909086,0.020100502512562683,0.07401574803149602,0.042959427207637235,-0.040000000000000036,0.0041197140433781865
90,2016-06-30,0.011242470122088788,0.011631330977620813,0.021020796774073203,-0.003904343582235237,-0.049598488427019416,0.04148727984344425,-0.8802395209580838,-0.8802395209580838,-0.8765432098765432,-0.8765432098765432,0.0,0.0,0.0,-0.05714285714285716,0.08571428571428563,0.1238605898123326,-0.15248868778280544,-0.21587301587301588,-0.04951456310679625,0.030379746835442974,0.08965929468021527,0.01970443349753692,-0.06011730205278588,-0.18077803203661336,-0.04166666666666674,0.015566550018100587
91,2016-09-30,0.038512996941896034,0.1793043225149178,0.03751919842024432,-0.13253307202351786,0.04597415506958247,-0.010522360015031929,6.8,6.8,6.6,6.5,-0.45,-0.23351648351648344,-8.512195121951219,12.212121212121213,1.0430622009569377,0.08516221374045796,0.12867058195408432,0.11336032388663965,0.04596527068437184,0.14250614250614246,0.3417443773998903,0.019323671497584627,0.0070202808112322925,0.14245810055865915,-0.02898550724637672,0.35949382129277563
92,2016-12-31,0.022821385847059842,-0.1399481673454276,0.021641054560834542,0.14995763908500415,0.031361368496079844,0.021838207368021226,-0.3012820512820513,-0.3012820512820513,-0.3026315789473684,-0.30666666666666664,1.6744868035190614,8.057347670250897,-0.9155844155844156,-2.168960244648318,-0.5967993754879001,0.07957792921521213,0.017502365184484336,0.0254545454545454,0.03125,0.032258064516129004,-0.03924775143090764,0.019819043515725943,0.008520526723470256,0.0488997555012225,-0.0149253731343284,-0.2521085522003233
93,2017-03-31,-0.00131953816164343,-0.0355861673123834,-0.009625336369281756,0.04788801571709245,0.05390463026952319,0.0241590782382457,-0.041284403669724745,-0.041284403669724745,-0.03773584905660377,-0.03846153846153855,-0.305921052631579,-0.8417095370003957,-3.7307692307692313,-0.9771092217135384,-0.03388189738625358,0.10445937690897987,-0.1552766155276616,-0.15248226950354604,0.04924242424242431,0.0708333333333333,0.05872340425531908,0.019433882551753268,0.055299539170506895,-0.15384615384615385,0.0,-0.07964239803669515
94,2017-06-30,0.017296777874538316,0.07677428954024701,0.021074999129132355,0.17225216779939068,-0.006557377049180357,0.04735982580293952,-0.6172248803827751,-0.6172248803827751,-0.6274509803921569,-0.62,0.018957345971563955,-0.17500000000000004,-0.06338028169014087,-2.3428571428571425,0.043086172344689366,-0.015117994100295018,0.020363236103467356,0.029288702928870206,-0.006317689530685899,-0.06225680933852129,0.14831189710610948,0.01906340654786587,-0.02328966521106246,0.02754820936639124,0.0,-0.08145514570503454
95,2017-09-30,-0.0018891873542521422,-0.0035926488876606437,-0.01473799126637554,-0.026589364254298253,0.08118811881188126,0.024428274428274444,3.9375,3.9375,4.052631578947368,4.0,-2.0992248062015504,-0.1575757575757576,-4.496240601503759,-2.0,-0.04130643611911622,0.031823287158367464,0.0593311758360302,0.0934959349593496,0.08083560399636691,0.03941908713692932,-0.015750787539376976,0.0187067913786092,0.08271236959761552,0.07238605898123329,0.015151515151515138,0.023638374343378343
96,2017-12-31,0.002661698163428205,0.14782970461794487,-0.052562326869806116,0.04785376874101455,0.3272283272283272,-0.23101640453238625,2.6962025316455698,2.6962025316455698,2.677083333333333,2.6526315789473687,-2.675599435825106,0.3776978417266188,-1.8376344086021503,-1.425531914893617,0.020040080160320658,0.01650943396226423,1.124236252545825,1.3643122676579926,0.32689075630252096,-0.059880239520958,-0.07752489331436696,0.01876247504990025,0.32415691672401903,1.465,-0.044776119402985086,0.09540850776502374
97,2018-03-31,0.0037459811816062953,-0.1228706052917724,-0.02181858051312036,-0.1248529988239906,0.11085556577736888,0.2361996921046845,-0.5006849315068493,-0.5006849315068493,-0.5014164305949008,-0.4985590778097984,-0.4419191919191919,0.2767624020887729,-0.9281129653401796,5.15,0.12082514734774065,0.043905050865607816,0.09971236816874396,0.23584905660377364,0.10829639012032932,-0.2144373673036093,-0.5585967617579028,0.018808777429467183,0.1065488565488566,0.2363083164300204,0.0,0.002280712568575316
98,2018-06-30,-0.006876285630326162,0.0016528925619834214,0.00623949187371564,0.03426651735722275,-0.055348516218081456,0.037715708948585565,-0.4444444444444444,-0.4444444444444444,-0.44318181818181823,-0.4425287356321839,0.2081447963800904,-0.028629856850715733,5.321428571428571,-1.5528455284552845,-0.0595968448729185,-0.06342964609334932,0.02092414995640812,0.12213740458015265,-0.04342857142857148,-0.15405405405405415,-0.24628820960698686,0.0180769230769231,-0.04884922498825739,0.11894995898277272,0.015625,-0.031549815498154936
99,2018-09-30,0.0002071251035624666,0.006325632563256356,-0.00694341304024948,-0.0032481593763533656,0.02863822326125076,0.011657809017658229,0.3876543209876544,0.3876543209876544,0.4081632653061225,0.41237113402061865,0.17478152309612982,-0.27157894736842103,0.7966101694915255,-0.3088235294117647,-0.04380242311276794,-0.05074844833880976,-0.025405636208368887,0.05555555555555558,0.03823178016726403,-0.006389776357827448,-0.1552723059096177,0.01813373630525117,0.028641975308641987,0.05645161290322598,0.0,0.00958912808788992
100,2018-12-31,-0.006715380291690054,-0.044001093194862013,-0.0206393718452047,0.0197697154029981,0.04573863636363629,0.008473140145738078,-0.4377224199288257,-0.4377224199288257,-0.4347826086956521,-0.4452554744525548,-0.12752391073326252,-0.2514450867052023,0.5723270440251573,8.297872340425531,-0.4259259259259259,-0.15153846153846162,-0.3811610076670319,-0.3609022556390977,0.05811277330264675,-0.18327974276527328,-0.19890260631001375,0.01855287569573294,0.0528084493518961,-0.4011103400416378,0.06153846153846133,-0.06252358787268852
101,2019-03-31,0.01792947343340479,0.009433962264151052,0.01969991982590757,0.05517682147422232,0.01140994295028519,-0.05175600739371533,0.3417721518987342,0.3417721518987342,0.35897435897435903,0.381578947368421,-0.1071863580998782,0.1351351351351351,-0.611,-1.1189931350114417,0.0882852292020373,-0.0054397098821394865,-0.15752212389380527,-0.15294117647058816,0.01903208265361589,-0.05905511811023623,0.5530821917808221,0.018214936247723083,-0.006383948928408545,-0.15179606025492465,0.0,-0.04334406870638752
102,2019-06-30,0.0049447012698227155,0.04616256018125186,0.005204238271743654,0.019382192610539084,0.004834810636583421,0.004253056884635731,-0.3113207547169812,-0.3113207547169812,-0.30188679245283023,-0.3047619047619048,0.4556616643929059,0.4319727891156462,0.25192802056555275,2.2115384615384617,0.22776911076443065,0.012078395624430138,-0.08655462184873941,-0.06944444444444453,0.016542155816435592,-0.008368200836820106,0.17971334068357206,0.017889087656529412,-0.00045892611289588553,-0.06010928961748641,-0.014492753623188246,0.026301023986534
