,Quarter end,Assets,Current Assets,Liabilities,Current Liabilities,Shareholders equity,Revenue,Earnings,Earnings available for common stockholders,EPS basic,EPS diluted,Cash from operating activities,Cash from investing activities,Cash from financing activities,Cash change during period,Cash at end of period,Price,ROE,ROA,Book value of equity per share,P/B ratio,P/E ratio,Cumulative dividends per share,Equity to assets ratio,Net margin,Asset turnover,Current ratio
0,1993-12-31,-0.022520251291284432,-0.050011082511796416,-0.020848436312753127,-0.04298737296300992,-0.026882263769580583,0.1891677982157387,-7.154607508532423,-7.154607508532423,-7.0,3.0,-1.9527034066048548,1.0783894364887483,0.8902920840976436,-0.3830317076778934,-0.1387698961227367,0.01628352490421459,0.18533071381794364,-0.016901408450704092,-0.031872509960159216,-0.0141843971631207,-0.15227517018989611,inf,-0.004071246819338348,0.2292993630573248,-0.03225806451612912,-0.0074237008523508905
1,1994-03-31,-0.022520251291284432,-0.050011082511796416,-0.020848436312753127,-0.04298737296300992,-0.026882263769580583,0.1891677982157387,-7.154607508532423,-7.154607508532423,-7.0,3.0,-1.9527034066048548,1.0783894364887483,0.8902920840976436,-0.3830317076778934,-0.1387698961227367,0.01628352490421459,0.18533071381794364,-0.016901408450704092,-0.031872509960159216,-0.0141843971631207,-0.15227517018989611,inf,-0.004071246819338348,0.2292993630573248,-0.03225806451612912,-0.0074237008523508905
2,1994-06-30,0.11439554140399855,0.1491411347279208,0.11982642528478073,0.14125608901703246,0.09760172578085567,0.1891677982157387,-7.154607508532423,-7.154607508532423,-7.0,3.0,-1.9527034066048548,1.0783894364887483,0.8902920840976436,-0.3830317076778934,-0.09941202177108577,-0.04429783223374162,0.18533071381794364,-0.016901408450704092,0.09465020576131676,-0.0141843971631207,-0.15227517018989611,1.25,-0.015329586101175297,0.2292993630573248,-0.03225806451612912,0.006925207756232732
3,1994-09-30,-0.029870870599013614,-0.09517200569968376,-0.0558906635934765,-0.07796077500483732,0.07604137963089007,-0.11110325377083008,-0.6782934989556184,-0.6782934989556184,-0.6805555555555556,3.0,1.2373428102788409,0.2192295646727216,-0.4883738289851826,-1.2728689605562882,0.030120827396366005,0.07297830374753445,0.18533071381794364,-0.016901408450704092,0.056390977443608874,-0.01918465227817745,-0.15227517018989611,0.5555555555555558,0.10897768552153607,0.2292993630573248,-0.03225806451612912,-0.018615314076111836
4,1994-12-31,0.2508344022343052,0.35207541238621753,0.3194810907745631,0.40361486510240296,0.001845021296420501,0.5718357051603031,0.7670650425189611,0.7670650425189611,0.826086956521739,3.0,4.993621856748369,-0.5861803236578473,2.8471695360373506,25.390451083772696,0.7716592081879108,-0.0064338235294117965,0.18533071381794364,-0.016901408450704092,-0.01067615658362997,-0.05867970660146692,-0.15227517018989611,0.2857142857142856,-0.198876930276088,0.2292993630573248,-0.03225806451612912,-0.03672210801719311
5,1995-03-31,-0.048536438641879176,-0.08207132863630229,-0.07356109169198466,-0.09300844298241384,0.07022036348966099,-0.3339426706839266,-0.5065357351889186,-0.5065357351889186,-0.5238095238095237,3.0,-1.330344729170489,1.4889598297419528,-0.8890532263875457,-1.5688036227621345,-0.2477466044973641,0.07585568917668818,0.18533071381794364,-0.016901408450704092,0.06474820143884896,0.08571428571428563,-0.15227517018989611,0.2777777777777779,0.125,0.2292993630573248,-0.03225806451612912,0.01202832476476856
6,1995-06-30,0.08209738234488184,0.10106440377873717,0.09580755762630601,0.10212804826238432,0.026728342661467952,0.19442110156536366,3.2018977332630465,3.2018977332630465,3.1,3.0,-1.389968156796919,0.8615148924041613,-3.208682276533926,-0.9333333333333332,-0.02195595313835497,0.06448839208942392,0.03812154696132608,-0.016901408450704092,0.03040540540540526,0.0,-0.15227517018989611,0.21739130434782614,-0.051401869158878455,0.05526770293609684,-0.033333333333333326,-0.0009584970765837977
7,1995-09-30,-0.03080719979168445,-0.06917193461810578,-0.04050421801635118,-0.06552182589626276,0.01227566433625227,-0.1087501192866378,-0.65216095847447,-0.65216095847447,-0.6585365853658536,3.0,0.0469996202050893,-0.01814388792129995,0.026773968892672032,-0.4849992682569882,-0.011561168404072508,0.02261712439418417,0.009579563597658323,-0.016901408450704092,0.009836065573770592,-0.007177033492822837,-0.0388841927303466,0.1785714285714286,0.04433497536945818,0.013093289689034338,-0.0344827586206895,-0.00393360836611345
8,1995-12-31,0.12534673679071529,0.1817737186284836,0.1457397780046381,0.16602666514864814,0.03784641324977467,0.514918918011035,0.2933140976511428,0.2933140976511428,0.2857142857142856,3.0,4.463075481394153,-0.5513927603750415,-3.5802999472454595,-34.41460642227906,0.3908303474682744,0.06319115323854674,-0.04955192409066955,-0.04297994269340977,0.025974025974025983,0.053012048192770944,0.03254177660510127,0.15151515151515138,-0.07756813417190768,-0.03715670436187391,0.0,0.013581198227701874
9,1996-03-31,-0.0649866682817789,-0.09990693915205696,-0.07376657742205828,-0.09447599088264502,-0.02935950892749961,-0.31786193401037743,-0.3783943946735455,-0.3783943946735455,-0.3611111111111111,3.0,-1.1484307562913614,0.6906230989832276,-0.29551959810736605,-1.8128008436378482,-0.2284011394486293,0.08023774145616636,0.0088740987243483,-0.002994011976047761,-0.03164556962025322,0.05263157894736836,0.11925042589437827,0.13157894736842102,0.03806818181818161,-0.0016778523489933141,0.0,-0.006081915803478054
10,1996-06-30,0.13250243915421225,0.18004732494532605,0.13703880932308501,0.1723295679630199,0.11454936477507748,0.2831642655863669,3.650515926424405,3.650515926424405,3.5217391304347823,3.0,-5.1949301025163095,-0.2385627634419657,-1.5347429519071307,-1.9733191035218784,0.2881123905919956,0.09284731774415422,0.10720175920835627,0.10210210210210202,0.10457516339869266,0.12826086956521765,0.07343987823439879,0.13953488372093026,-0.015873015873015928,0.09747899159663877,0.0,0.006597189023807236
11,1996-09-30,-0.0519914150549573,-0.07659948646266979,-0.06356907633326259,-0.07242137283287076,-0.0004537316966113369,-0.12128850431850025,-0.6687367354813815,-0.6687367354813815,-0.6730769230769231,3.0,-0.7559295825964862,0.37895767231485866,0.33361761513412924,-0.9039602683178536,0.02148122857046686,-0.052863436123347984,0.005461767626613767,0.005449591280653809,-0.014792899408283988,-0.1425818882466282,-0.1619992910315491,0.12244897959183687,0.05450500556173532,0.0015313935681471325,0.0,-0.0044642857142856976
12,1996-12-31,0.1143453136802326,0.14952116125166515,0.12276138034201313,0.14931347195865818,0.07565339885824818,0.5473340528774859,1.80200939172218,1.80200939172218,1.764705882352941,3.0,3.9465501547424,-1.8959684723276136,-8.34672402767281,3.8907544213118426,0.1028500677915034,0.04518272425249159,0.2582716049382716,0.2682926829268293,0.07207207207207202,0.060674157303370675,0.01311336717428091,0.09090909090909084,-0.034810126582278444,0.2370030581039755,0.03571428571428559,0.000190821486499404
13,1997-03-31,-0.011199064873361309,-0.011835540556780377,-0.00472733455750296,-0.0006798938052765546,-0.04198207599639914,-0.3206356747843645,-0.7137345077558657,-0.7137345077558657,-0.7127659574468085,3.0,-2.20582671485459,-1.8418982050651589,-2.1889515790806438,-2.302512930837186,-0.12147031328037294,0.09535918626827722,-0.012558869701727038,-0.01923076923076916,-0.050420168067226816,0.02330508474576276,-0.15365344467640918,0.10000000000000007,-0.031147540983606507,-0.014833127317676276,0.0,-0.011160927215491778
14,1997-06-30,0.10449226563718694,0.10413127770825303,0.107763388151233,0.12727856824240336,0.08980064782872033,0.3517718607194402,3.0737009303380987,3.0737009303380987,1.7037037037037033,3.0,-1.6164509827859843,1.3482930944963654,-1.2030163262317886,-0.8956810514478493,-0.014423707648427932,0.10795124782356358,0.002782193958664747,-0.006535947712418389,0.07669616519174037,0.16563146997929598,0.09077454366058224,0.09090909090909084,-0.0135363790186126,-0.026348808030112855,0.01724137931034475,-0.020547945205479312
15,1997-09-30,-0.023514692623596626,-0.046240935641827074,-0.029035565831769805,-0.09672854211382886,0.0012466691416985751,-0.11072238756005737,-0.6068357025088009,-0.6068357025088009,-0.6164383561643836,3.0,0.04989751156089395,-0.19231672769985486,-1.235222764973937,-8.73420919656392,0.11318857120319857,0.21634363541121004,0.0063416567578280505,-0.0043859649122807145,-0.008219178082191747,0.12966252220248675,0.19131614654002727,0.09722222222222232,0.02572898799313905,-0.015463917525773254,0.0,0.05584556288781628
16,1997-12-31,0.12216024645126122,0.15359915957139525,0.10156076502542287,0.15252122783519084,0.21457039079118131,0.5008120598371888,1.6083815028901736,1.6083815028901736,1.7857142857142856,3.0,1.2062607285005569,-2.536288666849165,-6.812404181184669,4.740907705039418,0.5837332122809153,0.052540913006029484,0.0007877116975185673,0.017621145374449254,0.16022099447513805,0.06132075471698116,0.021640091116173155,0.07594936708860756,0.08249721293199562,0.0013089005235602524,0.016949152542372836,0.0009328358208953168
17,1998-03-31,-0.03360145451459096,-0.07191575035615327,-0.051865595517776135,-0.06490066613516587,0.04066548947527671,-0.3164659428193561,-0.699809896257672,-0.699809896257672,-0.7179487179487181,3.0,-1.6976073118702468,-1.938079805775506,-1.5189430270477648,-1.870748944467416,-0.32094109948742044,0.12847790507364953,-0.05588351042896489,-0.015151515151515138,0.004761904761904745,-0.026666666666666616,0.04050538833147521,0.08235294117647074,0.07672502574665296,-0.019607843137254943,0.01666666666666661,-0.007455731593662641
18,1998-06-30,0.15153510093073594,0.19130189470596304,0.1785281514148105,0.2095784196659385,0.040790572290045464,0.3110422608821355,3.2105015560541363,3.2105015560541363,3.0,3.0,-2.5422066979195392,-0.3533057115382332,-3.8589779133166986,-1.5711099203185517,0.3115838630172525,0.08593183466279908,0.03543142976240099,0.05274725274725278,0.042654028436019065,0.08066971080669694,0.06964285714285713,0.07608695652173902,-0.09612625538020103,0.05866666666666665,-0.016393442622950838,-0.015117370892018813
19,1998-09-30,-0.022261410487607658,-0.03569497171232916,-0.03515268633663393,-0.04256360066748499,0.02778741402429663,-0.11221243178885744,-0.611853583491616,-0.611853583491616,-0.6136363636363635,-0.6071428571428571,-0.7171994516519977,-0.4985772768160373,0.15255196043572414,-1.1166737863485183,-0.02401125287091066,-0.022704507512520844,-0.0346215780998389,-0.012526096033402823,0.006818181818181611,-0.06338028169014076,-0.07378964941569288,0.08080808080808087,0.050793650793650835,-0.0025188916876572875,0.0,0.0071503479836019235
20,1998-12-31,0.11895596474497785,0.11298682084480327,0.1426519437857332,0.1465930815301948,0.026445479019032936,0.7539537433228521,1.6738408396439484,1.6738408396439484,1.5882352941176467,1.393939393939394,3.8482387489286367,1.8451343633301605,0.26682372078022243,-13.058385093167702,0.3009580214187595,0.08267851042022545,0.06588824020016681,0.048625792811839215,0.02031602708803604,0.07518796992481214,0.057678442682047575,0.06542056074766345,-0.0825780463242699,-0.01388888888888895,0.05000000000000005,-0.02925028398333962
21,1999-03-31,-0.0052274125380986644,-0.01981433740602001,-0.003739369736008191,-0.011996087886875006,-0.013152403145383906,-0.3817152467131021,-0.6291281592633078,-0.6291281592633078,-0.625,-0.5949367088607596,-1.5670793556950506,0.35815575458101706,-3.0755138862753344,-1.7742323770691797,-0.17654979024558515,0.18144525086778152,0.03482003129890465,0.0,-0.01769911504424759,0.15804195804195784,0.17620995228357186,0.07017543859649122,-0.00768386388583986,0.007682458386683687,0.0,-0.007996099463676187
22,1999-06-30,0.1133444725498911,0.14756466543208635,0.12227723240740886,0.08354666081473637,0.0765323163947702,0.20762465022393384,2.112850284693536,2.112850284693536,0.5454545454545454,0.53125,-2.2032983600190112,0.18044436022549612,-0.5938486645618226,-2.309704889561186,0.2808040131589813,0.04033119658119677,0.040075614366729566,0.01814516129032273,0.07432432432432412,0.0591787439613527,-0.00985221674876835,0.06557377049180335,-0.03318584070796449,0.031766200762388674,-0.015873015873015928,0.05917625086011968
23,1999-09-30,-0.004118945340872204,-0.025206793525091253,-0.010853329078124084,-0.017072820063240512,0.02419494047619053,-0.06863264518917657,-0.5764692379975468,-0.5764692379975468,-0.5686274509803921,-0.5714285714285714,-0.8706153669734512,-0.8884661690344329,-2.389153699691419,-1.4800714369739811,-0.10525106473769297,0.034146341463414664,0.011268629589240351,-0.011881188118811892,0.027253668763102867,-0.03762827822120862,-0.02575358501609604,0.0692307692307692,0.028604118993134975,-0.00246305418719206,0.0,-0.008352668213456926
24,1999-12-31,0.13967424838479034,0.10119760387583154,0.12917470927198127,0.14995973968190368,0.1827458849066994,0.503351913190001,0.332616353905562,0.332616353905562,0.18181818181818188,0.1428571428571428,15.152310924369747,6.72279792746114,-0.0012571957917024699,-3.9682787195651694,0.2858885416871384,0.16459781529294926,-0.1728971962616822,-0.16633266533066138,0.15306122448979598,0.1338862559241707,0.12285971763292293,0.06474820143884896,0.03781979977753069,-0.1283950617283951,-0.048387096774193616,-0.04239588207767886
25,2000-03-31,-0.03748143030082196,-0.05223095492873942,-0.034825093963556375,-0.03405861595915083,-0.05149222607613546,-0.2903503121867793,-0.5380831945909536,-0.5380831945909536,-0.5,-0.4583333333333333,-1.3490501235611627,0.32755600283275554,-1.2724829165799088,-2.1351154605287848,-0.3082241748926077,-0.013429972287358649,-0.0751847023033464,-0.07211538461538447,-0.09380530973451327,-0.14420062695924776,0.12546816479400744,0.05405405405405417,-0.015005359056806,-0.06373937677053809,-0.016949152542372947,-0.018764659890539548
26,2000-06-30,0.16314623140433882,0.10042176247543266,0.15191357796946606,0.11335894608997756,0.21756814687891368,0.3015258278437427,2.7650020635575734,2.7650020635575734,2.5384615384615383,2.4615384615384617,-1.6004192017699632,1.9578852795013617,9.860090309135117,-0.9471812129346194,0.012644673624551128,-0.06806395851339664,-0.09116541353383456,-0.06735751295336799,0.193359375,0.028083028083028202,-0.04183503684335621,0.0641025641025641,0.04678998911860721,-0.07110438729198187,0.01724137931034475,-0.011653386454183344
27,2000-09-30,-0.020875694699105884,-0.060657649145181784,-0.0235036559192684,-0.09853491551548488,-0.0068880420590198286,-0.06892790256890469,-0.5479358954683972,-0.5479358954683972,-0.5434782608695652,-0.5555555555555556,-1.903515151515152,-0.4939582918054883,-0.2682481401641389,5.521967705595193,-0.1515693201866981,-0.09436587062369584,-0.06204756980351589,-0.0444444444444444,-0.006546644844517169,-0.2410926365795725,-0.05929049863557434,0.054216867469879526,0.01455301455301461,-0.04723127035830621,0.0,0.04202358157815178
28,2000-12-31,0.07020163528866853,0.06643366729438105,0.06351273057037242,0.11733920846721956,0.09591145119276123,0.361347248907371,0.9982864532816036,0.9982864532816036,0.7142857142857142,0.7499999999999998,-5.958239871210089,-0.214609281212485,-1.89627651437338,-1.9781206817134958,0.21427897942635155,-0.016641065028161983,0.07772877618522611,0.09883720930232552,0.07907742998352553,-0.00938967136150226,-0.006856540084388296,0.05142857142857138,0.024077868852458998,0.0905982905982905,0.0,-0.045551257253384936
29,2001-03-31,-0.048004819586838436,-0.0707341936753626,-0.05053934957303552,-0.05523576500799199,-0.03598152032197721,-0.2755805595980365,-1.3102965683498633,-1.3102965683498633,-1.3333333333333333,-1.342857142857143,-2.041436499965367,-0.3130526680319794,-3.370320881693163,-2.4089553410250373,-0.202752459368188,0.037229888049987066,-0.2521739130434784,-0.23544973544973544,-0.05038167938931304,-0.03949447077409163,-0.06372809346787034,0.054347826086956534,0.012506253126563394,-0.2382445141065831,0.0,-0.01641503698449687
30,2001-06-30,0.2097220629096628,0.22204880348512132,0.21816554135480493,0.2742782475264378,0.1721091383745834,0.33882378960512183,1.8719138618765805,1.8719138618765805,1.5,1.5,-1.32142448875245,1.067378228974725,-0.8540873722889037,-0.8962273347631117,0.2150150522401275,-0.16365461847389562,-0.8768809849521204,-0.8754325259515571,-0.011254019292604391,-0.11842105263157887,0.07373794668179245,0.046391752577319416,-0.03112648221343872,-0.8765432098765432,0.016949152542372836,-0.04100133923972393
31,2001-09-30,-0.039246045490891064,-0.07935355135400146,-0.001554161918905228,-0.06806688120250347,-0.19407468659300964,-0.07899151951772809,3.334682910001997,3.334682910001997,3.3000000000000007,3.3000000000000007,-2.235201686432239,-0.36099152428360015,3.668791066241787,-0.9674562168690868,-0.0007564285495664791,-0.2533013205282113,-14.622222222222225,-13.944444444444445,-0.1983739837398375,-0.244402985074627,4.0549392498679335,0.049261083743842304,-0.16114227434982142,0.0,0.0,-0.012138790417875134
32,2001-12-31,0.005508425949629636,0.008412431351385584,0.008802572402226259,-0.061249215408644364,-0.003005097933995171,0.2903319424550041,-1.206523560209424,-1.206523560209424,-1.178294573643411,-1.178294573643411,-4.486564163774284,0.2605926627717248,-1.6420633003140854,-515.6391752577321,0.3640606767794632,0.014871382636655994,0.07463295269168024,0.0236051502145922,-0.008113590263691739,0.2641975308641975,0.0,0.04225352112676073,-0.008510638297872464,0.0,0.01666666666666661,0.07427142235754669
33,2002-03-31,-0.043597734954567424,-0.08518541837184412,-0.05653743924263765,-0.06641165585980624,0.019699660907476213,-0.31463410631666033,-0.3936013791005425,-0.3936013791005425,-0.3043478260869565,-0.3043478260869565,-1.292042042042042,-0.4822546972860126,-0.7351834430856068,-2.442708333333333,-0.38505132591958935,0.22297029702970292,-0.17798861480075912,-0.2075471698113207,0.014314928425357863,0.232421875,0.0,0.04054054054054057,0.06621704475781742,0.0,-0.016393442622950838,-0.0201437392448629
34,2002-06-30,0.0722789818155114,0.0914831383344803,0.05760208319303217,0.07511658894070616,0.1452098178939034,0.13570422535211255,0.8227424749163879,0.8227424749163879,0.8124999999999998,0.8124999999999998,-2.100771208226221,1.3225806451612905,-0.6181172291296626,-0.8950291585670647,-0.06572769953051638,-0.05440414507772018,-0.5018467220683287,-0.5079365079365079,0.1391129032258065,-0.06656101426307448,0.0,0.04329004329004338,0.06785508913168492,0.0,-0.01666666666666672,0.01528925619834709
35,2002-09-30,-0.03457663102565645,-0.056638870060059625,-0.02731730095727292,-0.035491866769945764,-0.05669247787610621,-0.06851863334780184,-1.8220183486238533,-1.8220183486238533,-1.827586206896552,-1.827586206896552,0.08407286314806163,-0.8654513888888888,3.2232558139534886,-3.055555555555556,0.14461194863204918,-0.3479452054794521,-1.8276181649675625,-1.8440860215053765,-0.060176991150442616,-0.4278438030560271,0.0,0.04149377593360981,-0.02261712439418417,3.4833333333333334,-0.016949152542372947,-0.0219780219780219
36,2002-12-31,0.045781829145015614,0.05646347169306853,0.04998254266137137,0.13875905491575513,0.026092055115801926,0.11083743842364524,-1.2265625,-1.2265625,-1.2083333333333333,-1.2083333333333333,1.6803102111158983,2.7580645161290325,2.201541850220264,3.0926640926640925,0.5170731707317073,-0.2568277310924369,-0.4568868980963046,-0.445859872611465,0.01883239171374784,-0.21068249258160232,-0.8319573623158115,0.035856573705179466,-0.018732782369145884,-0.4052044609665427,-0.06896551724137923,-0.07230545151893464
37,2003-03-31,0.014363600905568319,0.06279360359362895,0.01286460985316884,-0.08574289824818747,0.02452380952380961,-0.1412476778330437,-1.4236453201970445,-1.4236453201970445,-1.4,-1.4,-1.459893907731876,-0.23433476394849784,-3.1162710698314413,-0.1974842767295597,0.2735262593783494,-0.17314487632508846,-0.6969072164948453,-0.6896551724137929,0.020332717190387983,-0.18796992481203006,0.3992537313432838,0.0,0.009545199326221,-0.6875,-0.01851851851851849,0.1624985981832454
38,2003-06-30,0.011167673930670086,0.007604958849880107,0.012731992079695552,0.017880559712430074,0.03439460841273534,0.0463363572923936,0.5697674418604649,0.5697674418604649,1.0,1.0,0.0,0.0,0.0,-2.9126175548589335,-0.41078942938899177,0.019658119658119592,-3.9183673469387763,-3.888888888888888,0.030797101449275614,0.0,2.314,0.0,0.02335928809788657,0.0,-0.018867924528301886,-0.010032799536947691
39,2003-09-30,-0.06816735142642205,-0.11185454330615617,-0.054724856147175586,-0.04392373215314194,-0.12779150752639856,-0.053688141923436065,23.22962962962963,23.22962962962963,20.25,20.25,-0.6459279972037749,-4.616591928251121,-1.3802015604681404,-0.9905757017004712,-0.0065704899300099715,0.1894383906119028,2.6433566433566438,2.5769230769230766,-0.1300527240773287,0.1527777777777779,0.0,0.0,-0.06413043478260871,0.0,-0.019230769230769273,-0.07113623075423893
40,2003-12-31,0.08537894447352312,0.2222813523806355,0.02439181223877407,0.05017438173747624,0.34248621915408783,0.0656846853196138,-0.6866401712014674,-0.6866401712014674,-0.7176470588235294,-0.7176470588235294,-7.3188548864758145,-0.9745815251084936,-4.0076955964087215,-285.82608695652175,1.8838245866283247,0.055673009161381286,0.3518873960332693,0.3620071684587813,0.07878787878787863,0.21686746987951788,0.0,0.0,0.0598141695702672,0.0,-0.03921568627450989,0.16397398237515715
41,2004-03-31,-0.04364706363153381,-0.0819761350803434,-0.051231351871612985,-0.07330364555815537,-0.014889289688783112,-0.0773758349315522,-0.8351219512195122,-0.7882926829268293,-0.7916666666666666,-0.7916666666666666,-1.542259022027808,-8.902439024390244,-1.2697938877043355,-1.4658830712868265,-0.3043326519419653,0.06942590120160208,0.02413629910080473,0.023684210526315752,-0.01872659176029956,-0.0099009900990098,0.0,0.0,0.027397260273972712,0.0,0.0,-0.009373591707976579
42,2004-06-30,0.03894705354472028,0.056334479487787574,0.051671095722744864,0.07473651631399769,-0.001830859724981537,0.10680237975772357,-0.680473372781065,-0.5207373271889402,-0.4,-0.4,-1.6634975511380006,0.7283950617283951,-0.6022128556375131,-1.0638925294888597,0.02795097828423998,-0.058676654182272074,-0.0023105360443622662,-0.01799485861182515,-0.011450381679389388,-0.040000000000000036,0.0,0.0,-0.040000000000000036,0.0,0.020408163265306145,-0.017104904012373745
43,2004-09-30,-0.07847024563597171,-0.054733208929047435,-0.04114285714285715,-0.06464373948497204,-0.2187792694349048,-0.022861213651965584,106.11111111111113,55.096153846153854,45.66666666666666,45.66666666666666,-1.0412505427702996,-0.7848214285714286,-1.3920529801324504,-0.8923076923076922,0.0029282576866764827,-0.20026525198938994,0.6137100509495135,0.5575916230366493,-0.2567567567567567,-0.1909722222222222,0.0,0.0,-0.1927777777777777,0.0,0.0,0.010552624271035649
44,2004-12-31,0.0955160993724502,0.1335124384017099,0.1540606444981465,0.2255639097744362,-0.16919772205015482,0.2851272534464475,-1.1077109266943292,-1.0982173465889613,-1.1,-1.1,-62.2421052631579,13.261410788381744,-1.489864864864865,57.5,0.07778936392075075,0.013266998341625149,-0.12198622273249138,-0.2352941176470588,-0.21558441558441555,0.3605150214592274,0.0,0.0,-0.27666896077081904,0.0,0.08000000000000007,-0.0751122103141888
45,2005-03-31,-0.04734238895724519,-0.0733039139942645,-0.040790221716884616,-0.053958641844721766,-0.08790812338404186,-0.31392470345538936,-3.3081861958266447,-3.596858638743456,-3.5,-3.5,-1.5843932622894463,-2.043642711667152,-0.6758620689655173,-1.0236060236060236,-0.003740970072239391,0.030278232405891888,0.43380189604445896,0.2351648351648352,-0.11258278145695357,0.3154574132492114,0.0,0.0,-0.06945765937202664,0.0,-0.01851851851851849,-0.02040209963355455
46,2005-06-30,0.020391231086363426,0.04011643516228847,0.02356892379117892,0.03466059174574787,0.0034280440371809995,0.21491392918890484,-1.1001390820584145,-1.051747311827957,-1.0571428571428572,-1.0571428571428572,-1.2917647058823531,-1.0850292723724562,3.2340425531914896,-7.448275862068965,0.02421338857956745,0.008737092930897417,0.1680346557227541,-0.024911032028469667,0.0037313432835819342,0.13669064748201445,0.0,0.0,-0.01533742331288346,0.0,0.018867924528301886,0.00525730462036189
47,2005-09-30,-0.05399968146726242,-0.09456852516030867,-0.05494060084345842,-0.1150734151909335,-0.019315419486236163,-0.10765994307635196,-7.701388888888888,-14.181818181818182,-13.0,-13.0,-2.2530241935483866,0.8163934426229509,1.85929648241206,-7.291443850267379,-0.14873577749683942,-0.06614173228346454,-0.6921725551434705,-0.7463503649635037,-0.03345724907063197,-0.069620253164557,0.0,0.0,0.030114226375908663,0.0,0.0,0.02313185155385722
48,2005-12-31,0.058455540295068824,0.12494185784806522,0.021148190507311426,0.046602149224569615,0.27018155021102697,0.3074469560393842,-0.616580310880829,-0.5408866995073891,-0.5416666666666666,-0.5416666666666666,-3.774738535800483,0.9205776173285198,-9.639718804920914,-4.099022524436888,0.5414717457488676,-0.1188870151770658,0.487000634115409,0.6115107913669064,0.3423076923076924,-0.08843537414965996,0.0,0.0,0.28427419354838723,0.0,0.0,0.07490415806546724
49,2006-03-31,-0.0797642567725948,-0.12531010750393468,-0.07981079810798107,-0.11745059432655147,-0.055590717299578096,-0.2962452269834536,3.6,2.907725321888412,2.9090909090909087,2.9090909090909087,-2.5311684546245288,2.026315789473684,-1.0553295362082995,-2.1915798134942404,-0.4185654414952551,-0.03923444976076562,-0.01407249466950955,0.1205357142857144,0.17478510028653282,-0.28358208955223874,0.0,0.0,0.2786499215070641,0.0,0.0,-0.00896204846822113
50,2006-06-30,0.029265674465994707,0.02978087497522064,0.02486470038470734,0.02840758857747216,0.051882050709259435,0.15516201959306694,-1.4048178613396003,-1.257550796265788,-1.255813953488372,-1.255813953488372,-1.0316227987123652,-0.9729813664596272,2.0036764705882355,-0.9178271377603868,-0.05915492957746483,-0.08366533864541836,-0.22404844290657436,-0.17928286852589648,0.04146341463414638,-0.2222222222222221,0.0,0.0,0.02209944751381232,0.0,0.0,0.0013841469041246945
51,2006-09-30,-0.03381621162973636,-0.06016407036664096,-0.03935062456259408,-0.056595587408204924,-0.026280860100876047,-0.051601539565529375,-0.9158200290275762,-1.1300639658848617,-1.0909090909090908,-1.0909090909090908,-5.161676646706587,-25.13793103448276,-0.9204406364749084,-2.7913165266106437,0.11262768580486092,-0.030434782608695587,-0.4041248606465998,-0.4320388349514563,-0.025761124121779774,-0.06696428571428592,0.0,0.0,0.007807807807807877,0.0,0.0185185185185186,-0.003778105418356104
52,2006-12-31,0.08531308603576826,0.13579857883376145,0.09536950162812508,0.13491968863377002,0.032769901853871415,0.29116797358646296,10.0,-11.163934426229508,-15.000000000000002,-15.000000000000002,-9.48776978417266,-0.37,1.2000000000000002,4.4120406567630965,0.5478432924416303,0.2410313901345291,-0.598690364826941,-0.7606837606837606,-0.02884615384615385,0.2727272727272729,0.0,0.0,-0.04886769964243154,0.0,0.0,0.0007399870502267093
53,2007-03-31,-0.06485953422509927,-0.11030962157363222,-0.0662971733763289,-0.040507279003451864,-0.05633282297661156,-0.2759575941612061,-2.973354231974921,-3.1419354838709683,-3.071428571428571,-3.071428571428571,-1.648414985590778,-1.6356764928193501,1.1468531468531469,-1.7061542906674372,-0.24993608426650304,0.17344173441734426,-0.6223776223776224,-1.3928571428571428,-0.056930693069306974,0.21052631578947367,0.0,0.0,0.009398496240601515,0.0,0.0,-0.07274239763379242
54,2007-06-30,0.0424981522542498,0.061026568541848514,0.03288508029701265,0.05136788099669953,0.11659393532505312,0.2160253108674859,-2.088165210484512,-1.9149096385542168,-1.9310344827586208,-1.827586206896552,-1.1145098039215686,2.6266349583828776,-1.4625407166123778,-0.4959083469721768,-0.1679732769786625,-0.06543494996150878,-2.4691358024691357,5.454545454545454,0.11023622047244096,-0.009316770186335477,0.0,0.0,0.07138423339540667,0.3999999999999999,0.0181818181818183,0.00917065390749583
55,2007-09-30,0.008611372891467406,0.009551800146950784,0.004294536221435052,0.007781001264598686,0.029311554263954376,-0.05615054153808918,-1.15985401459854,-1.2370370370370372,-1.2222222222222223,-1.25,1.7146118721461183,-1.303934426229508,-2.859154929577465,-1.8506493506493509,0.17173289635395328,-0.12026359143327847,-0.5252100840336136,-0.3521126760563381,0.030732860520094493,-0.21003134796238246,-0.10480788573727616,0.0,0.02027809965237548,-0.5142857142857143,0.0,0.0017779533781114851
56,2007-12-31,0.06792562812347303,0.11874818049490532,0.05353018290779698,0.0511972600312971,0.13527722338509476,0.27091480223091224,-9.146118721461187,-6.951388888888888,-7.166666666666668,-5.833333333333332,3.3557611438183343,-0.6914778856526429,-1.2121212121212122,1.7900763358778624,0.4089224529753164,-0.12734082397003746,5.079646017699115,2.108695652173913,-0.11926605504587162,-0.1507936507936507,1.3271161048689142,0.0,-0.17603634298693924,4.882352941176472,0.0,0.06428712285545246
57,2008-03-31,-0.054125428436117895,-0.09671081735147936,-0.06611757967193044,-0.09582057691767544,-0.0020581425263699327,-0.25084489281210604,-1.352017937219731,-1.4066511085180864,-1.4054054054054053,-1.5172413793103448,-1.5560919096350647,-2.6433566433566438,-37.982142857142854,-1.8955198358413128,-0.2599136433569904,-0.12124463519313312,0.4774381368267833,0.3566433566433567,-0.00520833333333337,-0.004672897196261738,-0.8535423439662665,0.0,0.05444521019986204,0.4550000000000001,0.0,-0.0010190846766721107
58,2008-06-30,0.03591371204535032,0.06936982355059418,0.034685503997292866,0.05319727257195228,0.040904013061785705,0.2359951521680581,-2.514331210191082,-2.2639885222381637,-2.2666666666666666,-2.1333333333333337,-2.388541666666667,-0.19787234042553192,-0.8459681313375181,-1.648844758449494,0.22787017167381984,0.11599511599511605,-0.16059113300492622,-0.19072164948453615,0.041884816753926746,0.12206572769953072,-0.3723076923076923,0.0,0.016339869281045694,-0.1924398625429553,0.017857142857142568,0.015394602615227624
59,2008-09-30,-0.008986647005816306,-0.024582104228121904,-0.010036384448714242,-0.014157621519584662,-0.004746966069512082,-0.05213270142180093,-0.5194532071503679,-0.5607264472190692,-0.5789473684210527,-0.5294117647058824,-0.9144786196549136,2.013262599469496,-0.2445141065830721,-1.4155385520894643,-0.07711632987438555,-0.08205689277899343,0.4507042253521128,0.3439490445859874,-0.005025125628140725,-0.11715481171548126,0.17507002801120453,0.0,0.002572347266881048,0.3787234042553192,0.017543859649122858,-0.01059457484701809
60,2008-12-31,0.00230629975283736,0.033970393283252236,-0.0037785715760566547,0.028751795117281095,0.02675127535149935,0.09298850574712647,3.748358862144421,4.377260981912145,4.625,3.5,20.029239766081872,0.8133802816901408,-0.4730290456431535,-3.956090651558074,0.24701148064859746,-0.3849821215733016,0.13915857605177995,0.16113744075829395,0.032828282828282866,-0.3838862559241706,-0.6057806912991657,0.0,0.03207184092366888,0.17592592592592604,0.0,0.005077079294747655
61,2009-03-31,-0.09859631181341344,-0.1627090122335595,-0.1188546675509866,-0.15819397993311035,-0.13229116173856847,-0.3031338731727837,-1.3087557603686637,-1.3551177318596828,-1.3555555555555556,-1.4444444444444444,-1.774888765294772,-1.6106796116504856,0.2519685039370079,-2.114518447532343,-0.22076689445709952,-0.25,0.0078125,0.0040816326530612726,-0.17114914425427866,-0.2692307692307693,-0.3643235071806501,0.0,-0.07706650093225598,0.00787401574803126,-0.017241379310344862,-0.00541880969875097
62,2009-06-30,0.012388263172822713,0.01357408323098275,0.0046573441377444355,-0.011504378919002913,0.05209254690191334,0.11250282954802683,-1.4686567164179103,-1.2828146143437076,-1.25,-1.25,-1.4197021352951733,-1.2313195548489666,7.433962264150944,-1.2547291487532244,0.07216808769792937,0.39018087855297146,-0.241014799154334,-0.19918699186991876,0.053097345132743216,0.6736842105263159,0.4221165279429251,0.0,0.05589225589225588,-0.2161458333333333,-0.01754385964912264,0.025394773293933026
63,2009-09-30,-0.007844484008278306,-0.01136220571572455,-0.02104819545087389,-0.0209698558322412,0.041327433628318484,-0.0323521432447097,-0.23248407643312094,-0.17703349282296654,0.0,-0.25,-0.4660111158614793,0.6975945017182129,-0.1603281133482476,-0.9915611814345991,0.0005680204487361618,0.14312267657992586,-0.10306406685236767,-0.07614213197969533,0.0532212885154062,0.08176100628930816,0.6070234113712372,0.0,0.06186224489795932,-0.06644518272425247,-0.0357142857142857,0.009816282420749278
64,2009-12-31,0.11703086998897815,0.21576836140205669,0.1299252615844544,0.2325925925925927,0.07771734511770201,0.2624938669657251,4.5103734439834025,6.5232558139534875,6.000000000000001,7.333333333333334,4.919135308246596,-0.6376518218623481,-0.960923623445826,732.7,0.4165200113539598,0.0910569105691057,-0.4616977225672878,-0.4120879120879122,0.10106382978723394,0.03488372093023262,0.2929240374609783,0.0,-0.015015015015015232,-0.4483985765124555,-0.01851851851851849,-0.013644876482654113
65,2010-03-31,-0.07124625910251081,-0.11273027220236452,-0.08246375277807172,-0.10584163577386474,-0.02830895398809285,-0.2553297801465689,-1.4864457831325302,-1.552550231839258,-1.5357142857142856,-1.6,-1.7513864466387123,-1.7262569832402237,2.6818181818181817,-1.7719776475398663,-0.2269958319974351,0.12816691505216093,-0.017307692307692246,0.009345794392523477,-0.04347826086956519,0.0280898876404494,0.9038229376257544,0.0,0.038414634146341615,0.02580645161290329,0.0,-0.007685352622061492
66,2010-06-30,0.027674855567457524,0.059630793749170026,0.06431520911670385,0.09085461641861148,-0.1196185838912558,0.20614329381942895,-2.277089783281734,-2.4727272727272727,-2.466666666666667,-2.0,-1.636003600360036,-2.7153846153846155,17.5,-1.0019420903954803,0.0005703027789298876,0.12285336856010565,0.8277886497064579,0.39814814814814814,0.007575757575757569,0.17486338797814205,0.05685901500739799,0.0,-0.022900763358778664,0.8364779874213835,0.0,-0.02861047835990882
67,2010-09-30,0.02101737778309376,0.018800133689839568,0.013243167089320941,0.020383924462193947,0.058256901875835425,-0.035233032513289686,-0.4509090909090909,-0.5973409306742641,-0.5909090909090909,-0.4666666666666667,-0.8856495895839229,2.3318385650224216,-0.9606272939606272,-3.0,-0.0011399554381056332,0.00588235294117645,0.1038543897216273,0.09933774834437092,0.06265664160400998,-0.00465116279069755,-0.3892,0.0,0.04326923076923084,0.1130136986301371,0.0,-0.001594597129725206
68,2010-12-31,0.09373587937007356,0.15551272588096987,0.09231410969453237,0.12627673505019632,0.10143286442228128,0.28908252178370075,3.3686534216335535,3.599056603773585,3.555555555555556,3.125,23.235148514851485,-0.6648721399730821,17.644067796610173,-341.0,0.3880271826529025,0.2327485380116956,0.2725509214354997,0.30722891566265065,0.1132075471698113,0.16355140186915884,0.045841519318926105,0.0,0.016705069124423932,0.27692307692307705,0.018867924528301886,0.02602405110860584
69,2011-03-31,-0.06836612908161699,-0.11585733719761047,-0.08364095684784634,-0.0553036468627679,-0.012297350731514391,-0.2669980119284294,-1.2283981808994442,-1.2466666666666666,-1.2439024390243902,-1.303030303030303,-1.818813195792054,-0.3253012048192772,-0.7936363636363637,-2.1169786096256686,-0.31225473707814777,0.12333965844402295,0.0434451219512193,0.055299539170506895,-0.012711864406779629,0.008032128514056103,-0.0958046336881654,0.023076923076923,0.05892351274787555,0.06506024096385543,0.0185185185185186,-0.06409669444190103
70,2011-06-30,0.010215813159018428,0.016001926653376408,0.018753005289309232,0.027335630674980797,-0.013731534488970687,0.1802956333062109,-3.3141592920353977,-3.1143451143451144,-3.1,-2.9,-1.249469876512411,3.029761904761905,2.861233480176212,-0.9636146020347096,-0.016519943484403887,0.004222972972973027,-0.04455807158509861,0.06986899563318771,0.006437768240343368,0.015936254980079667,-0.10491689750692512,0.022556390977443552,-0.02461209202782244,-0.029411764705882363,0.0,-0.011055669699638115
71,2011-09-30,-0.03866976653443455,-0.0479871472404757,-0.03978393119362278,-0.05272405393533619,-0.034502354278291965,-0.008157637731946887,1.017208413001912,1.046214355948869,1.1428571428571428,1.1052631578947367,-0.211,-2.382570162481536,0.15231032515687404,-0.1842105263157895,-0.013703171621173628,-0.15727502102607238,0.5550458715596329,0.5469387755102042,-0.002132196162047073,-0.16078431372549007,-0.2247582205029014,0.022058823529411686,0.0005485463521668342,0.5314685314685312,0.0181818181818183,0.004946576968737793
72,2011-12-31,0.0888473604545954,0.1462797227947381,0.10717991851180277,0.12871314953770052,0.03493651727907165,0.2004633651896901,0.24123222748815176,0.24459394521864494,0.28888888888888875,0.4499999999999997,3.546261089987325,-1.7254273504273503,-0.4143564356435644,-21.875,0.2900280112044817,-0.157684630738523,0.1484759095378565,0.14248021108179398,0.07264957264957261,-0.1588785046728972,-0.4865269461077845,0.021582733812949728,-0.046052631578947456,0.12937595129375956,0.017857142857142568,0.015554242961212772
73,2012-03-31,-0.08625724181849248,-0.14170729352705502,-0.10080999220592156,-0.13015710977765604,-0.02754194256001952,-0.27299044678181994,-1.164184803360061,-1.1772200772200772,-1.1724137931034484,-1.1724137931034484,-1.6948703652076944,-0.6863033873343152,0.9357565511411664,-2.4093104114351935,-0.3168454423068572,0.31161137440758296,0.016267123287671215,0.011547344110854452,-0.02390438247011939,0.22777777777777766,0.005830903790087438,0.021126760563380254,0.06091954022988499,0.0,0.017543859649122858,-0.013280341217526193
74,2012-06-30,0.007283760698289177,0.017546572934973748,0.006890422532120466,0.004021697127563728,0.012573624629266034,0.1386381736129545,-3.3697674418604646,-3.156862745098038,-3.3,-3.2,-1.3167502507522568,2.582159624413145,-0.5104803493449781,-0.9025493421052632,-0.04519738096751635,-0.0072267389340560095,-0.0008424599831508006,0.0045662100456620456,0.02857142857142847,0.013574660633484337,-0.007729468599033784,0.020689655172413838,0.00650054171180936,-0.0013477088948787852,0.0,0.013557323902151586
75,2012-09-30,-0.010369907860542038,-0.036311884266231886,-0.010352079678322744,-0.01436879917892575,-0.011633663366336644,-0.026403217345689844,-0.2973503434739941,-0.30606060606060603,-0.3043478260869565,-0.31818181818181823,-1.66307789740342,0.7260812581913498,-0.12042818911685993,3.4261603375527425,-0.20952063914780292,-0.025477707006369418,-0.2693929173693086,-0.26136363636363624,0.0,-0.049107142857143016,-0.051606621226874316,0.0202702702702704,-0.002152852529601623,-0.261808367071525,0.0,-0.022293302316565008
76,2012-12-31,0.15050261324784509,0.25289268047888736,0.19029057796276105,0.11386382043272004,0.010351448367977191,0.235213122605364,3.416201117318436,3.5604075691411934,3.625,4.133333333333334,-8.664756446991403,-1.1450265755504936,-6.79107505070994,-5.4089609151572935,1.1686178724837868,-0.02334267040149396,0.14772071552221575,0.12615384615384606,0.05357142857142838,-0.023474178403755763,0.26386036960985626,0.019867549668874274,-0.12081984897518885,0.1425959780621573,-0.017241379310344862,0.12481411718052947
77,2013-03-31,-0.09453160316883924,-0.1476374123113191,-0.12113671473899412,-0.1679499331316463,0.011856564488143428,-0.2521688557165705,-1.178051865907653,-1.1889562719438238,-1.1891891891891893,-1.181818181818182,-1.9658566978193144,-3.083769633507853,-1.1823117338003502,-1.6696216216216215,-0.360843560664906,0.19502868068833634,-0.036701860231271984,-0.03825136612021851,-0.02071563088512229,0.1298076923076923,-0.023558082859463925,0.02272727272727271,0.1184049079754601,-0.03520000000000001,0.0,0.02441389035783548
78,2013-06-30,0.009690382459098146,0.020931231706989628,0.024072163863334998,0.12674385943010513,-0.042869391254644174,0.13817239144523666,-2.4706927175843694,-2.3496621621621623,-2.3571428571428568,-2.2857142857142856,-1.2370016772029415,0.07035175879396993,0.1709894332372719,-0.9657733290280917,-0.019323084401774326,0.11440000000000004,-0.0365344467640919,-0.053977272727272714,-0.03269230769230769,0.1404255319148937,0.15890183028286198,0.025396825396825532,-0.05595172792100922,-0.049751243781094516,0.0,-0.0939516475952854
79,2013-09-30,-0.06522814042653224,-0.11063768230296812,-0.0781556740978282,-0.10705778073236938,-0.01778782579021454,-0.03177314656645025,-0.4166666666666666,-0.4317897371714643,-0.42105263157894735,-0.3888888888888888,-0.12357103973870442,0.07276995305164324,4.985233798195242,18.327044025157228,-0.38081665530702025,0.15577889447236193,-0.04767063921993486,-0.05405405405405417,-0.0059642147117296975,0.19402985074626852,0.2038765254845656,0.021671826625387025,0.04880883207437536,-0.06282722513089001,0.0,-0.003988225239768273
80,2013-12-31,0.11906000693721808,0.19536286745135145,0.16013111975827574,0.2664484908645346,-0.03795709198297581,0.248353328628558,2.997929606625259,3.253303964757709,3.1818181818181817,3.1818181818181817,5.355900621118011,1.1094091903719914,-0.6481633771929824,-2.0372600065082977,0.6379465625938157,0.02795031055900621,-0.3179749715585893,-0.3047619047619048,0.04400000000000004,0.034375000000000044,0.07274895646988666,0.024242424242424176,-0.04875346260387814,-0.32216014897579137,0.017543859649122858,-0.05615406616455332
81,2014-03-31,-0.08878729174738476,-0.14870113805047006,-0.10254586693063984,-0.12309406880335072,-0.03448898519321053,-0.2285768125500541,-1.108234075608493,-1.108234075608493,-1.108695652173913,-1.108695652173913,-1.7091761946643214,-0.5114107883817427,-0.6466692637319829,-2.3581176470588234,-0.5289589442815249,0.02114803625377637,0.1601334445371143,0.14155251141552516,-0.03256704980842906,-0.02114803625377637,0.5397443023902169,0.029585798816567976,0.059405940594059466,0.13186813186813184,0.01724137931034475,-0.029191919191919213
82,2014-06-30,0.0493656031022518,0.07551693572995832,0.05711011876077565,-0.003072539873187896,0.02361137086216569,0.13062595419847334,-5.755980861244018,-5.755980861244018,-5.8,-5.6,-1.2321896100316936,0.10403397027600847,-1.0154355016538037,-1.1433356433356434,0.1609597924773023,0.06390532544378713,0.056793673616103435,0.055999999999999835,0.029702970297029733,0.09876543209876544,-0.07256317689530678,0.025862068965517127,-0.02473886750962073,0.05339805825242716,0.016949152542372836,0.07886796379148886
83,2014-09-30,-0.04548732951368351,-0.06764753566796368,-0.047024738132382386,-0.06919111260541877,-0.04841730233407937,-0.0055633574592200965,-0.09758551307847084,-0.09758551307847084,-0.125,-0.08695652173913049,0.04569732937685456,-0.17692307692307696,-62.07142857142857,-0.9927477840451248,0.0010054742486873547,0.07563959955506118,0.1394557823129252,0.12121212121212133,-0.04230769230769227,0.04494382022471921,0.0038925652004671023,0.02801120448179284,-0.002818489289740711,0.11751152073732718,0.01666666666666661,0.001639502362812184
84,2014-12-31,0.08225225837125594,0.1317654219014912,0.09900926949570543,0.12326354920759153,0.015840253444055152,0.1987941991200912,2.443701226309922,2.443701226309922,2.571428571428572,2.571428571428572,4.961975028376845,0.3761682242990654,0.977777777777778,848.5555555555555,0.8533482142857143,-0.03464322647362972,0.3361194029850745,0.3243243243243241,0.030120481927710774,0.008064516129032251,-0.14850717332299335,0.02452316076294281,-0.061616732617297824,0.30515463917525754,0.016393442622950838,0.0076063932216445815
85,2015-03-31,-0.1213599849378687,-0.182159227676628,-0.1282475383514209,-0.16593196039285574,-0.0962056419222227,-0.2406325041910199,-1.005827128520557,-1.005827128520557,-1.0,-1.0,-1.7585911470728224,-0.6604414261460102,-0.6978119455943229,-2.2114831284331675,-0.5578104299650728,0.11569362613818936,0.06836461126005355,0.0535714285714286,-0.09746588693957113,0.08266666666666668,-0.16803278688524592,0.03191489361702127,0.028915662650602414,0.034755134281200695,0.016129032258064502,-0.019493549928332517
86,2015-06-30,0.026704880269995183,0.03912328767123285,0.027006335504343948,0.033526642998281016,0.037224865373555634,0.1193914081145584,-68.33333333333333,-68.33333333333333,inf,inf,-1.3266407328397543,0.4950000000000001,1.1409001956947162,-1.12371801792076,0.1560670025874984,-0.010081613058089191,0.07026348808030125,0.06295399515738498,0.043196544276457916,0.09605911330049266,-0.051450465243568784,0.030927835051546507,0.0099531615925057,0.0412213740458014,0.015873015873015817,0.005457557742910124
87,2015-09-30,-0.0021914377396885514,0.004730768071835367,0.010792882531519776,0.02160532205918919,-0.060537325470033765,-0.005650018655722011,-0.3820132013201321,-0.3820132013201321,-0.4,-0.3793103448275862,0.079139454475605,0.35785953177257523,0.3811700182815356,-0.7783595113438045,0.029921074331487718,-0.04025218234723582,-0.0015631105900743016,-0.02277904328018221,-0.049689440993788914,-0.07865168539325851,-0.08655510675129817,0.030000000000000027,-0.058550724637681184,-0.032258064516128886,0.015625,-0.016574585635359185
88,2015-12-31,0.09682676636947553,0.15359584932821502,0.1042539546814878,0.15392690868149586,0.05456594055156128,0.17727150897882615,2.4753004005340453,2.4753004005340453,2.5,2.5555555555555562,2.309718761124956,1.7660098522167489,0.06684315023163467,23.748031496062993,0.7189751801441153,0.08236483072258728,-0.07866927592954998,-0.0932400932400933,0.065359477124183,0.13902439024390256,0.109286165508528,0.029126213592233,-0.038177339901477765,-0.09545454545454546,0.0,-0.0002956830277941469
89,2016-03-31,-0.08488609546209402,-0.1569068385956246,-0.10016067522310623,-0.13777144891420434,-0.012210633426608995,-0.2068117657772516,-0.9792547061083364,-0.9792547061083364,-0.9841269841269842,-0.984375,-1.6981822093148329,-0.4728406055209261,-0.02047146401985112,-2.319599109131403,-0.5519329296693061,0.016806722689075567,0.01189464740866608,0.007712082262210762,-0.014314928425357754,-0.04710920770877936,0.11731207289293866,0.035377358490565884,0.0793854033290653,0.0067001675041875606,0.0,-0.022182786157941448
90,2016-06-30,0.010167754931925456,0.021492445266728444,0.006765914420325814,0.0218521576903079,0.02786505279423124,0.10097588978186,28.055555555555557,28.055555555555557,38.0,37.0,-1.1455861962717608,-0.2601351351351351,-0.5731475617479418,-0.9990355635925257,-0.0011880011880012198,0.07575757575757569,0.07556675062972285,0.0765306122448981,0.03319502074688807,0.09213483146067424,0.06625891946992858,0.034168564920273425,0.017200474495848272,0.07154742096505817,0.0,-0.0003024803387779995
91,2016-09-30,0.017672491597830575,0.016270715730370974,0.027522837758427343,0.019873396884306338,-0.027159751453197045,0.002242035559726796,-0.1803696622052262,-0.1803696622052262,-0.17948717948717952,-0.1578947368421053,4.500529100529102,0.4885844748858448,2.467359050445104,-274.75,0.32560214094558426,-0.0145113102859582,0.09718969555035152,0.09715639810426537,-0.01807228915662662,-0.04526748971193428,-0.08795411089866167,0.033039647577092664,-0.04373177842565612,0.1009316770186337,0.0,-0.0035300050428643814
92,2016-12-31,0.05453777608851729,0.10467534010574477,0.058084037807655024,0.13072442077152213,0.0389924796538581,0.17807720320466136,1.4696734059097982,1.4696734059097982,1.5625,1.4375,0.05463639861485192,0.4677914110429449,-0.11253744116388532,-0.059360730593607365,0.23104531179901303,0.005197055002165385,0.09676271789398784,0.10799136069114468,0.05112474437627812,0.0237068965517242,-0.09905660377358473,0.03198294243070343,-0.014634146341463315,0.09308885754583908,0.015384615384615332,-0.023076923076923102
93,2017-03-31,-0.06305866145516292,-0.1140763646141436,-0.07030474561946598,-0.09282377368284456,-0.026820683158990662,-0.2254802384632369,-0.9323047858942064,-0.9323047858942064,-0.9390243902439024,-0.935897435897436,-1.678219627873039,-0.6530825496342738,-1.3105110896817744,-2.5563106796116504,-0.28972303206997085,0.027574321413184052,0.02367823548491721,0.02144249512670582,-0.03307392996108949,-0.023157894736842155,-0.06864456079115766,0.037190082644628086,0.03836633663366351,0.02580645161290329,0.0,-0.023414836303356727
94,2017-06-30,-0.0016840629514699446,-0.015630927991501675,-0.003995644958405098,-0.006365600011443817,0.009933774834437026,0.0746906893209418,3.4046511627906977,3.4046511627906977,3.8,3.8,-1.5882194728348575,0.891566265060241,-5.096273291925466,-0.6266375545851528,-0.1535402770651616,0.02264150943396226,-0.09822560202788333,-0.0992366412213741,0.014084507042253502,0.05818965517241392,-0.004372267332917068,0.035856573705179466,0.011918951132300348,-0.09559748427672954,0.0,-0.009335879482283094
95,2017-09-30,0.0032453631552806783,-0.0034995760425499127,0.0016343857787211036,1.4396360600077426e-05,0.015586380832282474,0.009390418589845684,0.5438225976768742,0.5438225976768742,0.5833333333333335,0.5416666666666667,-0.935528120713306,-0.2914012738853503,-1.3271417740712659,-1.4018379281537177,0.07288983179269581,-0.07462074620746206,0.02213633169360496,0.033898305084745894,0.027777777777777683,-0.08757637474541746,0.01882057716436636,0.034615384615384485,0.011778563015312216,0.033379694019471495,0.0,-0.00353394731205825
96,2017-12-31,0.08356876434991167,0.1547541693740524,0.0815223725616927,0.10536544635273447,0.0931757226581902,0.2304215284347735,1.1655266757865936,1.1655266757865936,1.1842105263157894,1.1891891891891897,71.39716312056738,0.2516853932584269,-11.333719582850524,0.8648648648648649,0.12669491525423734,-0.11874169251218425,-0.02440701271914747,-0.006147540983606592,0.10424710424710426,-0.14285714285714302,-0.14963054187192104,0.03345724907063197,0.0093131548311991,-0.010767160161507472,0.0,0.04470714669532505
97,2018-03-31,-0.035848194593232074,-0.06706769737811658,-0.03472024923339179,-0.04632596181396687,-0.04202635165833712,-0.0734301580521145,-1.0445356917245736,-1.0445356917245736,-1.0481927710843373,-1.0493827160493827,-1.7150274294670846,-0.5852782764811489,-1.6259250953128506,-3.204013377926421,-0.247837532907108,0.13524384112619406,-0.0778717406624384,-0.07216494845360832,-0.04370629370629375,0.02864583333333348,0.11223750905141183,0.037769784172661865,-0.006343713956170616,-0.10884353741496587,0.04545454545454541,-0.021705585845077646
98,2018-06-30,0.009599594774552413,0.02615064263660516,0.02509920936983012,0.035889382041652367,-0.02219587384396493,0.1026693098520124,-11.340425531914894,-11.340425531914894,-10.5,-10.25,-1.2359227291409782,0.4935064935064935,-1.3891078466499462,-0.4734446130500759,-0.1735,0.06377325066430473,0.0836836071837983,0.07777777777777795,-0.018281535648994485,0.11139240506329108,0.13346354166666674,0.03639514731369165,-0.03192106790481719,0.03053435114503822,0.04347826086956519,-0.009463722397476282
99,2018-09-30,0.09350521136790313,0.16582232422749654,0.1072255994930793,-0.11780681054144206,0.03695979046418008,-0.03942637344259559,0.10425240054869687,0.10425240054869687,0.10526315789473673,0.10810810810810813,0.3414634146341464,0.7101449275362319,-6.569060773480662,-14.196926032660905,2.7703165960879206,-0.05953372189841799,0.009873060648801113,-0.010309278350515427,0.035381750465549144,-0.041002277904327984,-0.1407237219988512,0.03511705685618738,-0.05155875299760193,-0.01925925925925942,0.0,0.3215498938428873
100,2018-12-31,0.1559375716896938,-0.017718024128203558,0.16421060161671086,0.2140263311266195,0.11941624959071985,0.2430903155603916,1.026086956521739,1.026086956521739,1.0238095238095235,1.0487804878048779,2.8606060606060613,39.25254237288136,-0.7498346560846558,-1.8680302809724851,-0.6378028560731668,-0.010181496237273158,-0.006634078212290562,-0.0395833333333333,0.11870503597122295,-0.04513064133016631,-0.0354278074866311,0.03392568659127626,-0.031605562579013924,-0.037764350453172064,0.0,-0.190858703510322
101,2019-03-31,0.027509074729678677,-0.11437265517114957,0.03947893944514425,-0.07296987899900298,-0.03255055991977274,-0.173249299719888,-1.024524831391784,-1.024524831391784,-1.0235294117647058,-1.0238095238095235,-1.1048441354563805,-0.9870731399216808,-0.7134831460674158,-0.9631865828092244,-0.06482575310100414,-0.01610017889087656,-0.013708260105448013,-0.058568329718004415,-0.03858520900321538,-0.11940298507462675,-0.03534303534303529,0.03593749999999996,-0.05809399477806788,-0.009419152276295195,-0.04166666666666674,-0.044673880671101014
102,2019-06-30,0.02971339563862929,0.03151648958189601,0.025610332801324187,0.02658310207008263,0.04690536863473427,0.06733864136879553,-22.1875,-22.1875,-23.0,-22.5,-4.128342245989305,0.5374592833876222,-4.211072664359862,-0.6264236902050113,-0.02589609979472607,0.01818181818181808,-0.0024946543121883162,-0.032258064516129004,0.046822742474916364,0.05932203389830515,0.005747126436781658,0.03619909502262453,0.016632016632016633,0.02377179080824088,-0.05797101449275355,0.004780214070456035
