,Quarter end,Assets,Current Assets,Liabilities,Current Liabilities,Shareholders equity,Revenue,Earnings,Earnings available for common stockholders,EPS basic,EPS diluted,Cash from operating activities,Cash from investing activities,Cash from financing activities,Cash change during period,Cash at end of period,Price,ROE,ROA,Book value of equity per share,P/B ratio,P/E ratio,Cumulative dividends per share,Equity to assets ratio,Net margin,Asset turnover,Current ratio
0,1994-01-31,0.005372262720088061,-0.006554040796584393,-0.014426638786045554,-0.010519773381037044,0.02253142723899781,0.4165527214321145,0.9711318925343256,0.9711318925343256,0.9743589743589742,0.09302325581395343,0.356362758703916,0.8476470848643145,-6.929044304871838,-5.885352760736196,0.114358378461336,0.16350710900473953,-0.053025577043044336,-0.08244680851063824,0.022535211267605604,0.05054151624548742,-0.00121212121212122,inf,0.017173791301101637,-0.03454894433781197,-0.01807228915662651,0.0040085898353614535
1,1994-04-30,0.005372262720088061,-0.006554040796584393,-0.014426638786045554,-0.010519773381037044,0.02253142723899781,0.4165527214321145,0.9711318925343256,0.9711318925343256,0.9743589743589742,0.09302325581395343,0.356362758703916,0.8476470848643145,-6.929044304871838,-5.885352760736196,0.114358378461336,0.16350710900473953,-0.053025577043044336,-0.08244680851063824,0.022535211267605604,0.05054151624548742,-0.00121212121212122,inf,0.017173791301101637,-0.03454894433781197,-0.01807228915662651,0.0040085898353614535
2,1994-07-31,0.05621787894000452,0.04993891124216865,0.06733193361648837,0.1340556368017214,0.04693377778262176,0.4165527214321145,0.9711318925343256,0.9711318925343256,0.9743589743589742,0.09302325581395343,0.356362758703916,0.8476470848643145,-6.929044304871838,-5.885352760736196,-0.5013477088948788,0.07535641547861505,-0.053025577043044336,-0.08244680851063824,0.04683195592286493,0.05054151624548742,-0.00121212121212122,1.5,-0.008808955771701266,-0.03454894433781197,-0.01807228915662651,-0.07414801083701694
3,1994-10-31,0.07735668720942801,0.11284761336054384,0.13862212865109955,0.221123762102037,0.02518159883853621,-0.2015125507062986,-0.3957920124399029,-0.3957920124399029,-0.4025974025974026,0.09302325581395343,-1.2297403502528286,-0.3711020329927043,-2.7548671552908846,-0.868632760379876,-0.13207733280725986,0.02651515151515138,-0.053025577043044336,-0.08244680851063824,0.02368421052631597,-0.02061855670103097,-0.00121212121212122,0.4000000000000001,-0.04850953527124602,-0.03454894433781197,-0.01807228915662651,-0.08865958211407166
4,1995-01-31,-0.03786853934659051,-0.08425052659855015,-0.13041507040613498,-0.1969728336593728,0.049667438672410524,0.3816603400590277,0.8352110086924551,0.8352110086924551,0.8478260869565215,0.09302325581395343,-8.333699089911573,-0.061966626028649774,-2.237902567951186,0.7174010455563853,-0.26134788044095925,0.026752767527675303,-0.053025577043044336,-0.08244680851063824,0.048843187660668315,0.0035087719298245727,-0.00121212121212122,0.4285714285714286,0.09106830122591923,-0.03454894433781197,-0.01807228915662651,0.14032221721496185
5,1995-04-30,0.044988219626057147,0.0647743850132323,0.08523594398010226,0.05046534598974017,0.013450662300937609,-0.3151685171548356,-0.6039523203067985,-0.6039523203067985,-0.6,0.09302325581395343,-1.218709569533801,-0.3479682391405885,-2.2283857873372344,-4.152461297616977,1.115395267255439,-0.08445642407906573,-0.053025577043044336,-0.08244680851063824,0.014705882352941124,-0.12587412587412586,-0.00121212121212122,0.30000000000000004,-0.030319243802389925,-0.03454894433781197,-0.01807228915662651,0.013634342735760365
6,1995-07-31,0.07232423411229694,0.09480470001995632,0.1237583516738352,0.04291339559739593,0.029166406608535974,0.4090753042552826,0.9462008165624888,0.9462008165624888,0.9117647058823528,0.09302325581395343,-1.7563782696177062,0.873240313940451,-0.9123437583820609,-1.9153861009186968,-0.4826603048993367,-0.02158979391560345,-0.0731225296442688,-0.08244680851063824,0.0314009661835748,-0.03599999999999992,-0.00121212121212122,0.23076923076923084,-0.04009564097848062,-0.06163021868787277,-0.024539877300613355,0.04975876017349768
7,1995-10-31,0.07900537428223142,0.11213851972145816,0.1764424626876131,0.3445625000826258,-0.010267580672319254,-0.2109143528891727,-0.453411306042885,-0.453411306042885,-0.44615384615384623,0.09302325581395343,-3.944137050436263,-0.2570245735377249,13.294369645042838,-1.5051235684147075,0.4712630750196829,-0.0010030090270811698,-0.06396588486140709,-0.08244680851063824,0.0,-0.03319502074688796,0.050970873786407855,0.1875,-0.08277447786932368,-0.05720338983050855,-0.02515723270440251,-0.17284122562674087
8,1996-01-31,-0.0570487411243078,-0.1099735438347864,-0.13310779235049364,-0.1816464744390192,0.02578349991529727,0.3693937683051625,0.8384620610012907,0.8384620610012907,0.8611111111111114,0.09302325581395343,-4.312841085691568,1.6190614720164702,-1.8057113499165127,-2.659128878281623,-0.5314387279259996,0.009036144578313143,-0.10022779043280194,-0.11594202898550733,0.025761124121779888,0.008583690987124415,0.05484988452655881,0.1578947368421053,0.08773762272822228,-0.09887640449438206,-0.01935483870967747,0.08755682774877926
9,1996-04-30,0.033147687255340015,0.052203777833995435,0.05313263803146962,0.1361963588217414,0.014754331076085812,-0.2704633154887296,-0.5215600059119125,-0.5215600059119125,-0.5223880597014925,0.09302325581395343,-0.8328114942779531,-0.6200550248637196,-1.24153249375631,-1.3203869529255223,0.3633805114818289,0.1213930348258705,-0.025316455696202445,-0.03934426229508192,0.013698630136986356,0.09361702127659566,0.2216748768472907,0.13636363636363644,-0.017668523141924464,-0.029925187032418976,-0.006578947368421018,-0.0739020488207669
10,1996-07-31,0.04480024256171822,0.06602183068753753,0.06375214612189972,0.08476203669140747,0.02669797855491152,0.3703267907483978,0.7291964320191529,0.7291964320191529,0.71875,0.09302325581395343,1.7298858075040782,0.18181613744715294,-1.6257755093061117,0.8965091480525311,0.5054747801112907,0.022182786157941337,-0.06839826839826846,-0.07679180887372006,0.02927927927927932,0.007782101167315147,0.032258064516129004,0.15999999999999992,-0.01739980449657852,-0.07712082262210784,0.0,-0.01727500696572859
11,1996-10-31,-0.01873356388949443,-0.035031945720467535,-0.023371668140033663,-0.09611747778379998,-0.014143504497078576,-0.20703298686067415,-0.2399455126057927,-0.2399455126057927,-0.23636363636363644,0.09302325581395343,-1.3053865736037575,-0.07596141038570581,-3.4703979749683587,-3.306995738636364,-0.7745916299034219,-0.15451388888888884,0.01579925650557623,0.02957486136783727,-0.002188183807440014,-0.17760617760617758,-0.10980902777777768,0.10344827586206916,0.004775169120572853,0.011142061281336879,0.013245033112582849,0.0675361497022966
12,1997-01-31,-0.06630479809260648,-0.1221528236462074,-0.14206163709084765,-0.15082698106614556,0.007965516061715359,0.3420797610824429,0.2572276413209542,0.2572276413209542,0.2619047619047621,0.09302325581395343,-7.266123982467126,0.2465558781738433,-3.3520521432230885,-1.4346186408065882,1.4935202327426609,0.01950718685831609,-0.07868252516010976,-0.06822262118491917,0.02631578947368429,0.023474178403755985,-0.011701608971233624,0.09375,0.07940594059405948,-0.0881542699724518,0.02614379084967333,0.033783065972591064
13,1997-04-30,0.037872982382654234,0.04579225123482855,0.14122743153707562,0.1679779825928367,-0.04837183476423978,-0.2781190087473707,-0.24402327592250705,-0.24402327592250705,-0.2264150943396227,0.09302325581395343,-0.5577595683021885,0.12848977434169218,-1.2212810242385372,0.22672805619502975,0.7347617027294584,-0.07250755287009047,0.050645481628599935,0.046242774566473965,-0.02777777777777779,-0.09633027522935787,-0.0014800197335964604,0.08571428571428585,-0.08310401761144748,0.0332326283987916,0.012738853503184709,-0.10461411982324532
14,1997-07-31,0.0355878851664202,0.04443859273629691,0.03537743918433445,0.11473850065079882,0.035798480809683175,0.4189769404255006,0.8110606201119046,0.8110606201119046,0.853658536585366,0.09302325581395343,0.7461586261439386,-0.03242475699730652,-4.651646068030186,-1.444086228466943,-0.18809358822810096,0.3420195439739411,0.0954631379962192,0.09392265193370176,0.03296703296703307,0.3807106598984773,0.2786561264822134,0.07894736842105265,0.0002000800320127727,0.06432748538011701,0.025157232704402288,-0.06306668196947085
15,1997-10-31,0.07630105643379402,0.12247914459844655,0.1306100952800573,0.18219550761493108,0.021975486840601025,-0.19474782852857173,-0.3830437305840986,-0.3830437305840986,-0.3815789473684211,0.09302325581395343,-1.5052409375454945,-0.11250132381197332,-2.5055560547518496,1.2318777765738431,-0.5170570073047669,0.2192556634304208,0.008628127696289845,-0.008417508417508435,0.021276595744680767,0.1801470588235292,0.09853168469860908,0.09756097560975617,-0.05041008201640329,-0.01098901098901106,0.006134969325153339,-0.050529797268328513
16,1998-01-31,-0.08353143708169508,-0.15105139422107094,-0.15355125408045767,-0.2222312069284187,-0.006045030117336037,0.3348957224550919,0.6359939134043435,0.6359939134043435,0.6170212765957448,0.09302325581395343,-3.696201315852663,0.14068972571214267,-1.9545219432618468,-1.269686377318186,0.2887364208118925,-0.10617120106171196,0.0958083832335328,0.08149405772495766,0.03333333333333344,-0.12461059190031155,-0.12662680267323256,0.06666666666666665,0.08447440488729717,0.06666666666666665,0.012195121951219523,0.09153657592568698
17,1998-04-30,0.009385504419818336,0.0076338701577494126,0.0847418000798501,-0.1978461838774631,-0.0616307968906985,-0.284951757967703,-0.4531479884328548,-0.4531479884328548,-0.4342105263157895,0.09302325581395343,-0.497016547031687,-0.20732582120333565,-0.6171112963734889,-1.911971197119712,-0.2043236266838752,0.08908685968819596,0.0031225604996096834,-0.00784929356357933,-0.06249999999999989,0.053380782918149405,-0.015304067660088516,0.08333333333333348,-0.07031857031857036,-0.01822916666666663,0.012048192771084263,0.25619053247444
18,1998-07-31,0.016577145516646574,0.021379154577634063,0.033988215437975144,0.06941933436051384,-0.002390638580095028,0.3913315997173661,1.1387883848223397,1.1387883848223397,0.09302325581395343,0.09302325581395343,1.1988266817757949,0.06517599592767853,1.7999564531054384,-6.310698776154758,1.3637469586374698,0.2017723244717109,0.07003891050583655,0.05379746835443045,0.01720430107526894,0.2804054054054055,0.19182004089979565,0.05769230769230771,-0.01859590472210615,0.03713527851458909,0.011904761904761862,-0.044928490779074126
19,1998-10-31,0.06989261209879194,0.05260875047897296,0.21694750236666493,0.41610479295180336,-0.09615234205266354,-0.2438602237017752,-0.4408056447181978,-0.4408056447181978,-0.42553191489361697,-0.42553191489361697,-0.8231353138856977,0.9253778894828136,-1.4808798942416113,-1.9798914659530185,-0.5653413964659462,-0.12762336925694828,0.05672727272727274,0.01051051051051033,-0.07188160676532784,-0.1424802110817942,-0.18805765271105013,0.07272727272727253,-0.1552054502874175,0.01278772378516635,0.0,-0.2566868627161223
20,1999-01-31,-0.009560702976970092,-0.027481462961805536,-0.051995587671832884,-0.3288241397017469,0.05495208998861445,0.32137188410644146,0.7207239819004525,0.7207239819004525,0.7037037037037037,0.7037037037037037,8.010957324106112,-0.54714101856959,-1.5346768814052676,-9.389105943936578,10.9113424441265,0.15734720416124826,0.06744666207845817,0.016344725111441468,0.0546697038724373,0.24615384615384614,0.1272189349112427,0.06779661016949158,0.06502016129032251,0.037878787878787616,-0.02352941176470591,0.44897282968853536
21,1999-04-30,-0.024325232626106308,-0.059562951118389725,-0.03421979881629167,-0.05814646434417381,-0.010807707117972631,-0.28141437109018963,-0.5260935551247953,-0.5260935551247953,-0.5217391304347827,-0.5217391304347827,-0.9882913684210526,-0.05383459867646456,3.777324108729348,-1.7664020039608974,-0.7020598017653077,0.11629213483146073,0.012250161186331487,-0.016081871345029253,0.0021598272138227963,0.05925925925925935,0.05286839145106858,0.06349206349206349,0.013961192617132134,-0.0024330900243307862,-0.012048192771084376,-0.0015092613766294338
22,1999-07-31,0.026494066371367087,0.017815412983597678,0.05328629214466263,0.11284457915546507,-0.009242005093583305,0.3890752137656925,1.2461475045976282,1.2461475045976282,1.3181818181818183,1.3181818181818183,40.99741081703107,-0.112765500965458,-0.15270051042614652,-0.9856046348356038,-0.03392092531835622,-0.12229491696024153,0.025477707006369418,-0.0059435364041604535,0.0043103448275863,-0.12354312354312358,-0.1253561253561254,0.059701492537313376,-0.03477246207701279,0.007317073170731714,-0.012195121951219412,-0.08537925980212524
23,1999-10-31,0.04645344655844141,0.07689041331798951,0.11927236756532245,0.22167696828326933,-0.05680393308668874,-0.23090075828169,-0.5252191589378732,-0.5252191589378732,-0.5098039215686274,-0.5098039215686274,-0.9073933266202228,-0.06935242056391155,-0.7820844502143478,18.79467213114754,-0.6950296436999943,-0.1932339449541285,-0.018633540372670843,-0.03437967115097152,-0.030042918454935782,-0.19680851063829785,-0.2153908794788273,0.056338028169014225,-0.09864603481624756,-0.02663438256658601,-0.006172839506172867,-0.11853966346153845
24,2000-01-31,-0.06217791931513239,-0.09670022232524143,-0.08376126886037237,-0.11949627377538595,-0.025859285326357062,0.3796862304231817,0.9786221865429788,0.9786221865429788,0.96,0.92,14.914490716768992,0.897417242633685,4.8406908966226645,-1.121099815731175,0.2759873543151041,-0.12437810945273632,0.0265822784810128,0.004643962848297045,0.0022123893805310324,-0.0960264900662252,-0.11209133367929423,0.053333333333333455,0.03862660944205998,-0.01741293532338306,0.01863354037267073,0.025907618885290692
25,2000-04-30,0.031169652272425182,0.05853648871822936,0.06486391713789796,0.1157229757567435,-0.0221581391582758,-0.2515478819986041,-0.507280568620674,-0.507280568620674,-0.4897959183673469,-0.4791666666666666,-1.1520255823897971,-0.34238058720420683,-1.5734654191891395,-1.4412720123097966,-0.09544412395532877,0.07061688311688298,0.035758323057953234,-0.0030816640986133237,-0.017660044150110354,0.06593406593406592,0.056107539450613635,0.05063291139240489,-0.05165289256198336,-0.012658227848101222,0.012195121951219523,-0.05128205128205132
26,2000-07-31,0.050308390274027996,0.049166272701310236,0.08220572500402867,0.1559779640540182,-0.004668161191295428,0.2644268347151271,0.38464119064320346,0.38464119064320346,0.3999999999999999,0.3999999999999999,-6.686651583710408,1.3139186206322102,-1.9807931003595696,-0.3149941882991089,-0.07227832059196271,-0.1175132676269901,-0.099404761904762,-0.13910355486862436,0.0044943820224718775,-0.09965635738831613,-0.13558384061981188,0.06024096385542178,-0.05255991285403061,-0.12564102564102564,-0.012048192771084376,-0.09240558052653093
27,2000-10-31,0.1357539482115262,0.12679349565049258,0.17959540223931802,-0.019787380064621662,0.053595925579605685,-0.13464481206078405,-1.0731261425959782,-1.0731261425959782,-1.0857142857142856,-1.0857142857142856,-1.6166000892477916,-0.3599294450094044,-3.3336290575096545,2.9270361990950224,-0.3059533776935619,-0.2766323024054983,-0.2068737607402511,-0.23698384201077194,0.015659955257270708,-0.2824427480916031,-0.18950064020486546,0.04545454545454541,-0.07214716872664563,-0.22873900293255126,-0.012195121951219412,0.14960123488551602
28,2001-01-31,-0.04196983687615252,-0.0740610410762449,-0.06738019193126576,-0.13227144222509668,0.011343363133206276,0.3381586164669266,-9.146987951807231,-9.146987951807231,-8.0,-8.0,-2.2305579533861732,0.2409032112929532,-1.2424245812554509,-2.3695808728215466,0.6037460317460317,0.0653206650831355,-0.2858333333333333,-0.3082352941176472,0.011013215859030813,0.05319148936170226,0.34992101105845186,0.054347826086956534,0.055452292441140034,-0.3003802281368821,-0.012345679012345734,0.06708067584200507
29,2001-04-30,0.027832317168642984,0.04497948683439778,0.035694964343288005,0.1444609959518941,0.012619879502394404,-0.2743053548905625,-0.08477521443359948,-0.08477521443359948,-0.1428571428571429,-0.1428571428571429,-0.9496772456405131,-0.3195630990958327,-2.0558784188921173,-1.7537070144074036,-0.2837404489488895,0.02564102564102555,-0.09568261376896148,-0.11224489795918358,0.013071895424836777,0.010101010101010166,0.3803393797542423,0.04123711340206193,-0.014675667742882316,-0.08695652173913049,-0.025000000000000026,-0.08692916688512553
30,2001-07-31,0.02243635371438057,0.009033907636145866,0.02349330377526893,0.03505691762387308,0.020344795736837232,0.2690543824504943,0.5632801454251666,0.5632801454251666,0.6111111111111112,0.6111111111111112,29.50225288651084,0.3305858061078364,-3.576891995194933,-3.6143435189060975,1.035651116515587,0.08043478260869574,-0.0929032258064516,-0.10344827586206896,0.019354838709677358,0.07000000000000006,0.18694362017804145,0.04950495049504955,-0.002085195114685634,-0.0892857142857143,-0.019230769230769273,-0.02515073212747632
31,2001-10-31,0.04825757202178926,0.057664502386427514,0.0712311166716566,0.12209131938338902,0.0026558229745217155,-0.19829611213649734,-0.7288043618698157,-0.7288043618698157,-0.7241379310344827,-0.7241379310344827,-1.29313520475287,-0.2207441150337267,-1.9264470305043944,-1.8786892245290068,-0.44703901816503294,-0.07545271629778671,0.14509246088193462,0.14529914529914525,0.0,-0.09345794392523377,0.010000000000000007,0.03773584905660377,-0.043582089552238856,0.1633986928104576,-0.013071895424836666,-0.05743064145608756
32,2002-01-31,0.018522063690159296,0.016182974442572773,0.01219015155693737,-0.2499129405209639,0.03195032148156285,0.3162008035563704,3.834587898999524,3.834587898999524,3.75,3.75,-4.991889891497772,0.04122502730134259,0.11896070628059108,-19.887390670553934,15.26943285047876,0.08161044613710566,0.21366459627329196,0.19776119402985048,0.02953586497890281,0.08247422680412386,-0.074964639321075,0.045454545454545185,0.013420724094881377,0.2415730337078652,-0.039735099337748325,0.35476815398075234
33,2002-04-30,-0.0060139118484856535,-0.0191979160886947,0.002953965031520012,-0.020399097640909192,-0.02466815977019188,-0.23624018294514715,-1.4842823074952207,-1.4842823074952207,-1.4736842105263157,-1.4736842105263157,-0.8793202071884776,0.010997146602915064,-1.6943699512705628,-1.3855262057743392,-0.3618298538905673,0.2183098591549295,-0.4002047082906858,-0.4080996884735202,-0.026639344262295084,0.18095238095238095,-0.004587155963302836,0.034782608695652195,-0.01878657222051128,-0.3981900452488688,-0.013793103448275891,0.0012454449005949721
34,2002-07-31,0.05145647955114141,0.08595571355836817,0.06487750732213904,0.17637776616885947,0.0227485098224578,0.3289290642426597,-2.478715611264854,-2.478715611264854,-2.5,-2.5,4.971789088293943,1.0421218038689206,-0.8536272327999341,-1.3035851322945513,0.17212676702468288,-0.10322047894302233,-0.03754266211604096,-0.057894736842105325,0.02105263157894721,-0.07661290322580637,0.4635176651305684,0.04201680672268915,-0.027306967984934042,-0.05263157894736836,-0.006993006993006978,-0.07689118216161428
35,2002-10-31,-0.008241732921534184,-0.004595205194007579,-0.015474511743027941,-0.0201628889672254,0.00786667754706083,-0.2007377706689346,-0.4928581257740471,-0.4928581257740471,-0.4814814814814815,-0.4814814814814815,-1.804678048860595,-0.578109475036793,-0.7131365135548227,-6.688693501854651,-0.835384404328634,-0.14825046040515655,0.09751773049645383,0.0949720670391061,0.006185567010309256,-0.165938864628821,-0.11729204933088422,0.040322580645161255,0.016134236850597006,0.09523809523809512,0.0,0.015920546988072104
36,2003-01-31,-0.023891028961754657,-0.048521056671404265,-0.052442422792143284,-0.1869326645074355,0.038224286477463336,0.3229932565044917,2.2579367232864818,2.2579367232864818,2.142857142857143,2.071428571428571,-2.4448813273379093,-0.5019212721123371,3.694335389792484,-1.8091721406491497,4.106353252610422,0.08864864864864863,0.10339256865912773,0.11224489795918367,0.03688524590163933,0.0785340314136127,-0.018430439952437542,0.03875968992248069,0.0635122261035248,0.0942028985507246,0.014084507042253502,0.170220082530949
37,2003-05-03,0.019154735795737562,0.0407885099907459,0.02170927853896698,0.049969485950320136,0.014082505318656626,-0.23252042458925185,-0.5476729853083253,-0.5476729853083253,-0.5454545454545454,-0.5348837209302325,-0.9847645233734622,0.5043373151308306,-0.5918757467144564,-1.274038834603745,-0.16749948398926695,-0.16583912611717974,0.5402635431918008,0.559633027522936,0.011857707509881577,-0.19417475728155345,-0.2292549969715325,0.03731343283582067,-0.004777545535980865,0.5496688741721854,0.006944444444444421,-0.008773771042357437
38,2003-08-02,0.05310956752604468,0.09518685937092196,0.05938935038452109,0.2271618235732604,0.04054682440945268,0.3360051327129321,1.4257411158166082,1.4257411158166082,1.4,1.4,74.35105067985168,0.4308739424304013,7.481411007025762,-3.730233064691789,0.7227244946204321,0.1166666666666667,0.17870722433460062,0.19705882352941173,0.0390625,0.10240963855421703,-0.29115913555992146,0.03597122302158273,-0.012001200120012046,0.17948717948717952,0.013793103448275891,-0.1075300694562088
39,2003-11-01,-0.005350995606797526,-0.009500146032364154,-0.026121060645625138,-0.004791735237896444,0.036952054676248965,-0.2085627933536679,-0.3097265868136205,-0.3097265868136205,-0.3124999999999999,-0.3124999999999999,-1.087784412473958,0.08274700227925869,-0.01064802830270084,-2.1511348677649687,-0.4829288537681698,0.3869936034115138,0.120967741935484,0.144963144963145,0.02631578947368407,0.3387978142076504,0.15410199556541038,0.03472222222222232,0.04251442453689647,0.14130434782608692,0.006802721088435382,-0.0047454088169694994
40,2004-01-31,0.04486445238654402,0.07897152449139888,0.022104678514283105,0.006125165251293918,0.08840040658258808,0.3301004498067732,1.2948822274516705,1.2948822274516705,1.3333333333333337,1.2727272727272725,-18.454566690025693,1.1535938739398377,-1.84510186994139,-2.9466626007526564,1.2026085830798108,0.3551114527286703,0.1697841726618703,0.1909871244635193,0.08058608058608074,0.3183673469387753,0.1762728146013448,0.033557046979865834,0.04165452956597715,0.1968253968253968,-0.0067567567567568,0.07242645305869444
41,2004-05-01,-0.031615590625384986,-0.04842439708132351,-0.08247411441171104,-0.02502674692376972,0.05974324498824667,-0.18737966737124206,-0.34135472370766484,-0.34135472370766484,-0.3636363636363637,-0.36,-1.0226516601314186,-1.31121043199864,-5.197964828269485,-1.5977919553406768,-0.4934421845474769,0.08338060124787305,0.1082410824108242,0.15315315315315314,0.04576271186440661,0.003095975232198178,-0.11392405063291132,0.038961038961039085,0.09423937360178967,0.13527851458885953,0.020408163265306145,-0.024008536368486655
42,2004-07-31,0.08771227637840928,0.16269766779781225,0.09219596130024987,0.31268245215699,0.08073895693652801,0.2722192915616513,0.5556477075967232,0.5556477075967232,0.5510204081632653,0.5625,-24.724093111189884,-3.959578487379657,-1.3747510853906175,-1.8752359909236551,0.8525746640985774,0.062303664921465884,0.07214206437291915,0.11874999999999993,0.072933549432739,0.015432098765431944,-0.08341013824884791,0.031249999999999774,-0.006388959877332011,0.11915887850467287,0.0,-0.1142492711370262
43,2004-10-30,-0.012857787258816478,-0.022499948988230826,-0.02068407967387409,-0.03529096496448425,-0.0005567904928824863,-0.21060108114749065,-0.27205724173408785,-0.27205724173408785,-0.2763157894736842,-0.2799999999999999,-0.8328294575573896,-1.0533010343369094,-2.5668214857382767,-1.5370508982035929,-0.2471565643280348,-0.010349926071956615,0.042443064182194463,0.07681564245810057,0.009063444108761365,-0.07902735562310037,-0.1256913021618904,0.04242424242424248,0.012602880658436176,0.07933194154488521,-0.0066666666666667105,0.013268874717136336
44,2005-01-29,-0.03064787650931444,-0.057926771209468875,-0.022288412136360455,-0.03234599558580442,-0.043522287769768735,0.36202389637339305,0.7985814873824331,0.7985814873824331,0.8545454545454545,0.8518518518518516,10.335597664163986,-5.453325638436012,0.920834031150561,-2.523167564143174,0.500051995158211,0.1409362549800799,0.07596822244289969,0.09727626459143957,-0.020958083832335328,0.13201320132013206,0.045428407130534636,0.03488372093023262,-0.013208026416052787,0.06769825918762074,0.026845637583892582,-0.026444015835955792
45,2005-04-30,0.0030870349742366803,0.015079822923258934,-0.031863771997971864,-0.07808138078308803,0.05810975330269419,-0.21228389839183412,-0.2531933133304758,-0.2531933133304758,-0.2450980392156863,-0.25,-0.8917070555210951,1.1265146115466855,-0.9106615050613376,-1.3737272908764224,-0.12458439977483415,0.13574858140549972,0.06737425011536691,0.08037825059101666,0.05963302752293576,0.1603498542274051,0.033553355335533615,0.0393258426966292,0.054826254826254806,0.07246376811594213,0.006535947712418277,0.10103748501120903
46,2005-07-30,0.0642491882967533,0.10850340604985532,0.06274207774727647,0.147541354848989,0.06642006770377695,0.2731768525827545,0.4245346189902237,0.4245346189902237,-0.2987012987012987,-0.2933333333333333,6.242585311392652,-0.11542270365799777,3.5463328941589816,-4.275908119658118,0.466209474334405,0.20445810914681006,0.0765239948119325,0.0919037199124728,0.06493506493506508,0.1356783919597988,0.09739222990952644,0.04324324324324325,0.0019521717911177292,0.0760135135135136,0.01948051948051943,-0.03399782186656575
47,2005-10-29,-0.025807433183501868,-0.0512871714012888,-0.01977374711455271,0.15512827922174033,-0.03446852946625567,-0.20902965100325765,-0.2784418270457567,-0.2784418270457567,-0.2592592592592593,-0.2641509433962265,-0.8765620339869106,0.3760699953497184,1.2955413876008932,-2.745699143905422,-0.5550785849311369,0.09093809827696232,0.051807228915662806,0.06012024048096199,-0.021680216802168032,0.02433628318584069,-0.010184287099903044,0.04663212435233155,-0.008767657087189407,0.0439560439560438,0.012738853503184709,-0.17871672957207976
48,2006-01-28,0.027521681132586462,0.046628503592354376,-0.004141623527688765,-0.009549330887884566,0.0736647305603968,0.3779344949073602,0.7722166900877594,0.7722166900877594,0.7749999999999999,0.7692307692307689,9.853427446721867,0.10767748072494232,-0.7448274894679503,-1.999147634393536,1.2465245237759963,0.11611582334015802,0.058801069110347326,0.08317580340264641,0.08448753462603875,0.14254859611231094,0.04164625183733461,0.03960396039603964,0.044717444717444765,0.0736842105263158,0.012578616352201257,0.056759176365264175
49,2006-04-29,-0.02737257609651333,-0.035192579946050295,-0.024906775910074952,-0.0437186443517944,-0.030705587712604118,-0.22153106213123164,-0.310870136007982,-0.310870136007982,-0.3098591549295775,-0.3043478260869565,-0.92808402495335,-0.7125843229867004,2.7498625719206946,-1.7842610230101317,-0.435161329367824,0.05345911949685545,0.030652722683014888,0.03926701570680624,-0.025542784163473886,-0.03024574669187152,-0.0475070555032926,0.04761904761904767,-0.003292568203198565,0.030812324929971883,0.006211180124223503,0.008867050717271008
50,2006-07-29,0.0012614279037963527,-0.006224287849151522,0.0689221108579281,0.1285650143041841,-0.09074236944544134,0.2703887539495631,0.3621324229793266,0.3621324229793266,0.3877551020408165,0.3958333333333335,18.85336162220445,6.4294700424595055,0.7735932957072003,-1.0937316842994091,0.07221248555444149,-0.113681592039801,0.07487753673897822,0.05793450881612095,-0.05766710353866311,-0.08966861598440545,-0.15802469135802466,0.05000000000000005,-0.09202453987730076,0.029891304347826164,0.024691358024691246,-0.11940883390247993
51,2006-10-28,-0.017588291470508,-0.03695185481401053,-0.06835764268224886,-0.11688262021096853,0.06356947667483581,-0.17545501632262595,-0.24100719424460426,-0.24100719424460426,-0.22058823529411764,-0.22388059701492533,-0.8020791725355814,-1.3930869528405725,-0.2871331865758203,-4.7879285676434735,-0.2551133666670236,0.157732248105529,0.04492187500000022,0.051587301587301626,0.06119610570236422,0.2291220556745181,0.08504398826979465,0.04329004329004338,0.08264033264033288,0.01978891820580464,0.030120481927710774,0.09052765416401763
52,2007-02-03,0.02404137982007404,0.033262142990099886,-0.034119988626670435,-0.0736889935112992,0.10548301008612836,0.4053201132629989,0.7125072785299948,0.7125072785299948,0.7169811320754718,0.7115384615384615,2.8047338325632447,-2.052070432394593,-0.38996676200046376,-3.711787582888,0.9287497304937355,0.2419393939393939,0.05576323987538934,0.07094339622641499,0.1035386631716908,0.16898954703832758,0.17351351351351352,0.04149377593360981,0.07969275084013439,0.024579560155239436,0.04678362573099415,0.1154249737670514
53,2007-05-05,0.20943496091943348,0.34473612907625384,0.3238124925321997,-0.010949360950023856,0.06950082567796212,-0.2573381620918133,-0.3251427858191193,-0.3251427858191193,-0.3296703296703297,-0.3258426966292135,-2.0644524888562152,0.033242911249872005,-6.577641915864168,0.7647438146138132,0.8497760576710494,0.06441538161233651,0.0011802891708467822,-0.01620859760394644,0.09263657957244642,-0.03427719821162434,-0.01888530631045604,0.055776892430278835,-0.11582925744775452,0.01767676767676774,-0.033519553072625774,0.35962161597156905
54,2007-08-04,-0.04558659735208703,-0.048728063205520485,0.041978560141224135,0.10121760822772717,-0.1781915157368701,0.22295523964722366,0.15072354700663926,0.15072354700663926,0.18032786885245897,0.18333333333333332,-1.2286925733269225,0.5485696594427245,-1.6192349850915804,-2.6533025417659357,-0.7595723594093284,-0.09499358151476256,-0.005010315355142847,-0.034383954154727836,-0.15217391304347816,-0.1728395061728395,-0.13568075117370892,0.049056603773584895,-0.1387980890118179,-0.011166253101737134,-0.023121387283236983,-0.13615221987315007
55,2007-11-03,-0.014032750030904428,-0.04705117679255609,0.14204616097180425,0.14260610075327285,-0.31371477050756913,-0.17537323739128474,-0.08150529291137842,-0.08150529291137842,-0.04166666666666674,-0.0422535211267604,-0.05973087656255971,-1.632682111526066,-0.5438725215946174,-0.8741782626376929,-0.39724520060547497,-0.09219858156028382,0.13122037914691953,0.005192878338279082,-0.2769230769230769,0.07089552238805963,-0.10537751222161873,0.050359712230215965,-0.3039416058394161,0.031367628607277265,-0.023668639053254448,-0.16597695011791924
56,2008-02-02,0.020510065509456776,0.005446943752408061,0.0731166921686408,-0.0832730125106601,-0.14757762968478716,0.2759489739368386,0.27953102749149195,0.27953102749149195,0.3333333333333335,0.33823529411764697,3.2233447848271095,-2.8115148833975856,-0.9092985659248296,-4.508185663495453,2.3174872350875244,-0.2415178571428571,0.1264728986645718,-0.06125461254612553,-0.09751773049645383,0.04878048780487787,-0.28354584092289004,0.04794520547945202,-0.1648489932885906,-0.014598540145985273,-0.04848484848484835,0.09678279891159347
57,2008-05-03,-0.0024999999999999467,-0.03005058018446893,0.009587513935340077,0.01712538226299687,-0.05112107623318385,-0.25264081495959323,-0.4388089545340935,-0.4388089545340935,-0.4130434782608695,-0.4065934065934066,-0.6317849046250704,0.2908357638258976,8.177972865123703,-1.9573556155516207,-0.6675977653631284,0.04944084755738665,0.16875871687587174,-0.042452830188679284,-0.03732809430255391,0.16445182724252505,0.04237288135593209,0.052287581699346435,-0.048719236564540365,-0.044444444444444516,0.0,-0.04640754973974803
58,2008-08-02,0.039921231650555056,0.04233128834355826,0.033568904593639586,0.08418520745640401,0.06710775047258988,0.2171367748802555,0.2016806722689075,0.2016806722689075,0.2222222222222221,0.20370370370370366,0.4248366013071896,0.5297297297297296,-1.1835748792270528,-0.8870292887029289,-0.22689075630252095,-0.09814918676388107,0.10401750198886227,-0.06568144499178985,0.06938775510204076,-0.06419400855920121,-0.07967479674796751,0.049689440993788685,0.026399155227032626,-0.043927648578811374,-0.019108280254777062,-0.03861653828495637
59,2008-11-01,0.04389740058529879,0.047675103001765695,0.04743589743589749,0.12978369384359412,0.029229406554472925,-0.21075644949715788,-0.5034965034965035,-0.5034965034965035,-0.5,-0.4923076923076923,-0.6192660550458715,-0.5053003533568905,-0.13157894736842102,-0.11111111111111116,-0.2608695652173913,-0.21237562189054726,-0.12015852999459566,-0.16959578207381365,0.02862595419847325,-0.2637195121951219,-0.19522968197879864,0.047337278106508895,-0.014403292181069947,-0.13243243243243252,-0.045454545454545525,-0.07264140931762708
60,2009-01-31,-0.06645778364116095,-0.09634831460674154,-0.09200326397388824,-0.2140402552773687,0.041308089500860616,0.4415512465373961,-0.04225352112676062,-0.04225352112676062,-0.03030303030303028,-0.06060606060606066,3.746987951807229,0.3142857142857143,-7.242424242424242,-1.1666666666666667,0.058823529411764726,-0.5108566916699565,-0.2796887796887797,-0.2656084656084656,0.04267161410018572,-0.5238095238095238,-0.4401756311745335,0.04519774011299438,0.11534446764091855,-0.2710280373831775,0.006802721088435382,0.14973965783601284
61,2009-05-02,0.01748807631160565,0.023624494870997825,0.007863401482812948,0.13366645846346034,0.05289256198347103,-0.3112990007686395,0.19117647058823528,0.19117647058823528,0.1875,0.19354838709677424,-0.4796954314720813,-0.28260869565217395,-0.6747572815533979,0.5,0.08333333333333326,0.38660209846650506,-0.13558840250142135,-0.10230547550432277,0.04804270462633453,0.3304347826086957,0.8411764705882356,0.04324324324324325,0.03509592887225077,-0.0854700854700855,-0.013513513513513488,-0.09709365979894492
62,2009-08-01,0.10069444444444442,0.16945034922563007,0.11078912171199297,0.11955922865013767,0.06514913657770792,0.2455357142857142,0.2962962962962963,0.2962962962962963,0.26315789473684204,0.32432432432432434,1.4,0.4924242424242424,-3.1791044776119404,72.5,5.653846153846153,0.3050058207217696,-0.1456757645511345,-0.1235955056179775,0.06281833616298815,0.2450980392156863,0.43876464323748654,0.041450777202072464,-0.03254972875226048,-0.10046728971962617,-0.0273972602739726,0.044590200077164736
63,2009-10-31,0.027760252365930604,0.04050895871202287,0.020670278948424547,0.03887795275590555,0.0537951363301401,-0.1205197132616488,-0.2095238095238096,-0.2095238095238096,-0.2083333333333333,-0.2448979591836735,-0.7886178861788617,-0.5939086294416244,-1.404109589041096,-1.0793650793650793,-0.06743737957610785,0.4000892060660124,-0.015781370284834506,0.016483516483516425,0.04952076677316297,0.3149606299212597,0.5492227979274611,0.03980099502487566,0.025700934579439227,0.01818181818181808,0.0,0.0015829463908823005
64,2010-01-30,0.00966850828729271,0.011729473421512315,-0.015532835233975641,-0.0459497868308858,0.09930069930069928,0.34488028527763626,1.072289156626506,1.072289156626506,1.0789473684210529,1.1081081081081083,3.3269230769230766,0.6499999999999999,-0.8813559322033898,-9.885714285714286,0.6425619834710743,0.12010194329404268,0.2248728979272585,0.2612612612612613,0.0974124809741248,0.06786427145708585,0.09077878643096038,0.03827751196172247,0.08838268792710703,0.3035714285714286,-0.035211267605633645,0.06042566642081981
65,2010-05-01,0.05730354157166739,0.08263443512580171,0.05092869982025161,-0.1305858987090367,0.07760814249363879,-0.20946969696969694,-0.32558139534883723,-0.32558139534883723,-0.3291139240506329,-0.33333333333333337,-0.5466666666666666,-0.2575757575757576,-20.857142857142858,-0.21221864951768488,0.30817610062893075,0.12343572241183165,0.00446998722860803,0.029999999999999805,0.07212205270457694,0.024299065420560817,-0.13929040735873854,0.03686635944700467,0.01925491837588944,0.04500978473581218,-0.014598540145985384,0.24526802126285466
66,2010-07-31,0.0488786658999425,0.06288448393711543,0.042569365260357366,0.1113649343232439,0.06847697756788662,0.20507906085289893,0.2586206896551724,0.2586206896551724,0.2641509433962264,0.2692307692307692,0.3970588235294117,0.8571428571428572,-1.0431654676258992,-0.6040816326530613,0.09326923076923066,-0.05367088607594928,0.010489510489510634,0.04854368932038833,0.0685640362225095,-0.11678832116788328,-0.1190839694656488,0.044444444444444516,0.018891170431211583,0.052434456928838864,0.0,-0.04364477778664322
67,2010-10-30,0.011787280701754277,0.013076098606645159,0.004557054320087461,-0.0015416238437820915,0.03370165745856357,-0.1324055666003976,-0.18493150684931506,-0.18493150684931506,-0.19402985074626866,-0.19696969696969704,-0.7473684210526316,-0.6153846153846154,14.5,-1.9381443298969072,-0.08003518029903256,-0.08453718566078128,0.001572821642025879,0.03703703703703698,0.033898305084745665,-0.1446280991735538,-0.1513575967648758,0.042553191489361764,0.021765417170495738,0.04448398576512469,-0.007407407407407419,0.014642082429501047
68,2011-01-29,0.010837171498238929,0.02073635209479474,-0.012701868989294152,-0.03293875450334538,0.08017103153393901,0.3363886342804767,0.9495798319327732,0.9495798319327732,0.962962962962963,0.9622641509433962,7.5555555555555545,0.6000000000000001,-0.5268817204301075,-6.054945054945056,0.4397705544933079,0.20251315020455876,0.041143216080401945,0.07525510204081631,0.08548009367681497,0.16425120772946866,0.12525527569775366,0.04081632653061207,0.06824457593688349,0.07666098807495758,-0.0074626865671642015,0.055503021831188486
69,2011-04-30,0.03819351380326985,0.006011608623548882,0.03161183605954787,0.3241085683874401,0.055912914398812415,-0.20336076817558305,-0.375,-0.375,-0.37735849056603776,-0.375,-0.6607142857142857,-0.2142857142857143,3.4090909090909087,-1.1586956521739131,-0.04847277556440899,0.07825030376670705,-0.011463046757164476,0.018979833926453082,0.05609492988133757,-0.006224066390041583,-0.024198427102238518,0.045098039215686336,0.017355982274741555,0.022151898734177108,0.0,-0.2402134538230827
70,2011-07-30,-0.001419904479153189,-0.01854522975479089,0.02137894174238375,0.037379421221865,-0.06138706654170568,0.20964270340077484,0.2068965517241379,0.2068965517241379,0.2272727272727273,0.2153846153846155,0.4545454545454546,1.5,1.2010309278350515,3.6986301369863015,-0.2393579902302861,0.059725039441064,0.02014037229173016,0.03026775320139685,-0.037793667007150034,0.0020876826722338038,0.01239925604463732,0.043151969981238165,-0.06025408348457351,0.015479876160990669,0.015037593984962516,-0.05393212344919507
71,2011-10-29,0.07794725956566695,0.11736300650850295,0.12384440955869525,0.07981402557148387,-0.05341987019470795,-0.11814946619217083,-0.27428571428571424,-0.27428571428571424,-0.2469135802469137,-0.2405063291139241,-0.6217105263157895,-0.6227272727272728,-1.7845433255269318,-2.0699708454810493,0.3366972477064221,-0.036367503190131815,0.008674842955429305,-0.019209039548022555,-0.03927813163481941,0.002083333333333215,-0.07838334353949772,0.04136690647482033,-0.12166859791425265,-0.0167682926829269,0.0,0.0347892055922836
72,2012-01-28,0.018227605228444688,0.044720030063885696,0.01427906254850231,-0.07606745604592757,0.03164556962025311,0.31799838579499595,0.8582677165354331,0.8582677165354331,0.8524590163934425,0.8500000000000003,3.773913043478261,3.060240963855421,-0.3791044776119403,0.14441416893732972,0.28826355525051484,0.058927389097329426,0.014234875444840034,-0.026497695852534475,0.03977900552486191,0.10187110187110182,0.03521594684385376,0.03972366148531936,0.013192612137203241,-0.02635658914728689,0.0,0.1307080016757436
73,2012-04-28,-0.027440819691437968,-0.04298561151079139,-0.05508798775822499,-0.14291262135922336,0.06492842535787324,-0.19503980404164112,-0.3686440677966102,-0.3686440677966102,-0.3628318584070797,-0.3693693693693695,-0.7103825136612022,-1.3531157270029674,-3.4423076923076925,-1.5476190476190477,-0.1225359616409164,0.09170487703209672,0.012280701754386005,-0.009467455621301912,0.0637619553666311,0.0509433962264152,0.0673940949935814,0.04485049833887045,0.09461805555555558,-0.02229299363057313,0.007407407407407306,0.11661726565394592
74,2012-07-28,-0.0014531363526277818,-0.010148468333020078,0.0380566801619433,0.1082917988219303,-0.11857897263562167,0.14454165081780146,0.046979865771812124,0.046979865771812124,0.05555555555555558,0.0714285714285714,0.3396226415094339,-2.8235294117647056,-0.2421259842519685,0.6913043478260871,-0.23618700667881,-0.0070637647957236815,-0.006932409012131768,-0.04181600955794506,-0.08791208791208782,-0.06642728904847395,-0.02285027059530964,0.04292527821939585,-0.11697065820777153,-0.0439739413680782,0.007352941176470562,-0.10688510991289912
75,2012-10-27,0.0023041474654377225,-0.006455287640022789,-0.0045241809672387214,-0.008994276369582943,0.02614379084967311,-0.06679960119641082,-0.0641025641025641,-0.0641025641025641,-0.039473684210526334,-0.040000000000000036,-0.3661971830985915,-0.5944700460829493,-0.6181818181818182,-0.7429305912596401,-0.07949125596184414,0.05691213228225345,0.030250145433391662,0.029925187032419087,0.03176341730558585,0.15769230769230758,0.0707692307692307,0.041158536585365946,0.023349797934440808,0.0,0.029197080291970767,0.002554219105558753
76,2013-02-02,-0.02129461584996972,-0.029046436078731138,-0.032126625920702034,-0.08168316831683163,0.015392781316348138,0.3183760683760684,0.9452054794520548,0.9452054794520548,0.9589041095890412,0.9444444444444444,3.466666666666667,1.0795454545454546,0.9931972789115646,-2.27,0.10967184801381702,-0.00545752228488261,0.07566346696781467,0.08353510895883763,0.03715498938428863,-0.036544850498338784,-0.04195402298850559,0.03953147877013175,0.03773584905660377,0.030664395229982988,0.049645390070921946,0.05734667407819161
77,2013-05-04,0.005686735072320426,-0.0017713048612477687,0.011496113989637236,0.032794249775381916,-0.013068478829064256,-0.25742841707185304,-0.4894366197183099,-0.4894366197183099,-0.4825174825174825,-0.4785714285714285,-0.7330016583747927,-0.2841530054644809,-0.5733788395904437,-1.748031496062992,-0.07392996108949412,0.011340771904152058,0.02047244094488176,-0.0022346368715082665,-0.012282497441146291,-0.024137931034482696,-0.07078584283143374,0.04225352112676073,-0.018604651162790642,-0.014876033057851238,0.0135135135135136,-0.03347060369753796
78,2013-08-03,0.05076828518746157,0.04376971608832814,0.0432207459580598,0.28795128316659424,0.0757415254237288,0.1626045834849037,0.2689655172413794,0.2689655172413794,0.2702702702702702,0.27397260273972623,1.3975155279503104,1.8473282442748091,-0.4,-0.34736842105263155,-0.05210084033613449,0.08880448544040531,0.01208847736625529,0.02911534154535267,0.07979274611398958,0.1024734982332156,0.07940606843124587,0.04054054054054057,0.023696682464454888,0.02181208053691286,0.0066666666666665994,-0.18960203064092096
79,2013-11-02,0.0043284978942441646,-0.0077446165470344,0.012275586926499882,0.02465383316447145,-0.021171836533727232,-0.09762202753441808,-0.2554347826086957,-0.2554347826086957,-0.2446808510638297,-0.2580645161290324,-0.5569948186528497,-0.6595174262734584,2.0,1.9193548387096773,-0.16046099290780147,-0.024086378737541603,-0.025158831003812002,-0.02176278563656153,-0.01343570057581578,-0.09615384615384626,-0.07057416267942583,0.03896103896103886,-0.025252525252525304,-0.016420361247947438,-0.006622516556291425,-0.031601319984339134
80,2014-02-01,-0.0012813046010483606,-0.004759185227489082,-0.015613157495831476,-0.1624917600527357,0.04627766599597583,0.286754507628294,0.9562043795620438,0.9562043795620438,0.9577464788732396,0.985507246376812,2.52046783625731,0.5039370078740157,-0.2711111111111111,-2.3646408839779003,0.26082365364308346,-0.01378723404255322,-0.041710114702815486,-0.03448275862068961,0.06712062256809359,0.0,-0.00579150579150578,0.03750000000000009,0.04749568221070821,-0.023372287145242088,-0.013333333333333308,0.1883446921566363
81,2014-05-03,0.0068812689526476225,-0.0040168324407039435,0.01586079457961187,0.03541912632821731,-0.02115384615384619,-0.21018593371059013,-0.4776119402985075,-0.4776119402985075,-0.4676258992805755,-0.4744525547445256,-0.6395348837209303,-0.1361256544502618,0.4085365853658536,-1.7246963562753037,-0.14991624790619762,0.027787366240938915,-0.02475516866158867,-0.02188940092165892,-0.022789425706472244,-0.037234042553191515,0.03624595469255687,0.03975903614457832,-0.028029678483099785,-0.020512820512820662,0.0,-0.03810449574726616
82,2014-08-02,0.03162284258079473,0.034568849625504106,0.031529483098378115,0.07867730900798175,0.03192534381139489,0.15728420334356885,0.3071428571428572,0.3071428571428572,0.29729729729729737,0.3333333333333333,-0.2995391705069125,0.8,-0.5757575757575757,0.35754189944134085,-0.2394088669950739,0.09907640638119243,-0.010041841004184038,-0.011778563015312105,0.017723880597014796,0.125230202578269,0.10181136789506562,0.038238702201622184,0.0004240882103476729,-0.015706806282722474,0.0067567567567568,-0.0408771663887626
83,2014-11-01,0.040759038850213265,-0.009281603861147179,0.02792064658339455,0.0599013389711065,0.0823417420276058,-0.0742924528301887,-0.22404371584699456,-0.22404371584699456,-0.21875,-0.25,-0.03289473684210531,-0.40740740740740733,2.163265306122449,0.3950617283950617,-0.439119170984456,0.05928189457601207,-0.027049873203719318,-0.011918951132300348,0.09532538955087078,0.03927986906710301,0.05102040816326525,0.03683035714285698,0.03984739296312001,-0.014184397163120588,0.0,-0.0652723632915394
84,2015-01-31,-0.0025892760815622307,-0.02117294360127409,-0.027162258756254443,-0.06914893617021277,0.07299912049252423,0.287579617834395,0.7957746478873241,0.7957746478873241,0.7866666666666668,0.8333333333333335,3.789115646258504,0.4261363636363635,-0.8096774193548387,-2.162241887905605,0.9099307159353348,0.08726381076013268,-0.057631045467709134,-0.03618817852834744,0.07196652719665275,-0.006299212598425252,0.07820927723840332,0.035522066738428386,0.07582551977170815,-0.041366906474820116,0.0067114093959732566,0.05151327283999319
85,2015-05-02,0.03428880475932927,0.03713629402756502,0.02968405584129319,0.0535714285714286,0.04713114754098369,-0.20479841701706655,-0.4980392156862745,-0.4980392156862745,-0.5,-0.5,-0.7045454545454546,-0.047808764940239,-0.5423728813559322,-1.1472081218274113,-0.07013301088270862,0.04590076943486343,-0.0712968653964351,-0.041301627033792254,0.04683840749414525,-0.025356576862123448,0.060030015007503934,0.03846153846153855,0.012504736642667602,-0.037523452157598565,-0.0066666666666667105,-0.015597362920083513
86,2015-08-01,0.014432127170048046,0.0025839793281654533,0.028828314542600264,0.17152542372881352,-0.025048923679060642,0.15116640746500787,0.6484375,0.6484375,0.6567164179104479,0.6363636363636365,-0.004807692307692291,0.4309623430962344,6.814814814814816,4.965517241379311,-0.44993498049414826,-0.03450025367833587,-0.001985440105890301,0.01697127937336806,-0.013422818791946291,-0.07642276422764238,-0.018404907975460127,0.03703703703703698,-0.038922155688622784,0.017543859649122858,0.0,-0.1441794620494391
87,2015-10-31,-0.11484536082474228,-0.2844256259204713,-0.0043001803301429,-0.07725694444444442,-0.4347651545564031,-0.10078357200756548,-0.6161137440758293,-0.6161137440758293,-0.6126126126126126,-0.6111111111111112,5.425120772946861,-2.9005847953216373,6.4976303317535535,-2.1502890173410405,0.9408983451536644,-0.055964266946926015,0.006631299734747964,-0.06546854942233626,-0.4210128495842782,-0.04401408450704225,-0.08605769230769222,0.5038610038610039,-0.36137071651090347,-0.09578544061302684,0.033557046979865834,-0.22451965898969328
88,2016-01-30,-0.10342417889587696,-0.22459480319012093,-0.048899414878796336,-0.08717466290373155,-0.3813920454545454,0.2599158653846154,1.2222222222222223,1.2222222222222223,1.3720930232558142,1.380952380952381,-0.469172932330827,-1.3276923076923075,-0.54551201011378,-1.5678391959798996,-0.2752740560292326,-0.222376843863067,0.07905138339920947,-0.07280219780219778,-0.3420365535248042,0.34438305709023953,-0.1551814834297739,0.02374839537869056,-0.3103658536585364,-0.1186440677966102,0.051948051948051965,-0.15054557387808676
89,2016-04-30,0.00012990387113531732,-0.007299270072992692,-0.0004394316683755672,0.008588114050154694,0.004592422502870175,-0.2251371333174338,-0.7444444444444445,-0.7444444444444445,-0.7352941176470589,-0.74,-0.7577903682719547,-0.18309859154929573,-0.8303198887343533,-0.4469026548672567,-0.2100840336134454,-0.05136005726556914,0.1205738705738706,-0.08888888888888903,0.001984126984126977,0.441095890410959,0.04483188044831898,0.02319749216300937,0.0053050397877982824,-0.13942307692307687,0.06172839506172824,-0.015742708132123084
90,2016-07-30,0.055981296272243235,0.11965240641711228,0.05407385697538092,0.1311307901907357,0.07085714285714295,0.12373037857802395,1.5434782608695654,1.5434782608695654,1.4814814814814814,1.5769230769230769,2.9766081871345027,0.14942528735632174,-0.5245901639344263,-4.376,0.897872340425532,-0.1816638370118845,0.1293925360937076,-0.14146341463414636,0.06930693069306937,-0.1834600760456273,-0.06317044100119196,0.02267156862745101,0.014072119613016687,-0.17877094972067042,0.046511627906976834,-0.010205082916298623
91,2016-10-29,-0.02017220172201717,0.010447761194029905,-0.01209509245099405,-0.024089129780186732,-0.08217716115261475,-0.029854834291974774,-1.0854700854700854,-1.0854700854700854,-1.0895522388059702,-1.0895522388059702,-0.9691176470588236,0.020000000000000014,2.0689655172413794,-1.8554502369668249,-0.4047085201793722,0.08667588750576294,-0.09310178485287024,-0.19886363636363646,-0.0814814814814816,0.016298020954598424,0.2760814249363865,0.022168963451168144,-0.06331309627059832,-0.22448979591836726,0.03333333333333344,0.03539208882720346
92,2017-01-28,-0.013557619884509207,-0.04224519940915805,-0.01660568533633544,-0.06541190990435053,0.011627906976744208,0.21823828345567486,-21.1,-21.1,-20.5,-19.83333333333333,35.952380952380956,0.0441176470588236,-0.5112359550561798,-2.3185595567867034,0.8964218455743879,0.11518879932117088,0.06329787234042561,0.05673758865248235,0.05040322580645151,0.21420389461626568,0.4012961116650051,0.0216881594372802,0.024999999999999908,0.05263157894736836,0.0,0.02479892761394109
93,2017-04-29,-0.011071519470603251,-0.02251696483652066,0.015168860904407609,0.038296467481016894,-0.22183908045977008,-0.2227114716106605,-0.6865671641791045,-0.6865671641791045,-0.6752136752136753,-0.6725663716814159,-0.8853092783505154,-0.323943661971831,2.4367816091954024,-1.7436974789915969,-0.35153922542204563,-0.15103671295415633,0.11005502751375684,0.046979865771812124,-0.21689059500959693,-0.19150943396226405,-0.2059765208110992,0.021227768215720037,-0.21318879855465234,0.04166666666666674,0.005376344086021501,-0.058581706063720485
94,2017-07-29,0.050186591172307386,0.09592931524140114,0.03975190301663378,0.0972972972972972,0.1595273264401773,0.1308884913536077,0.7460317460317459,0.7460317460317459,0.736842105263158,0.7567567567567568,4.449438202247192,0.13888888888888884,-0.8160535117056856,-1.7514124293785311,0.4073506891271057,0.006497871386959453,0.0277151870211807,-0.021367521367521403,0.1568627450980391,0.28471411901983656,-0.04614695340501795,0.02078651685393273,0.1044776119402986,-0.028000000000000136,0.010695187165775222,-0.0011909487892021176
95,2017-10-28,0.003063350079647087,0.0017276130146846036,-0.005965292841648595,0.005795421616922702,0.0878980891719745,-0.04323754284207748,0.036363636363636376,0.036363636363636376,0.03030303030303028,0.030769230769230882,-0.9525773195876288,0.21341463414634146,0.290909090909091,-1.9285714285714288,-0.2687704026115343,-0.01335707925200358,0.3433457575093182,0.3318777292576418,0.08686440677966112,-0.14713896457765666,-0.003757632691404389,0.02036323610346713,0.0841995841995844,0.32921810699588505,0.0,-0.0040739268680445315
96,2018-02-03,-0.008673344734913213,0.006898534061511974,-0.02645935624659024,-0.05243445692883897,0.14402810304449656,0.29567373932212737,0.3157894736842106,0.3157894736842106,0.32352941176470584,0.3432835820895521,33.91304347826087,-0.11055276381909553,0.647887323943662,-3.0607287449392717,0.7574404761904763,0.024142599277978242,-0.1336706381589684,-0.11147540983606563,0.13450292397660826,-0.057507987220447365,-0.24092409240924084,0.019956850053937547,0.15436241610738244,-0.12693498452012394,0.015873015873015817,0.06265589144966577
97,2018-05-05,-0.01219963031423288,0.01712817584927206,-0.02689829083776973,-0.010337488598358148,0.09518935516888427,-0.242662696724798,-0.42,-0.42,-0.42222222222222217,-0.43333333333333335,-1.0348692403486923,-0.1581920903954802,-0.6752136752136753,-1.4223968565815324,-0.18204911092294665,0.09958140559594607,-0.0574604370761117,0.04797047970479706,0.09793814432989678,-0.03050847457627115,0.196894409937888,0.019566367001586427,0.10880398671096357,0.042553191489361764,0.005208333333333259,0.02769692986574035
98,2018-08-04,0.05913173652694615,0.13584058377771546,0.058162971494385214,0.1268817204301076,0.06542056074766345,0.14209491715810166,0.8620689655172413,0.8620689655172413,0.8653846153846152,0.8627450980392155,-23.214285714285715,-0.05369127516778527,1.7368421052631582,-2.753488372093023,0.3902691511387164,0.0004007212983370145,0.014991005396762125,0.10035211267605626,0.05790297339593109,-0.08974358974358976,-0.0508562532433835,0.019190871369294538,0.0059925093632957616,0.09183673469387754,0.010362694300518172,0.007948108898227613
99,2018-11-03,0.02579505300353357,0.061774153694094336,0.0212244897959184,0.04743729552889864,0.0552631578947369,-0.0784361937546103,-0.5864197530864197,-0.5864197530864197,-0.5876288659793814,-0.5894736842105263,-0.9228295819935692,0.12056737588652487,0.01923076923076916,-1.5729442970822285,-0.16083395383469845,0.17925095133186475,-0.1638440330838914,-0.10560000000000004,0.06360946745562135,0.1152368758002562,0.06232914160743585,0.01882951653944032,0.028294862248696925,-0.09657320872274132,-0.01025641025641022,0.0136862140850178
100,2019-02-02,-0.09449994258812723,-0.21480102397021167,-0.06568078870237147,-0.1199895887558563,-0.2743142144638404,0.1963713980789754,2.7014925373134333,2.7014925373134333,2.725,2.8205128205128203,12.625,0.2974683544303798,4.839622641509433,-0.2129629629629629,-0.15084294587400182,-0.05927309782608702,0.2397550635892605,0.22003577817531306,-0.21696801112656472,-0.11595866819747425,0.036541430777148776,0.018481518481518574,-0.19840695148443155,0.2275862068965517,-0.005181347150259086,-0.1077432045779686
101,2019-05-04,0.18412376363175254,-0.12329579134558387,0.2386995579637816,0.15113871635610776,-0.2542955326460481,-0.23215878679750224,-0.8508064516129032,-0.8508064516129032,-0.8389261744966443,-0.8456375838926175,-1.047400611620795,0.2097560975609756,-0.6284329563812601,1.994117647058824,-0.5318704284221525,-0.19768911355840413,0.010068389057750649,-0.12463343108504388,-0.25222024866785075,0.024675324675324628,-0.33912611717974184,0.01814615007356557,-0.3703703703703705,-0.0814606741573034,-0.04687499999999989,-0.2384006413468284
