,Quarter end,Assets,Current Assets,Liabilities,Current Liabilities,Shareholders equity,Revenue,Earnings,Earnings available for common stockholders,EPS basic,EPS diluted,Cash from operating activities,Cash from investing activities,Cash from financing activities,Cash change during period,Cash at end of period,Price,ROE,ROA,Book value of equity per share,P/B ratio,P/E ratio,Cumulative dividends per share,Equity to assets ratio,Net margin,Asset turnover,Current ratio
0,1996-03-30,0.050300221795386964,0.09606323720391097,0.04781912851417758,0.049041832800005736,0.054671054131487214,0.11383288716211415,1.2238427393785667,1.2238427393785667,1.2000000000000002,-4.052631578947368,-2.6270594805920133,-2.1460258780036967,-2.674594132725719,-1.9279869067103113,-0.2445546689670045,0.09771986970684043,-0.05401234567901225,0.3795180722891567,0.05426356589147297,-0.07279693486590033,0.09681372549019596,inf,0.004142502071251109,-0.034482758620689724,0.01729106628242061,0.04483545608481188
1,1996-06-29,0.050300221795386964,0.09606323720391097,0.04781912851417758,0.049041832800005736,0.054671054131487214,0.11383288716211415,1.2238427393785667,1.2238427393785667,1.2000000000000002,-4.052631578947368,-2.6270594805920133,-2.1460258780036967,-2.674594132725719,-1.9279869067103113,-0.2445546689670045,0.09771986970684043,-0.05401234567901225,0.3795180722891567,0.05426356589147297,-0.07279693486590033,0.09681372549019596,inf,0.004142502071251109,-0.034482758620689724,0.01729106628242061,0.04483545608481188
2,1996-09-28,0.006895883168228646,0.029655270334447925,-0.020918417759040908,0.011152261372874728,0.055576772036517896,0.0032906730839350477,0.09694895922440837,0.09694895922440837,0.09090909090909084,-4.052631578947368,-2.018450184501845,-0.040322580645161255,-1.7836550727102645,-2.2901234567901234,0.41764202112475024,-0.023738872403560873,-0.05401234567901225,0.3795180722891567,0.051470588235293935,-0.07279693486590033,0.09681372549019596,inf,0.048404840484048466,-0.034482758620689724,0.01729106628242061,0.018320180383314618
3,1996-12-28,-0.03514879953370853,-0.04460685483870963,-0.06127031516094439,-0.10480889487500168,0.0072562698813603,-0.003567588849013425,-0.8618403951130751,-0.8618403951130751,-0.8666666666666667,-4.052631578947368,0.4844118638355242,-1.8504201680672268,1.10613130765057,-1.5324675324675323,-0.1568666935159082,-0.07294832826747721,-0.05401234567901225,0.3795180722891567,0.020979020979021046,-0.1198347107438017,0.09681372549019596,inf,0.043809024134312764,-0.034482758620689724,0.01729106628242061,0.06725712704123987
4,1997-03-29,-0.039954045431376935,-0.04152336964906955,-0.06260414613606635,0.02853304674905965,-0.005685938315362904,-0.0713002671594477,1.8269049858889932,1.8269049858889932,2.0,-4.052631578947368,0.8406652665039451,0.4229249011857708,0.5474031327287716,-5.922978177150192,0.9159302603295916,-0.00983606557377048,-0.05401234567901225,0.3795180722891567,-0.006849315068493178,-0.02816901408450712,0.09681372549019596,inf,0.03568735863282235,-0.034482758620689724,0.01729106628242061,-0.06814056016597514
5,1997-06-28,0.013528621912097584,0.05047772354346236,-0.008539289332339384,0.007441020397501274,0.045004702899439815,0.09204144548661786,1.1430948419301163,1.1430948419301163,1.125,-4.052631578947368,-1.0032688808708792,-4.054861111111111,-1.0031632924880127,-2.14993481095176,-0.5497382198952879,0.08940397350993368,-0.05401234567901225,0.3795180722891567,0.04827586206896562,0.09661835748792268,0.09681372549019596,inf,0.031060422227614518,-0.034482758620689724,0.01729106628242061,0.04271898698949417
6,1997-09-27,0.00827877894246698,0.062154907785922926,-0.0001542309898255878,0.02295086825105197,0.01969071425310287,-0.02208989397090644,0.1746894409937889,0.1746894409937889,0.17647058823529416,-4.052631578947368,-183.17924528301887,-1.5792225505796766,-141.26315789473685,-2.9351473922902493,2.362679955703212,-0.012158054711246202,-0.023654159869494262,0.3795180722891567,0.039473684210526334,-0.05726872246696035,0.015642458100558754,inf,0.01153212520593083,0.0,0.011331444759206777,0.03829985987856155
7,1997-12-27,-0.01816987319572605,0.015576497963932569,-0.00947702808883144,0.007886618096493379,-0.02970449021363697,0.06387158263129344,0.015201586252478584,0.015201586252478584,0.03333333333333344,-4.052631578947368,-0.02651338615296983,1.0804552590266878,0.3697560975609757,-0.31474103585657376,0.4814753828420879,0.0061538461538461755,0.35672514619883033,0.3795180722891567,0.05063291139240489,-0.032710280373831946,0.006050605060506031,inf,-0.011865984178687785,0.34285714285714297,0.02240896358543409,0.007647323436797081
8,1998-03-28,-0.015398441677702213,-0.009554490381354808,0.02935035988378609,0.05376838565505748,-0.07601386984495306,-0.07773229671067228,-0.4151041666666667,-0.4151041666666667,-0.3870967741935484,-4.052631578947368,-0.3865099207404649,-1.0431993963403132,-0.014080648696033315,-2.144151846785226,-0.3718461709458708,0.10397553516819567,0.07204433497536966,0.06259097525473067,-0.06626506024096379,0.04830917874396135,-0.1984691088026244,inf,-0.061455144808099875,0.0478723404255319,0.013698630136986356,-0.06007653061224494
9,1998-06-27,-0.01840030254863101,0.19763853481819396,0.11328328148491362,0.2076588432637365,-0.21711554239646136,-0.04568539017016071,-3.9307658058771153,-3.9307658058771153,-4.052631578947368,-4.052631578947368,0.0,0.0,0.0,-2.56673143027948,0.9274528886136424,0.1412742382271468,-0.7294658242389431,-0.7465753424657534,-0.1870967741935484,0.22580645161290325,0.06548431105047747,inf,-0.2024586051179127,-0.7411167512690355,-0.008108108108108136,-0.008277921020491186
10,1998-09-26,-0.09281360802762396,-0.16432815409458612,-0.1201613759422444,-0.17479165255098586,-0.034128293220817785,0.0605221557826936,-1.7017850360805165,-1.7017850360805165,-1.7327586206896552,-1.7241379310344829,-0.11393392872626372,-169.99126637554585,0.8104473464851347,-1.153105027186874,-0.07367116496832826,-0.024271844660194275,0.3800424628450105,0.3027027027027027,0.015873015873015817,0.1992481203007519,3.6792573623559552,inf,0.06448568732305747,0.2549019607843137,0.032697547683923744,0.012657361795292754
11,1998-12-26,0.0015870076125275025,0.010369041730423412,-0.025885703253209824,-0.022312539770511286,0.05528927803147532,0.030342588563510464,0.2258902478623228,0.2258902478623228,0.2705882352941178,0.27380952380952395,0.2405323417164107,-1.001162820744722,-0.8117805948617207,-5.0498442367601255,0.3220851295773253,0.037313432835820885,0.5646153846153845,0.4896265560165976,0.0625,0.0219435736677116,-0.32877274592967576,inf,0.053782505910165535,0.4531249999999998,0.0237467018469657,0.033443686237416566
12,1999-03-27,0.0046737761624662255,0.0038662152269399726,0.010182492059638282,-0.0029393239554902357,-0.005266075388026592,-0.06718284336483303,-0.34001412678792164,-0.34001412678792164,-0.33333333333333337,-0.3364485981308412,0.4467145223633351,9.8,0.7654924983692106,0.08123076923076923,0.2634084179753382,0.1774580335731415,0.3333333333333333,0.2869080779944289,0.007352941176470562,0.1073619631901841,-0.29147982062780275,inf,-0.009814918676387951,0.2580645161290325,0.020618556701030855,0.006799163179916246
13,1999-06-26,0.05256226775531436,0.046047264191791504,0.06009162611834884,0.05100021057064641,0.03876540324827649,0.10798079856149756,0.4387959866220736,0.4387959866220736,0.4722222222222223,0.4788732394366198,-0.8793893129770992,-0.8415637860082305,-0.5168113800110845,-1.4405236198064884,-0.09184490788810107,-0.024439918533604943,1.5737463126843658,1.636363636363637,0.058394160583941535,-0.030470914127423757,-0.2448216340621403,inf,-0.013310676862078874,1.5213675213675213,0.04292929292929282,-0.004675324675324721
14,1999-09-25,0.033784048598863414,0.03292259964794253,0.047130569166631935,0.08239835443714273,0.008825667116602709,0.018535691929613133,0.1226406322640632,0.1226406322640632,0.141509433962264,0.1333333333333333,4.850361663652802,5.532467532467534,1.4819346205314465,-0.8239664082687339,-0.017802894195276475,0.0020876826722338038,0.04813753581661895,0.049261083743842304,0.055172413793103565,-0.05428571428571427,-0.6015238095238096,inf,-0.02411021814006875,0.05084745762711873,-0.002421307506053183,-0.04573329853862218
15,1999-12-25,0.0657332582873773,0.06407130563898368,0.14249543765382722,0.053000481261645804,-0.08326471799094283,0.08155693393273777,0.2947656120589697,0.2947656120589697,0.42148760330578505,0.4873949579831933,-0.23506684182057025,27.872763419483103,-0.8672879919895248,10.645871559633028,-0.2110882000798191,0.045833333333333386,0.1156369600874796,0.06103286384976525,-0.03921568627450989,-0.009063444108761365,-0.0449330783938815,inf,-0.13970588235294126,0.06774193548387086,-0.004854368932038944,0.010528474738497271
16,2000-03-25,0.004162094565196561,-0.003992023880786344,0.012372513604350209,-0.1402697698401537,-0.01569926275214251,-0.13973861161094805,-0.4665771125183906,-0.4665771125183906,-0.4709302325581395,-0.4971751412429378,1.0698050308111933,-0.8886593678991944,-3.6952988972722,-4.7050575074838505,0.9913578685552886,0.2788844621513946,0.032590051457976,-0.018436578171091456,-0.006802721088435382,0.3323170731707319,0.08908908908908919,inf,-0.01982905982905969,0.006042296072507725,-0.02682926829268284,0.15851430891008733
17,2000-06-24,0.016118835192744818,0.0011462869060601124,0.04988615351701586,0.049303118078037216,-0.06789536718438116,0.09647835207916676,0.13167046408442262,0.13167046408442262,0.16483516483516492,0.1573033707865168,-1.0600322124066572,0.17996289424860845,-3.6253229974160206,-1.6518965810511992,-0.32453373414907805,0.15264797507788175,0.011627906976744208,-0.05634861006761838,-0.041095890410958964,0.160183066361556,0.11029411764705864,inf,-0.08266480641785834,-0.036036036036036216,-0.02005012531328321,-0.04590049053959355
18,2000-09-23,-6.97280872781203e-05,-0.0122607679279938,0.02344130939471789,0.03282692145311405,-0.0659575986865586,-0.017288839926928982,0.22030306241390266,0.22030306241390266,0.2452830188679245,0.2524271844660195,-8.865853658536588,-0.025681341719077544,-0.10433070866141736,-0.7975212002609263,-0.09728272792804082,-0.1283783783783784,0.049261083743842304,-0.031847133757961665,-0.02857142857142847,-0.09072978303747536,-0.125,inf,-0.06577946768060837,-0.012461059190031043,-0.017902813299232826,-0.04364059248378005
19,2000-12-30,-0.006675588908169772,0.002245924733346838,-0.06667591091390046,-0.02970197405243602,0.17756427752606574,0.08008661694422692,0.3808614102118789,0.3808614102118789,0.4393939393939392,0.4418604651162792,1.5956589147286824,-0.8181818181818181,0.8912087912087912,-2.328286082474227,0.14314481130437806,-0.06356589147286829,0.0035770176615248506,0.002467105263157743,0.1617647058823528,-0.03687635574837311,-0.08230842005676453,inf,0.1851851851851853,0.006309148264984188,-0.0026041666666666297,0.032896000000000036
20,2001-03-31,-0.03809246088961615,-0.03386638180299428,-0.08615520584526648,-0.06564262103830454,0.07888076099351937,-0.1295250607633187,-0.474657275814363,-0.474657275814363,-0.4842105263157894,-0.4838709677419355,-0.6953768964281448,0.4911242603550297,-0.4079508037962425,-2.232355081251516,-0.1543157383222985,0.32615894039735105,-0.026732011583871732,0.007383100902379036,0.08227848101265822,0.14189189189189189,0.3030927835051549,inf,0.12156593406593408,-0.0031347962382444194,0.010443864229765063,0.034016977507900226
21,2001-06-30,0.01808821795685112,0.01161799854515233,0.009654545681925251,0.02959864596773065,0.03547397458042223,0.0807079186551598,0.30871438831697384,0.30871438831697384,0.3163265306122449,0.3020833333333335,0.3967320261437908,1.5099206349206349,-0.2290831765764292,-0.9988191300925016,-0.00021547854192849325,0.048689138576779145,-0.01991302357518876,0.04071661237785018,0.04678362573099415,-0.0315581854043393,0.03401898734177222,inf,0.017146356399265098,0.03144654088050314,0.005167958656330685,-0.01749760306807291
22,2001-09-29,0.01170946627772973,0.041726589144101656,0.08224093012885891,-0.013932587297630472,-0.1300634881115399,-0.0065192252903485395,0.09119180462818988,0.09119180462818988,0.10852713178294572,0.11999999999999987,0.2162845109967244,0.5723320158102767,-0.6003607044345427,-1207.6666666666667,0.2600668127447105,0.05000000000000005,-0.02078468005604861,0.012519561815336422,-0.0949720670391061,0.004073319755600657,0.006885998469777999,inf,-0.13997591812161347,0.009146341463414531,0.007712082262210762,0.056477189558428835
23,2001-12-29,-0.006251618089904487,0.001372645695690844,-0.056885724967763125,-0.09767629354814468,0.12036480543392193,-0.02219948043769193,-0.02958927074601847,-0.02958927074601847,0.006993006993007089,0.007142857142857118,0.42066789781471225,-1.1050779286073404,0.5569418635518981,0.7689226519337016,0.36509022492089294,-0.034013605442176915,-0.11089911757691384,-0.08809891808346204,0.1172839506172838,0.06693711967545646,-0.05319148936170204,inf,0.12740637031851598,-0.07250755287009047,-0.020408163265306145,0.10974483316014316
24,2002-03-30,0.037134136475698735,0.049879270343833326,0.0095262751252978,0.12630144247151032,0.09524863760217994,-0.034776933074171616,-0.2645763151075408,-0.2645763151075408,-0.2708333333333333,-0.276595744680851,0.4445106429074366,-21.177033492822968,0.7901108269394714,-0.06660420082767238,0.24963454871987634,0.22535211267605626,-0.02226394849785418,-0.011016949152542366,0.09392265193370153,0.09695817490494284,0.3354735152487962,inf,0.055883266066439015,0.0,-0.01041666666666663,-0.0678354055038235
25,2002-06-29,0.03123281296272795,0.02607527688567401,-0.008001891283267781,0.06472150324380642,0.10735776592601808,0.16539814652077944,0.43857176415315946,0.43857176415315946,0.4380952380952381,0.4117647058823528,-1.0383202099737532,-0.7799383447948779,-0.0462901228688446,-2.000752886063242,-0.1999164438502674,0.19348659003831425,-0.01536351165980798,0.01199657240788343,0.10606060606060597,0.09012131715771243,0.17908653846153855,inf,0.07380182299323734,0.006514657980456029,0.0026315789473685407,-0.036274345666610815
26,2002-09-28,0.036904749694874894,0.06655550923996101,0.01565624129030696,0.021771525269618446,0.07383718889317925,-0.014201873134023104,0.13822664924885686,0.13822664924885686,-0.4304635761589404,-0.4236111111111112,-27.74853228962818,2.2230603448275863,-0.2732447817836812,-2.426816016049486,0.3565177433840885,0.0032102728731941976,-0.04736695458344942,0.019475021168501302,0.10502283105022836,-0.09220985691573924,-0.032619775739041845,inf,0.03559693318729451,0.025889967637540368,-0.002624671916010568,0.04377786785569504
27,2002-12-28,-0.009023311251072584,-0.05855914538822304,0.0008351727017836819,-0.048467432950191625,-0.02523013755949577,0.021588964372763586,0.04138870956172447,0.04138870956172447,0.05813953488372104,0.06024096385542178,0.14599261074733882,-0.2353727850217319,2.921945856809125,-0.9706485441443552,0.0077141009454007045,0.012799999999999924,0.004679730915472469,0.039036544850498345,-0.02066115702479332,-0.08406304728546399,-0.03530031612223405,inf,-0.016393442622950616,0.03154574132492116,0.007894736842105399,-0.010596393897364664
28,2003-03-29,-0.004963218780879797,0.013011321634190054,-0.034054558820607594,0.023854211992700103,0.04414023461866079,-0.0717487423410984,-0.3002479680396749,-0.3002479680396749,-0.2967032967032968,-0.2954545454545454,-0.3747127170582226,-1.074333187581985,-0.4018920812894183,4.367265469061876,0.04108668082570621,0.11295418641390208,-0.013100436681222738,0.020783373301359157,0.02953586497890281,0.13766730401529625,0.046968869470235035,inf,0.04946236559139772,0.012232415902140524,0.007832898172323688,-0.010597734664124836
29,2003-06-28,0.007503278922858181,0.0041232295635920116,0.07788633605528927,-0.029324452901998144,-0.10239988694322756,0.06662510458878157,0.3353676542966828,0.3353676542966828,0.34375,0.32258064516129026,-0.4846597580274644,-8.78235294117647,-0.27422378441710604,-2.3451097062104878,-0.05308500645767289,0.07168204400283895,0.030678466076696113,0.018010963194988294,-0.05327868852459017,0.040336134453781584,0.03286384976525825,inf,-0.10911885245901642,0.02719033232628409,-0.0077720207253885185,0.0344573533578918
30,2003-09-27,0.007681374781892236,0.02613424409383991,0.0756970895129343,0.10707260810183827,-0.11985715614779613,0.042780529321889686,-0.12818811735220406,-0.12818811735220406,-0.08139534883720922,-0.08536585365853655,1.3504705299653297,20.675736961451246,1.0183227056259585,7.281448714404203,-0.4642663401478634,0.04635761589403975,0.010017172295363476,-0.04076923076923078,-0.10822510822510822,0.10500807754442644,0.013131313131313105,inf,-0.12650948821161578,-0.05294117647058827,0.01305483028720622,-0.07308387662302085
31,2003-12-27,0.08304576903790918,0.11887924026696715,0.049990775300512436,0.022277052392982718,0.15879985364068785,0.06692938550342697,0.28079817367041504,0.28079817367041504,-0.35443037974683544,-0.33333333333333337,-1.0006743088334458,-0.9375108972347176,-1.3952409518096378,-1.2695800227014755,0.23361782149573276,0.11518987341772148,0.024652876168886232,-0.01042502004811552,0.16504854368932032,0.2500000000000002,0.14456630109670998,inf,0.0697827518104015,-0.012422360248447116,0.002577319587628857,0.094509131745375
32,2004-03-27,0.018147731704591274,0.038833679969816126,0.039274587588108416,0.4820482025105954,-0.025723608041258842,-0.029887303368456464,-0.465143913387906,-0.465143913387906,-0.4705882352941176,-0.48,-1375.4375,-0.8091517857142857,-2.6000202367702108,-0.2772755417956656,0.1368667917448405,0.07491486946651538,-0.011061946902654829,-0.06807131280388967,-0.029166666666666563,-0.07719298245614048,0.03440766550522634,inf,-0.04307692307692312,-0.07547169811320764,0.00514138817480725,-0.29906037369046323
33,2004-06-26,0.10673276375740914,0.10049376416382773,0.07431274689902945,-0.1774847079908053,0.17854647854863925,0.1455420805365939,1.1710688718834854,1.1710688718834854,1.1851851851851851,1.2307692307692304,-0.08185166659087806,10.614035087719298,-0.5969139315752862,0.6869431117203564,0.2030901889594852,0.22439281942977815,0.037192393736017904,0.026956521739130324,0.15879828326180268,0.26108998732572863,0.264,inf,0.06495176848874595,0.027210884353741527,0.0,0.3379815100154082
34,2004-09-25,0.0908410095109713,0.14264050077052115,0.07232288504665263,0.10526963976979364,0.12823270593986802,0.092431521263604,0.2287663445139283,0.2287663445139283,0.22033898305084754,0.18965517241379315,-0.17676192362933985,-0.6198388721047332,-0.1747725133354252,0.0007110208227527616,0.1689271445962861,0.11556705476498495,0.06983014289565914,0.1033022861981372,0.12962962962962954,-0.03718592964824108,0.004996668887408573,inf,0.034420289855072506,0.10927152317880796,-0.005115089514066472,0.03379973512984402
35,2004-12-25,0.08455455318011951,0.07375898713872409,0.04898142346705492,0.028885012792546405,0.15282411820781694,0.1192693634070563,0.1365781437956879,0.1365781437956879,-0.4444444444444444,-0.4347826086956521,-1.545060762844423,-1.1847682119205298,-1.43574144486692,-1.6586479902557856,-0.09518431050415854,0.24893699265558555,0.03503024193548398,0.06907137375287807,0.16393442622950816,0.10542797494780798,0.05502154458070918,inf,0.06275539988324574,0.06268656716417897,0.00514138817480725,0.04361145148713375
36,2005-03-26,-0.046844205080477375,-0.05846627185260277,-0.041162527275319986,-0.08449718634282878,-0.05676591226232031,-0.14839484233302358,-0.2722461939265651,-0.2722461939265651,-0.2500000000000001,-0.2564102564102565,-5.772626931567329,-1.275985663082437,-14.843368237347295,-2.7620588688549854,0.18536411387069585,0.060043330238316324,0.04382761139517899,0.07824838478104801,-0.05352112676056342,-0.0887629839471199,-0.06848884699968583,inf,-0.010436693216149371,0.09269662921348297,-0.01278772378516635,0.02844638949671774
37,2005-06-25,-0.024676422600788728,-0.041028777046362534,0.019487953666653682,0.011315192021583929,-0.10307486164865988,0.07345901730743187,0.3140731625461461,0.3140731625461461,0.30000000000000004,0.3448275862068968,-0.11764569842738205,29.662337662337666,0.4820826373349303,-1.9824208500962044,-0.15362838152028224,-0.08613138686131383,0.04968509447165848,0.04860186418109192,-0.08333333333333326,-0.034196891191709884,-0.19730185497470487,inf,-0.08021093533166812,0.04370179948586128,0.005181347150259086,-0.051790347690710885
38,2005-09-24,0.1840156942708917,0.2372419396535805,0.21637734332638806,0.3534371063523485,0.11871889994668572,0.2540622959577372,0.5164091431490232,0.5164091431490232,0.5641025641025641,0.5128205128205128,0.7392603464996199,-1.6027107157983904,-0.6243274853801171,-5.461408350396153,0.8098085157954269,0.08434504792332254,0.1353333333333333,0.10793650793650778,0.1168831168831168,0.18240343347639487,0.007983193277310896,inf,-0.05522027761013881,0.08374384236453203,0.020618556701030855,-0.0858143607705778
39,2005-12-31,0.1855623634153696,0.22146535804120093,0.15430393294911227,-0.0044741093331382995,0.25413892901643664,0.18396319907701875,0.20589473684210532,0.20589473684210532,0.19672131147540986,0.20338983050847448,-3.128183489556647,-2.1033028812368237,-4.407109702252916,-2.648249027237354,-0.7375178571428571,0.18738951090159106,0.12487766686239965,0.09684813753581656,0.2441860465116279,0.06352087114337568,0.012088370154231145,1.0,0.05780900670712241,0.08181818181818201,0.015151515151515138,0.2268917624521072
40,2006-04-01,-0.09142063034244063,-0.10944426613837388,-0.17797010536633173,-0.07548681785399469,0.08334157974944079,-0.23786857761087,-0.4331936685288641,-0.4331936685288641,-0.4383561643835616,-0.4225352112676056,-1.6906714251320616,-0.8866242038216561,-2.2852134906130583,-1.2421612067504422,0.6804204367644058,0.07717121588089326,-0.030624673742822295,0.0,0.08411214953271018,-0.1348122866894198,-0.0971993410214168,0.3333333333333335,0.19233091787439616,0.012605042016806678,-0.01243781094527352,-0.03669366643895766
41,2006-07-01,-0.03361191755600057,-0.053105974124809774,-0.035930442745470186,-0.07714671636185033,-0.03005955643246005,0.05441592546086982,0.2100616016427104,0.2100616016427104,0.24390243902439024,0.19512195121951212,-0.21005146712050693,18.382022471910116,-0.4546582726837908,0.5704644303354496,0.6358980587437502,0.016125316747293228,-0.04290073595404775,-0.0005224660397074032,-0.006465517241379226,-0.062130177514793,-0.04197080291970812,0.375,0.0037984299822739756,0.006224066390041472,-0.007556675062972306,0.02603586262789981
42,2006-09-30,0.01326048849244632,-0.013554999565297154,0.08400800453161361,0.06270178885205868,-0.09448021004810457,0.009264067110462905,0.037841506872560604,0.037841506872560604,0.03921568627450989,0.08163265306122458,-0.2821933809214796,-0.4753623188405797,0.22061821457355515,-0.936206786782963,0.024797376724617903,0.0006801178871005398,-0.07445611402850716,-0.050182958703606895,-0.08242950108459868,0.006309148264984188,-0.04476190476190478,0.2727272727272729,-0.10645812310797163,-0.028865979381443307,-0.020304568527918843,-0.0717812006319114
43,2006-12-30,-0.047101817672760005,-0.0768088777642637,-0.04987301275805334,-0.07864142383142636,-0.04204973750114405,-0.058407540392207635,-0.06180510137344675,-0.06180510137344675,-0.056603773584905766,-0.056603773584905766,0.12595150704250813,-1.286187845303867,0.05099722292350406,3.3273453093812373,0.10471027179753434,-0.03149071137290438,-0.09240121580547113,-0.07374793615850295,-0.028368794326241176,0.0564263322884011,-0.003988035892322994,0.2142857142857142,0.005364201016375025,-0.0445859872611466,-0.031088082901554293,0.0020210615891926853
44,2007-03-31,-0.04031077041557196,-0.07089879964867762,-0.06423265454143723,-0.010104159172482195,0.0029443185075170852,-0.056651708957775375,-0.24698501219937266,-0.24698501219937266,-0.22,-0.24,-0.16369855314502268,-7.629343629343629,0.15220162974186513,-2.581065498154982,-0.1498617350340471,0.0170760233918128,0.01897745032373277,0.002376708259061111,0.012165450121654377,0.04648862512364005,0.12762762762762758,0.17647058823529416,0.04521201909575945,-0.011111111111111072,0.013368983957219305,-0.061411889596603035
45,2007-06-30,0.008082709190053272,0.004706091888670549,0.02610155223390276,0.051105117375820575,-0.02231632547022755,0.09763825134527247,0.373356785780411,0.373356785780411,0.35897435897435903,0.3947368421052633,-0.5998387065803875,-0.978450786255096,-0.3202899480402848,0.5766902487054191,-0.27793777320647983,0.12005519779208852,0.04469763365468893,0.01956135151155891,-0.012019230769230728,0.1068052930056711,0.1375943186861961,0.1499999999999999,-0.030360021493820444,0.006741573033707926,0.013192612137203021,-0.044166713792908485
46,2007-09-29,0.010516304347826022,-0.007993109153553113,0.077330778735474,0.007640508137967128,-0.10778660572724297,0.0029370315600552037,-0.010852713178294615,-0.010852713178294615,0.018867924528301886,0.018867924528301886,0.8747120921305183,43.98648648648647,-0.2248254058135145,-1.1334536034785827,0.05136925323172248,-0.06427104722792609,0.032088926174496546,0.006976744186046657,-0.08759124087591252,-0.0529461998292059,-0.08349590323839251,0.17391304347826098,-0.11692989747852599,-0.006696428571428603,0.01302083333333348,-0.015501124127322075
47,2007-12-29,-0.005027057210062358,-0.006492747779429875,0.04062045092043776,-0.04855668059410168,-0.10262086766603797,0.012687240769299946,-0.01080141747308161,-0.01080141747308161,0.0185185185185186,0.0,-0.2674498963372495,-1.9795734454791227,-0.08147922690610254,-0.4097053726169844,0.028841431402103487,-0.10599078341013823,0.062385693964641435,0.009815242494226384,-0.08266666666666668,-0.020739404869251632,-0.11068539804171984,0.14814814814814814,-0.0982114841543772,-0.008988764044943753,0.020565552699228773,0.044230769230769074
48,2008-03-29,0.014620008553245524,0.027923247389041398,-0.045924388965117184,-0.01457277371531607,0.16472514464615615,-0.05294579732914373,-0.18215011539388928,-0.18215011539388928,-0.18181818181818188,-0.16666666666666674,0.19727463312368965,-1.5700705305121128,-0.5964941348001855,10.879036993540812,0.33300411522633744,0.1244477172312224,0.04495026778882938,0.012578616352201257,0.15988372093023262,0.2265193370165748,0.10196266156055532,0.129032258064516,0.1478775226165625,0.006802721088435382,0.005037783375314797,0.043105432780847115
49,2008-06-28,0.08754036762943107,0.126915259712582,0.04354922818972429,0.09147427400401732,0.17688040804308391,0.1458917789589178,0.2536326496230468,0.2536326496230468,0.2444444444444445,0.2444444444444445,-0.9906029300180936,1.2861753630984398,-1.1428923380142892,-1.1081562036579338,-0.027019017041244764,0.17790875354726032,-0.025443895295625185,-0.02540937323546022,0.1729323308270676,0.01501501501501501,0.13770634231103407,0.11428571428571432,0.08214610488026675,-0.024774774774774855,0.0,0.03249655172413801
50,2008-09-27,0.05116955904706333,0.06871297299018986,0.06998928861141862,0.053994449308026216,0.01727929752916535,0.05031455555858155,0.10253653620023527,0.10253653620023527,0.125,0.08928571428571419,47.975155279503106,-0.057647058823529385,-8.444252873563219,-0.4570383912248629,-0.01507767286018891,-0.07765011119347665,-0.02761081893313289,-0.006373117033603659,0.027777777777777683,-0.21375739644970404,-0.09087437953417343,0.10256410256410242,-0.032212885154061836,-0.0069284064665127145,0.0,0.0139467778134017
51,2008-12-27,-0.09053153869349484,-0.1144652260488439,-0.14051272600091735,-0.1638008122179062,0.0041373620052918,-0.1759337730449415,-0.2502361580887954,-0.2502361580887954,-0.2539682539682541,-0.21311475409836067,3.3963855421686753,-1.2406991260923843,2.7563498803366016,-19.214646464646467,0.2744703881243236,-0.2656218605585695,-0.1104887000193162,-0.05072886297376099,0.018711018711018882,-0.28504233301975546,-0.2893742125157496,0.09302325581395343,0.10419681620839373,-0.02325581395348819,-0.02756892230576446,0.0589723320158102
52,2009-03-28,-0.07082422799270571,-0.10549598024408813,-0.11887113359357104,-0.12365957266944227,0.007071297642374129,-0.22289127695056776,-0.43531802479170895,-0.43531802479170895,-0.42553191489361697,-0.4374999999999999,0.16820758390907375,-3.4979253112033195,-0.03354159815850044,0.454503442857803,0.3182277764296693,-0.07824897400820796,-0.12899022801302928,-0.08169533169533172,0.014285714285714237,-0.09473684210526312,-0.0520094562647756,0.08510638297872353,0.08387942332896459,-0.03809523809523818,-0.04639175257731954,0.020752463421916945
53,2009-06-27,-0.05386871164052054,-0.07309599787418664,-0.1370122507674013,0.022543879534459688,0.06406957313102635,0.04670674506176909,0.2852310349791276,0.2852310349791276,0.2962962962962961,0.2592592592592593,-0.6869606015334658,-0.9422757475083056,0.3527560394692073,-2.2164643833005018,-0.29366150730951546,0.0982487384980708,-0.13787085514834208,-0.07959866220735777,0.06438631790744465,0.08139534883720945,0.2013715710723192,0.07843137254901977,0.12454655380894808,-0.03960396039603953,-0.04324324324324325,-0.09355955341036516
54,2009-09-26,0.05900665839224861,-0.015980617254195528,0.09816544630125136,0.08334316023829857,0.009677098271393849,0.019354024317743246,0.12426499411995295,0.12426499411995295,0.11428571428571432,0.17647058823529416,-0.13812416186794985,151.20143884892087,-0.6204018109790606,-0.3966359338678925,-0.2508497030111521,-0.025405405405405368,-0.16049739733950266,-0.10465116279069764,0.018903591682419615,-0.08333333333333337,0.10067462376751424,0.07272727272727253,-0.046451612903225865,-0.04639175257731965,-0.05932203389830504,-0.0916523235800344
55,2009-12-26,0.05026030200212395,0.09989532467398532,0.1107152340683808,0.12610592497126327,-0.02142512888668191,0.0939640881219166,-0.09728033472803344,-0.09728033472803344,-0.05128205128205132,-0.10000000000000007,-0.2327933369943255,-1.0440536963509168,-0.9527063403321324,-1.7241677849443748,0.2424844180315988,0.03216860787576259,-0.09748535997244223,-0.07954545454545459,-0.011131725417439677,0.013196480938416409,0.17774634606317766,0.0847457627118644,-0.06833558863328826,-0.059459459459459525,-0.021021021021021102,-0.02327096162955955
56,2010-03-27,0.05790145377871481,0.03051953531546236,0.06788286075330817,0.046119048079339635,0.04457196585278501,0.0006810111097925732,-0.052254041825304916,-0.052254041825304916,-0.08108108108108103,-0.05555555555555547,0.4380554727110051,-26.33690987124464,2.3458844133099825,-1.1928387829517604,-0.03763459676384462,0.037882858678130134,0.022900763358778557,0.0185185185185186,0.046904315196998114,0.049204052098408065,0.1289031224979984,0.078125,-0.012587751149842785,0.008620689655172377,0.00920245398773023,-0.014913610184904447
57,2010-06-26,0.062276537900046273,0.04966199002802352,0.09268598701043107,0.0970051337396467,0.018916853001478717,0.1713629928040752,0.4227410340009313,0.4227410340009313,0.4411764705882351,0.4411764705882351,-0.9113194242813888,0.2526043872279156,1.598272703480764,10.597024178549287,-0.4535172681318415,0.0991457416515662,0.07611940298507447,0.03030303030303028,0.025089605734766932,0.04965517241379325,0.045744680851063764,0.057971014492753666,-0.04094140720764894,0.017094017094017255,0.015197568389057725,-0.0431411163763924
58,2010-09-25,-0.021206909321329515,-0.043075856240451633,-0.01587734011775166,-0.059705062851867725,-0.028549593701140737,-0.029110138471363345,-0.10782829316200848,-0.10782829316200848,-0.1020408163265306,-0.1020408163265306,18.661365762394762,-0.9694377768011088,2.137792103142627,-1.2671335400406287,0.22168984716399365,-0.09255770136599152,0.018377253814147117,-0.013445378151260456,-0.013986013986013957,-0.11432325886990803,-0.17836554764326884,0.06849315068493156,-0.007413087934560414,-0.03361344537815125,0.017964071856287456,0.01768716233599177
59,2010-12-25,-0.041698895801804865,-0.046808443183336435,-0.009581265742856893,-0.002658659634237281,-0.09147859725600294,-0.05617009534413253,0.10535730666911293,0.10535730666911293,0.13636363636363644,0.13636363636363644,-0.037134836806546716,-4.735619469026549,0.7440934771443246,-2.0375225135081045,-0.188270540172492,-0.0036335323124837564,0.08920667347633637,0.059625212947189025,-0.06737588652482263,0.010385756676557722,-0.028064382996285556,0.0641025641025641,-0.05202163275817662,0.05507246376811592,0.00588235294117645,-0.04430259748467424
60,2011-03-26,0.04467583588981716,0.10861523768343884,0.044080246699698566,0.08529671703563202,0.04239287586787621,-0.02684813592856816,-0.14440433212996395,-0.14440433212996395,-0.14,-0.14,-0.5897714638665843,-0.4930411607936038,-0.6687403371861886,-1.0505352493008004,0.011721021786784693,0.12216723104975258,0.05658018130665843,0.02974276527331177,0.04182509505703425,0.20264317180616745,0.033545647558386404,0.06024096385542178,-0.0021733224667208613,0.030219780219780112,0.0,0.021491866155270545
61,2011-06-25,0.04181905981649825,0.07594586775531198,0.021756733436873562,0.04754574825878555,0.07637261514191973,0.17999035831438182,0.4354721373490471,0.4354721373490471,0.4418604651162792,0.4418604651162792,-0.5866658636473139,-0.0835280373831776,-0.21519057673074785,-11.851145038167939,-0.1257130223303118,0.0584958217270195,0.05917159763313595,0.05074160811865736,0.08029197080291972,0.015873015873016042,0.007395234182415722,0.05681818181818187,0.033215355295398874,0.04266666666666685,0.005847953216374213,0.02712500809218632
62,2011-09-24,0.07932829243650508,0.11220457542115314,0.1363785965459301,0.14986522399992408,-0.013944350042480845,0.012511083381071542,0.018920197310628998,0.018920197310628998,0.032258064516129004,0.032258064516129004,7.877604546116857,0.9687699171446782,1.4146548672566372,-6.252374252550122,0.7552346752984018,-0.05372807017543868,0.08575418994413407,0.05423476968796437,0.0033783783783785104,-0.12379807692307697,-0.11582381729200653,0.06451612903225801,-0.08642951251646902,0.0613810741687979,-0.005813953488372103,-0.032774486322954766
63,2011-12-31,0.00633840247859907,-0.011849737378874623,-0.032285601048748565,-0.09003891435543976,0.07911223123346289,0.04821691985386245,0.08203461768021758,0.08203461768021758,0.078125,0.078125,-0.44786383705089694,-0.2104240854645516,-0.2890608965901428,-0.6152352251799766,0.1655548992205622,0.006257242178447253,0.03447388731669676,0.03735024665257214,0.0824915824915824,0.00274348422496562,-0.08533210332103325,0.050505050505050615,0.07239688491491214,0.028915662650602414,0.008771929824561429,0.08595073634823414
64,2012-03-31,0.004053440600458425,-0.02677095717226785,-0.048228687543318,-0.0325447807848076,0.09239229881195166,-0.09479995648499152,-0.17727997058102474,-0.17727997058102474,-0.17391304347826084,-0.17391304347826084,-0.40808561236623053,-8.074620746207463,0.2432777961068955,-3.3745539987816557,-0.33728059332509275,0.21027176416397952,-0.0032330266102960077,0.02309782608695654,0.08709175738724739,0.11764705882352945,0.113464447806354,0.04807692307692313,0.08795051102743412,0.023419203747072626,-0.002898550724637739,0.005940594059405724
65,2012-06-30,0.08817260996937383,0.12115377453353693,0.10790933803358872,0.12715046966163768,0.05911715618794688,0.13397059888478524,0.3355309718031809,0.3355309718031809,0.3333333333333335,0.3333333333333335,0.7526114905584571,-0.8589973920602724,-0.28961422363750955,-1.3951110459576341,0.20108553735964496,0.02207421503330176,-0.0022455089820359038,0.007968127490039613,0.06580829756795414,-0.05997552019583841,-0.03487318840579712,0.05504587155963292,-0.02669962917181712,0.029748283752860205,-0.02034883720930225,-0.0053089954664756744
66,2012-09-29,0.029530237813286012,0.029303317488315495,0.004500139112184165,0.03214352975062873,0.06807588013538113,-0.02555120907968089,-0.07680937107795283,-0.07680937107795283,-0.06578947368421062,-0.06578947368421062,0.3890480829846983,-1.3637484586929716,0.5976372805379155,0.4438363788145812,0.24172684214612936,-0.07633587786259544,-0.04701175293823456,-0.008563899868247682,0.0724832214765101,-0.1328125,-0.12482402627874235,0.0521739130434784,0.037338074676149365,0.013333333333333421,-0.020771513353115775,-0.0027586206896551557
67,2012-12-29,-0.03294655051452522,-0.04482794788010813,-0.07060520606972033,-0.07603159866263809,0.021594742524223776,-0.036131004171965235,0.026494667834808583,0.026494667834808583,0.042253521126760514,0.028169014084507005,-0.5399896854048478,-3.72090395480226,-0.2560572848166009,-1.364705126557883,-0.07099711109165717,-0.003225156218504277,-0.045394909472579285,-0.009966777408637828,0.021276595744680767,-0.07057057057057048,-0.028954423592493225,0.4628099173553719,0.056562193927522035,0.019736842105263053,-0.027272727272727226,0.033796379818389566
68,2013-03-30,0.00638260855722117,0.009103901720433072,-0.0454730012180804,-0.027647173279820136,0.07470734265549983,-0.09104441769764028,-0.21184295720760493,-0.21184295720760493,-0.21621621621621626,-0.21917808219178087,1.3693439167675678,3.2479235880398667,0.0168146460281291,-3.9061123833010387,0.2220935867750795,0.12659251769464094,-0.05332600329851578,-0.020805369127516737,0.07352941176470584,0.10339256865912748,0.11043622308117064,0.0,0.06790266512166854,0.006451612903225934,-0.028037383177570097,0.03775231225641318
69,2013-06-29,0.008131890978199774,-0.040479933303534166,0.047681211653870736,0.020252733566494152,-0.038150867332676135,0.08119894130547922,0.13614637789395068,0.13614637789395068,0.13793103448275867,0.1578947368421053,-0.39563538630427375,-1.3367875647668392,1.2563557684877522,-2.4127773063401623,-0.2567469322112313,-0.03213067671872194,-0.0693960511033681,-0.044551062371487316,-0.020547945205479427,-0.0980966325036603,-0.031824962705121806,0.0,-0.04600694444444442,-0.021367521367521403,-0.022435897435897575,-0.059529147982062776
70,2013-09-28,0.06579125809347586,0.08708843886361928,0.05536943960542984,0.08657494145199074,0.07907577936182575,0.0017384520269674295,-0.03878262012752254,-0.03878262012752254,-0.03030303030303028,-0.03030303030303028,0.4732391719645486,-2.405515239477504,-0.7902703813421463,-2.2904582117727816,0.4457717046566085,0.014465875370919925,-0.062090483619344876,-0.042324246771879404,0.07925407925407922,0.03571428571428559,0.05238828967642517,0.0,0.012511373976342057,-0.01965065502183405,-0.02622950819672121,0.0004768148766243208
71,2013-12-28,0.02078382050451566,0.09533469862037536,-0.02171049763962773,0.012085975849601471,0.07376063469112437,-0.005764700868893136,1.036415236271627,1.036415236271627,1.03125,1.03125,-0.3578929467284554,-16.998554316398188,1.007429784454605,1.7511802646452557,0.8482655404297195,0.027422303473491727,0.15801729873586168,0.1827715355805244,0.07883369330453571,-0.048589341692789945,0.055148853099072914,0.19774011299435035,0.05189844978656488,0.22048997772828494,-0.030303030303030387,0.08227094006910507
72,2014-03-29,-0.027376233135811837,-0.03580094597841954,-0.02958069796499518,0.0010301868711068973,-0.02487232689595387,0.017143118956899128,-0.5359403596554562,-0.5359403596554562,-0.5307692307692308,-0.5307692307692308,-0.547474011785738,-1.054282579229329,2.057225362996705,-1.799226586102719,-0.36680680192122106,0.04911032028469742,-0.01493823613904066,-0.010132995566814572,-0.013013013013013051,-0.02800658978583193,-0.1396854764107308,0.02830188679245293,0.002563007261853878,-0.016423357664233532,0.006944444444444421,-0.036769967523531684
73,2014-06-28,0.0194953618282383,0.023003335688831058,0.0030442463743525217,-0.010363066318837766,0.03809087565464808,0.1834445660181605,0.2998407989000651,0.2998407989000651,0.3114754098360657,0.3114754098360657,-1.0050479186480357,-1.2518430439952437,-0.7046881651766709,-0.6819735091326963,-0.18423173274004526,0.052238805970149294,-0.0020414114902302933,0.01855406269993609,0.043610547667342736,0.0661016949152542,0.03924731182795682,0.027522935779816567,0.01832126118449073,-0.011131725417439786,0.031034482758620863,0.03371621235499167
74,2014-09-27,0.018385958642242132,-0.015986998865074598,-0.03565785021991364,-0.08013704151551793,0.07741197848966874,0.0059881415887914615,0.023103688239387576,0.023103688239387576,0.024999999999999908,0.024999999999999908,-856.0289855072464,-6.856468366383381,-0.7623209298134968,-3.2563590548186183,0.5095723320412744,0.1063829787234043,0.008182349503214503,0.04145728643216074,0.07677356656948509,0.0604133545310015,0.06001034661148474,0.03125,0.0579497907949793,0.0,0.04013377926421402,0.0697108740118304
75,2014-12-27,0.06527786987681394,0.10555094276958377,0.14734817450309867,0.19900270793714792,-0.014951419487080118,0.053105013913977483,0.04723166916065846,0.04723166916065846,0.048780487804878085,0.024390243902439046,-0.5038391782633016,-1.7258948726217351,0.8394617134192571,-0.5079227948923258,0.16610593850246458,0.09076340326340326,-0.14724637681159414,-0.14837153196622446,-0.016245487364620947,0.01349325337331342,0.03513909224011735,0.4632034632034632,-0.07534111133082855,-0.18198874296435275,0.04180064308681675,-0.07793281653746775
76,2015-03-28,-0.09247738964884522,-0.12516112998547102,-0.16661540315603351,-0.20581506684110892,-0.008061262316670814,-0.11641922510807455,-0.22020732119196693,-0.22020732119196693,-0.22093023255813948,-0.20238095238095236,0.6831784640612188,-1.4997778764993337,8.870891293147864,-3.1006722904980086,-0.2992302249548626,-0.07840256444503813,-0.0044187627464310495,0.016288951841359808,0.0009174311926605226,-0.06360946745562124,0.05987741631305976,0.020710059171597628,0.09302822925577403,-0.006880733944954143,0.02160493827160481,0.10155812128685128
77,2015-06-27,-0.0007407829505954312,0.025303237709332068,0.03047778969656023,0.06282402891028127,-0.030605481856191608,0.13904220992156135,0.3483591537564552,0.3483591537564552,0.3731343283582089,0.3731343283582089,-0.3353562005277045,0.2955555555555556,-0.3541029468563733,-0.3383003444972176,-0.28254719855162025,-0.060724637681159425,0.0269716626835097,0.036236933797909376,-0.012832263978001857,-0.061611374407582915,-0.07873665480427039,0.020289855072463725,-0.029935433378986413,0.016166281755196188,0.02114803625377637,-0.035310878192734374
78,2015-09-26,0.0064185421735605255,-0.0024707709170624925,-0.006536919667729291,-0.007213099612357277,0.019593100774863537,-0.030697284493132693,-0.02774826418917253,-0.02774826418917253,-0.010869565217391351,-0.021739130434782598,1.0174977860567378,-0.22058319039451116,-0.4118464646464647,-1.8155324851360093,0.3211729308713269,0.059404412899243926,0.026928191489361764,0.024882313382649682,0.028783658310120863,0.07407407407407396,0.02028005794302268,0.02272727272727271,0.013110125050423528,0.011363636363636465,0.01479289940828421,0.0047995780590717185
79,2015-12-26,0.047268583516435037,0.011313118364244978,0.1212512201652467,0.07437913209324498,-0.02603712964877869,0.008168929081435072,-0.037943478702856526,-0.037943478702856526,-0.03296703296703296,-0.022222222222222254,0.028319736025549824,-0.4559859154929578,0.6653385359419652,-0.7876704566917236,0.05161663559812313,-0.11564229536848235,0.007122045969569334,0.00787401574803126,-0.008122743682310474,-0.1410658307210031,-0.13724562233790816,0.022222222222222143,-0.0700776428429225,0.0,0.005830903790087438,-0.05873707416933505
80,2016-03-26,-0.0406564669812739,-0.03905714759986112,-0.10666882273194778,-0.1284553373545816,0.034643325175822685,-0.16139250202097102,-0.22905824858010826,-0.22905824858010826,-0.2159090909090909,-0.2159090909090909,0.06034914186464136,-1.720873786407767,-0.4761488326045705,6.429994662871375,0.36468739084876,-0.006587615283267456,-0.004500160720025792,-0.007812499999999889,0.03730664240218373,0.0018248175182480344,-0.01810202962150309,0.021739130434782483,0.07856989937914792,0.008988764044943975,-0.017391304347826098,0.1026098594691056
81,2016-06-25,0.028475433737305437,0.03087997889407457,0.026097498858142387,0.0388737782083286,0.030817452305089917,0.08934101882401868,0.10725054824561407,0.10725054824561407,0.10144927536231883,0.10144927536231883,-0.5405619256503512,-7.709315375982043,-0.04601864684389567,-1.0697730102480605,-0.01864554272990193,0.0837201591511938,-0.06909912818856956,-0.06496062992125995,0.035964912280701755,0.04371584699453557,0.0770949720670393,0.021276595744680767,0.002381897578404013,-0.02672605790645877,-0.0383480825958703,-0.0076876390855755705
82,2016-09-24,0.04366661013833872,0.018825443444455917,0.06877099991384661,0.04710569416715482,0.019054609807845013,0.016401732146750003,0.12267128798663117,0.12267128798663117,0.14473684210526305,0.13157894736842102,0.999033144998036,-0.0829708932753429,0.4218641661438902,-6.98318462594372,0.11367933754971625,0.053847330579776635,-0.03642039542143605,-0.040701754385964906,0.02709568162574083,0.017452006980802626,0.10632780082987536,0.0234375,-0.023762376237623783,-0.0068649885583524925,-0.033742331288343475,-0.02701325178389391
83,2016-12-31,0.06697393744441782,0.10256575111018074,0.06334784311015906,0.08552043819163169,0.07070234641722406,0.13312088006924405,0.09085396107833944,0.09085396107833944,0.08045977011494254,0.09302325581395343,-0.7136573864151627,-0.34367019336008753,-0.8380317666728591,-0.5358761112704331,0.0473756623049677,0.13107853099143574,-0.025197984161267173,-0.011704462326261766,0.06924979389942297,0.10120068610634636,0.14533520862634794,0.022900763358778557,0.003651115618661383,0.0,-0.00952380952380949,0.015715034049240458
84,2017-04-01,0.008709719485204603,0.015729441136306033,-0.039049950003068434,-0.03069593043588015,0.05747967494659556,-0.12535547120445234,-0.1817102137767221,-0.1817102137767221,-0.1808510638297872,-0.1808510638297872,2.269886513591977,0.06614785992217898,2.107956989247312,3.5194018783984182,0.20442489253592844,0.08983572895277203,-0.020679468242245203,-0.012583271650629224,0.05551272166538146,0.02024922118380057,0.06958657388456801,0.022388059701492716,0.04830234438156844,0.0,-0.01602564102564108,0.04785972150593088
85,2017-07-01,0.04803361593719435,0.05946414314438075,0.032654080867920536,0.048467733841149885,0.06230489958047425,0.11464346632381785,0.15832381187660194,0.15832381187660194,0.16883116883116878,0.1558441558441559,-0.7118389617098211,-0.7724191866527633,-0.5021680966878863,-0.8185994367121491,0.030788794623795687,-0.00612341026848795,-0.015460030165912462,-0.004497751124437732,0.06135865595325062,-0.058015267175572476,-0.02985074626865658,0.02189781021897796,0.013688066319645252,0.00691244239631339,-0.00977198697068393,0.010483315286937687
86,2017-09-30,0.08976738890029456,0.1062800471302825,0.1083734703083392,0.15630627367375238,0.06704785968596694,0.08386161386159086,0.13151159690749134,0.13151159690749134,0.12222222222222225,0.1348314606741572,1.9390510335555435,10.686139747995416,0.40557820607857664,3.1662646970153747,0.1244428235675501,0.06635071090047395,-0.020681731137495274,-0.010542168674698926,0.06675843083275979,0.0032414910858995505,0.02603550295857993,0.023809523809523725,-0.02092050209205021,-0.002288329519450905,-0.006578947368421018,-0.0432516682090498
87,2017-12-30,0.07054401075245842,0.09491014178426972,0.14640954697177055,0.2276172085644539,0.00048742609805407783,0.11464761561536108,0.5256225997219801,0.5256225997219801,0.5247524752475248,0.5247524752475248,-0.8723148765843896,-0.29768672809253083,-0.5545520469378338,-1.2650240602047829,-0.02933038628018625,0.12444444444444458,0.1149784904184592,0.1042617960426182,0.0,0.0549273021001615,0.07766243752402913,0.37209302325581417,-0.06546231546231551,0.11467889908256867,-0.009933774834437026,-0.10807921396935304
88,2018-03-31,-0.023798855419014275,-0.033814917348364504,-0.12108797379838898,-0.13797679000734542,0.08002495881181293,-0.0034861429147425853,-0.11173400049419324,-0.11173400049419324,-0.11038961038961036,-0.11038961038961036,9.748171368861023,-0.6887648290300071,12.506733757584724,1.9776109215017064,-0.08997343409675929,0.09782608695652173,0.0855840056120658,0.09441764300482423,0.07741935483870965,0.09800918836140893,-0.05850874063503386,0.025423728813559254,0.10642278112658476,0.06378600823045287,0.026755852842809347,0.12083333333333356
89,2018-06-30,-0.008617914628262445,-0.0005222353827931682,0.05532473497254853,0.07597321453113802,-0.06408326242063234,0.1286922931581047,0.08703513743762703,0.08703513743762703,0.10218978102189767,0.0948905109489051,-0.4301963834337935,-0.9076233183856502,0.2283679395167917,2.299436064371189,-0.32621200788740057,-0.030693069306930613,0.10339256865912773,0.09130982367758197,-0.04131736526946095,-0.10041841004184092,-0.15157256536566874,0.02479338842975221,-0.0559834679691904,0.040618955512572434,0.04885993485342022,-0.0710902887406426
90,2018-09-29,0.06250845178566644,0.07640686694354226,0.02552618826412667,0.012384205127399016,0.10055070031077618,0.01631317922261499,0.07136573740863361,0.07136573740863361,0.07284768211920545,0.08666666666666667,1.2223413849416236,15.42718446601942,-0.7944196169730704,-1.9078567061308436,0.4395355251915689,0.08784473953013294,0.07818448023426061,0.08193883439122908,0.099937539038101,0.1348837209302325,-0.03483698079499786,0.02741935483870961,0.03582089552238798,0.04275092936802971,0.03726708074534146,0.06320925387862507
91,2018-12-29,-0.007296981689954519,-0.02773193265788376,0.0405250849508354,0.040067860304051406,-0.051139683991373815,-0.01641320343637409,0.01897439725311645,0.01897439725311645,0.04320987654320985,0.03067484662576692,0.027638852329560315,-0.2984633569739953,3.52379919295353,-1.2179296833147109,-0.06654079467598872,-0.0866410584720444,0.0008147745790330062,0.008533333333333282,-0.027825099375354826,-0.1693989071038252,-0.1800092549745489,0.02511773940345363,-0.04418828049951962,-0.014260249554367109,0.0239520958083832,-0.06517479632876144
92,2019-03-30,-0.02145862125913756,-0.028034987631623157,-0.09943436149087903,-0.1167821909678286,0.060329866166586976,-0.1263169735552302,-0.07235993905297701,-0.07235993905297701,-0.06508875739644959,-0.05952380952380942,0.2958504098360655,0.4380791912384161,-0.4856608478802993,-5.557451889310296,0.3248738334601675,-0.037102803738317765,0.01329715061058345,0.01692226335272351,0.05899532710280364,-0.009868421052631636,-0.05925507900677185,0.024502297090352343,0.08361809045226143,0.027124773960216952,-0.00877192982456132,0.100496414782129
93,2019-06-29,-0.0016625473096860688,-0.005181133134574911,-0.003671233492698489,0.00212575331118825,5.4925438716990633e-05,0.011655372700871249,-0.035014293159814865,-0.035014293159814865,-0.03164556962025322,-0.03164556962025322,-0.4839230414442906,0.18863503222026945,0.3693799533799533,-1.2221177703462835,-0.05446575342465754,0.04435601281180235,-0.029994643813604727,-0.013000520020800876,0.013789299503585315,-0.01495016611295674,0.010197960407918316,0.025411061285500747,0.0016694490818029983,0.02464788732394374,-0.0383480825958703,-0.007317562149158019
