,Quarter end,Assets,Current Assets,Liabilities,Current Liabilities,Shareholders equity,Revenue,Earnings,Earnings available for common stockholders,EPS basic,EPS diluted,Cash from operating activities,Cash from investing activities,Cash from financing activities,Cash change during period,Cash at end of period,Price,ROE,ROA,Book value of equity per share,P/B ratio,P/E ratio,Cumulative dividends per share,Equity to assets ratio,Net margin,Asset turnover,Current ratio
0,1995-06-30,0.03519231325789374,0.0401908124553958,0.048256802721088336,0.06927281368821303,0.008146444316657009,0.005987522505547904,-0.03353658536585369,-0.03353658536585369,-0.02857142857142847,-0.02857142857142847,-3.9282700421940935,-1.2727272727272727,-1.432608695652174,-1.8487046632124355,0.28348909657320864,0.054347826086956534,-0.01344743276283622,-0.11111111111111104,0.014529914529914478,0.08376963350785327,0.5193939393939395,1.0,-0.026158940397351005,-0.07228915662650602,0.04745762711864399,-0.027185939179364068
1,1995-09-30,0.03519231325789374,0.0401908124553958,0.048256802721088336,0.06927281368821303,0.008146444316657009,0.005987522505547904,-0.03353658536585369,-0.03353658536585369,-0.02857142857142847,-0.02857142857142847,-3.9282700421940935,-1.2727272727272727,-1.432608695652174,-1.8487046632124355,0.28348909657320864,0.054347826086956534,-0.01344743276283622,-0.11111111111111104,0.014529914529914478,0.08376963350785327,0.5193939393939395,1.0,-0.026158940397351005,-0.07228915662650602,0.04745762711864399,-0.027185939179364068
2,1995-12-31,0.027258240375744425,0.0253854764741992,0.031393226526059685,0.047449716635181716,0.019678676680292773,0.07429451427620082,0.03785488958990535,0.03785488958990535,0.02941176470588225,0.02941176470588225,-3.795389048991354,-0.9166666666666666,-1.105527638190955,-3.31013431013431,-0.5102481121898598,0.09995517705064992,-0.01344743276283622,-0.11111111111111104,0.011794439764111209,0.08376963350785327,0.5193939393939395,0.52,-0.007480448826929553,-0.07228915662650602,0.04745762711864399,-0.021056736205888105
3,1996-03-31,-0.08551055954713692,-0.13262431328356106,-0.09725116992410243,-0.1287396562698918,-0.007458512026850661,0.0002324590290960771,0.1550151975683891,0.1550151975683891,0.15714285714285725,0.15714285714285725,-1.784020618556701,28.51851851851852,-63.047619047619044,-1.5364693446088795,0.4361233480176212,0.04034229828850866,-0.01344743276283622,-0.11111111111111104,0.032472939217318864,0.028985507246376937,0.5193939393939395,0.3157894736842106,0.08530318602261057,-0.07228915662650602,0.04745762711864399,-0.004514372966872404
4,1996-06-30,-0.03190286292482592,-0.05286236297198543,0.005750130684788246,0.007245053272450619,-0.1130941198572234,0.034434674826664624,-1.4763157894736842,-1.4763157894736842,-1.5061728395061729,-1.5061728395061729,-1.5404339250493098,-1.4843161856963614,-0.8119723714504988,-2.431527093596059,-0.5571319018404908,-0.06619663141402278,-0.01344743276283622,-0.11111111111111104,-0.11048387096774204,-0.09859154929577464,0.5193939393939395,0.26,-0.08364898989898993,-0.07228915662650602,0.04745762711864399,-0.059619873291097074
5,1996-09-30,0.04073163233937893,0.04308127572016463,0.06366943866943875,0.09018375241779486,-0.015356915907646653,0.02257919568636257,-2.5524861878453042,-2.5524861878453042,-2.5609756097560976,-2.5609756097560976,-1.313868613138686,-2.3963730569948187,1.526530612244898,-1.122505161734343,0.1541125541125541,-0.06417785234899331,-0.01344743276283622,-0.11111111111111104,0.004533091568449832,0.05208333333333348,0.5193939393939395,0.19047619047619047,-0.05408198415432308,-0.07228915662650602,0.04745762711864399,-0.043259343308985176
6,1996-12-31,0.33873873873873883,0.53684297045165,0.43545891359231215,0.5907074739410071,0.08325266214908034,0.2767219597934747,2.067615658362989,2.067615658362989,2.015625,2.015625,-4.054263565891473,-6.192949907235621,-8.951534733441033,6.5,1.0015003750937734,0.14881219184222316,0.6864931846344486,-0.11111111111111104,0.08032490974729245,0.14356435643564347,0.175109692859992,0.17333333333333334,-0.19082301529497447,0.5194805194805194,0.02265372168284796,-0.033800311318656795
7,1997-03-31,0.1413189771197847,0.005749277997646907,0.10972427096334968,-0.08079470198675498,0.2519114288551285,0.1468479320828313,-0.5626450116009281,-0.5626450116009281,-0.5544041450777202,-0.5544041450777202,-5.73730964467005,1.4994640943194,-0.6255587159691183,-2.0636704119850187,-0.5322338830584707,0.17401482637534138,-0.04996326230712711,-0.11111111111111104,0.1478696741854637,0.08658008658008652,-0.3122878479293958,0.13636363636363644,0.09675967596759684,-0.11111111111111116,-0.0031645569620254443,0.09413118527042563
8,1997-06-30,-0.029906433652953868,-0.04597059370928713,-0.04833844580777091,-0.06590323069922642,0.027284263959390875,0.08605511929175202,-0.002652519893899252,-0.002652519893899252,-0.09302325581395343,-0.09302325581395343,-1.0739351727832842,-0.9626929674099486,-0.9690721649484536,-0.6619718309859155,-0.3846153846153846,0.18909936856098386,0.30549110595514306,0.2774390243902438,0.026200873362445483,0.035856573705179466,0.16979269496544913,0.1299999999999999,0.05908904390644242,0.25,0.022222222222222362,0.02131538353667084
9,1997-09-30,0.04332317012415055,0.05272838749233588,0.04864487362002734,0.07826581148006828,0.028026559604694246,0.02880696340986022,0.05319148936170204,0.05319148936170204,0.02564102564102577,0.02564102564102577,3.1231884057971016,1.8544061302681996,32.473684210526315,-1.0520833333333333,0.03255208333333326,0.2769703745108998,-0.02665876777251186,-0.03818615751789967,0.02198581560283697,0.24615384615384614,-0.08396624472573833,0.10619469026548688,-0.014722975590856113,-0.053846153846153766,0.015527950310558982,-0.023685294521488376
10,1997-12-31,0.06660299875847575,0.08759993646423457,0.08068647540983598,0.07770499209396875,0.02530980097634239,0.04543623259769913,0.06060606060606055,0.06060606060606055,-0.4625,-0.4625,-0.3101933216168717,-0.24161073825503354,-0.33595387840670865,-4.32,-0.10466582597730134,0.15517618734952945,-0.2726719415702983,-0.2580645161290324,0.02359472588480216,0.12962962962962954,0.11285122063565177,0.10399999999999987,-0.0385371608336611,-0.2682926829268293,0.018348623853211118,0.009211729132972524
11,1998-03-31,0.004172486658787332,-0.0006572061436603828,-0.004337520739511769,-0.09948997414937466,0.03047172575446821,0.5791727327224458,-0.15000000000000002,-0.15000000000000002,-0.13953488372093026,-0.13953488372093026,-3.8292993630573253,1.2672566371681415,-2.02052091554854,3.2530120481927707,-0.4971830985915493,0.03846153846153855,-0.03933054393305435,-0.03344481605351168,0.004745762711864332,0.016393442622950838,0.375,0.0869565217391306,0.026175869120654397,-0.1777777777777777,0.16816816816816815,0.10974080267558528
12,1998-06-30,0.12369148461881417,0.15822291504286826,0.12845478134596622,0.2254247808208549,0.10946829684390114,-0.20405368763557485,0.17927170868347342,0.17927170868347342,0.21621621621621626,0.16216216216216206,-0.7843313822602431,-0.8095238095238095,-1.8553750966744005,-4.798866855524079,3.7563025210084033,0.3085203430031016,-0.019163763066202044,-0.02768166089965396,0.10863697705802956,0.30107526881720426,0.35791691751956645,0.08666666666666667,-0.012754085292945416,-0.04054054054054057,0.012853470437018009,-0.054875368870471515
13,1998-09-30,0.11359921283585404,0.12081510767160153,0.1362361032002195,0.20570451739529585,0.0448487954894925,0.18235704917474327,-0.7767220902612827,-0.7767220902612827,-0.7777777777777778,-0.7674418604651163,-8.713987473903966,1.4180327868852458,2.274864376130199,-1.494407158836689,-0.3904593639575972,0.1346904629113217,-0.2300177619893429,-0.2491103202846975,0.0,0.02272727272727271,0.10684992241188218,0.07361963190184051,-0.061768268066209164,-0.267605633802817,0.03045685279187804,-0.07041785690560033
14,1998-12-31,0.06025452835297629,0.037581852637109,0.06923376840385442,0.099587785858692,0.03059847927397596,0.1494345602535474,3.48936170212766,3.48936170212766,3.3,3.0,-0.8695534506089309,3.820338983050848,-0.02512424075096631,-1.3092006033182504,0.19806763285024154,-0.12754976652740224,-0.04959630911188007,-0.07109004739336501,0.025562994522215558,-0.1272727272727272,0.06909673542960149,0.07428571428571429,-0.0279690189328744,-0.11538461538461532,0.05172413793103448,-0.05638533552490532
15,1999-03-31,0.22069438283801768,0.17531645569620258,0.07654106615731893,0.14615568290353398,0.7146427083953115,0.20207299343259644,-1.2085308056872035,-1.2085308056872035,-1.6511627906976745,-1.7000000000000002,-15.25103734439834,0.005977496483825506,-3.3069951854998583,-21.18536585365853,0.9419354838709676,0.045774647887324,-0.4684466019417476,-0.4183673469387754,-0.3916913946587538,0.02083333333333326,0.07006369426751591,0.03191489361702127,0.4046038069942455,-0.3913043478260869,-0.04683840749414503,0.02544683429263861
16,1999-06-30,0.0267904334038056,0.030294638049080724,0.026936352785573714,0.037582550363534084,0.02647650773821919,-0.09318013575085238,-8.96590909090909,-8.96590909090909,-1.8928571428571428,-1.8928571428571428,-1.535885864026787,-0.08178958406151693,-1.698256813159833,-0.8501691638472693,-0.2574750830564784,-0.32659932659932656,0.12557077625570767,0.20175438596491224,0.02634146341463417,0.10657596371882083,0.346638655462185,0.030927835051546507,-0.00031515915537361217,0.2142857142857142,-0.0073710073710073765,-0.007016248153619009
17,1999-09-30,0.01849885789659944,0.015097664416701571,0.018643588615945283,0.025017568517217148,0.018187349988168174,0.040552348977855424,-0.15406562054208273,-0.15406562054208273,-0.16000000000000006,-0.16000000000000006,-0.8098342841619125,-1.085649029311001,-0.9161392405063292,-1.0032258064516129,0.0011185682326622093,-0.3788,0.2535496957403651,0.34306569343065685,0.017110266159695797,-0.3954918032786885,-0.14079563182527302,0.030000000000000027,-0.00031525851197977683,0.3529411764705883,-0.00990099009900991,-0.009669021941242195
18,1999-12-31,0.07459936403647305,0.07782272894446485,0.0845732788528255,0.10595287065875293,0.05312261363259063,0.09290505077291966,1.812816188870152,1.812816188870152,1.761904761904762,1.761904761904762,-9.59,-7.182222222222222,-10.0,163.5,0.1441340782122904,-0.2376046361880232,0.5469255663430421,0.6413043478260871,0.0523364485981308,-0.2508474576271187,-0.3822060826146165,0.029126213592233,-0.01986754966887405,0.673913043478261,-0.02249999999999996,-0.02546000751032651
19,2000-03-31,0.016363084098413694,0.08721763461407228,-0.032257605914131404,-0.09284449167552243,0.12418424288281482,-0.08038702241454265,1.5629496402877696,1.5629496402877696,1.637931034482759,1.637931034482759,-1.9632462996840176,-8.434219985621855,-0.7419054274400186,9.458966565349543,1.68017578125,-0.021959459459459433,1.3828451882845187,1.4337748344370858,0.1145648312611014,-0.0678733031674208,-0.2537349987754103,0.02830188679245293,0.10617760617760608,1.558441558441558,-0.04603580562659848,0.19852034525277415
20,2000-06-30,0.011134783908068213,0.014487477245621829,0.0095635439467614,0.01376469210043352,0.014134275618374659,0.06955957694760229,-0.8512280701754386,-0.8512280701754386,-0.8562091503267975,-0.8562091503267975,-0.9438881215469612,-1.0541533700802628,-0.9268953068592056,-1.2807323452484742,-0.17598834031699762,-0.16623488773747852,-0.05794556628621594,-0.03809523809523807,0.014342629482071656,-0.2524271844660194,-0.7535280603872662,0.027522935779816567,0.002908667830133771,-0.035532994923857864,-0.002680965147452974,0.000707304526748942
21,2000-09-30,0.0056824682506388955,-0.0014602333898452444,0.0011641104740840458,0.0033896346513107023,0.014269122283059543,0.015038289561597471,-0.026729559748427726,-0.026729559748427726,0.0,0.0,2.9384615384615387,0.7428571428571429,5.209876543209877,1.8561076604554865,-0.6099933672341367,0.35007767995857075,-0.04333643988816405,-0.021216407355021283,0.0149253731343284,0.331168831168831,0.3661784287616512,0.02678571428571419,0.008410672853828238,-0.01578947368421046,-0.002688172043010861,-0.004819122277195942
22,2000-12-31,0.0842624194160031,0.10765760741594477,0.12211854306560865,0.16351561450315755,0.01325044986095203,0.11689350670393316,-0.9725363489499192,-0.9725363489499192,-0.9545454545454546,-0.9545454545454546,-2.89140625,-0.25409836065573765,-0.7514910536779325,-1.5683218557448348,0.8888888888888888,0.16762562332182585,-0.25815879201169034,-0.2514450867052023,0.010061919504644079,0.15121951219512209,0.16374269005847952,0.0260869565217392,-0.06528616623526029,-0.25133689839572193,0.0,-0.04803719008264462
23,2001-03-31,0.008140388919977594,0.025308241401687196,0.04100823791513397,0.08048764393414487,-0.060138844042621924,0.03159822650986932,-104.23529411764706,-104.23529411764706,-63.0,-63.0,0.1214374225526642,0.598901098901099,3.3680000000000003,-0.35905612244897955,0.3016206482593038,-0.02595269382391596,-1.087327642810243,-1.084942084942085,-0.06053639846743297,-0.03813559322033888,0.2537688442211057,0.025423728813559254,-0.06800000000000006,0.0,0.029649595687331495,-0.05107162235485618
24,2001-06-30,0.04713830995932322,0.058489742470536836,0.051387333582182386,0.06317846618929113,0.03736150476681277,0.024284559133736398,-1.6005698005698006,-1.6005698005698006,-1.596774193548387,-1.5806451612903225,-2.464456721915285,-0.5257731958762887,-5.567765567765568,-3.0238805970149247,-0.4689877795711322,0.05092748735244523,-0.8646616541353384,-0.8636363636363636,0.03507340946166382,0.11894273127753308,0.0,0.024793388429751984,-0.009243974909211028,0.0,0.007853403141361294,-0.0043599456793652624
25,2001-09-30,0.010328490731691177,0.005288659793814432,0.0075621301775148355,0.00891792920226897,0.016779820058508532,0.04336745638799022,-0.2504743833017078,-0.2504743833017078,-0.2432432432432432,-0.2499999999999999,-2.0090543259557343,0.42753623188405787,-2.0677626303127505,-1.2758112094395282,0.24359531046461136,0.2034659820282414,-2.6111111111111107,-2.5,0.01497241922773851,0.16535433070866135,0.0,0.024193548387096756,0.0063312229256915495,-0.9857142857142858,0.015584415584415591,-0.0035893754486718828
26,2001-12-31,0.04843377247276215,0.0577461466676239,0.05777610730687455,0.08799248462764743,0.026844362412464132,0.08531741136414106,0.3772151898734177,0.3772151898734177,0.3214285714285714,0.37037037037037024,-0.806580259222333,-0.0532994923857868,-0.9831017649267744,-1.0267379679144386,-0.005237430167597812,-0.00773333333333326,10.13793103448276,9.777777777777779,0.021739130434782483,-0.02364864864864857,123.28189712758852,0.023622047244094446,-0.020529801324503216,10.999999999999998,0.017902813299232708,-0.027809798270893468
27,2002-03-31,0.041840971467444366,0.03725858993252151,0.04198405472029143,-0.007300034014495416,0.04150035685020215,-0.015200769889442078,0.15257352941176472,0.15257352941176472,0.08108108108108114,0.2702702702702702,2.1971649484536084,1.3887399463806969,-46.13333333333333,-183.0,0.9582309582309584,-0.06019887127116375,2.4489164086687305,2.4226804123711343,0.033434650455927084,-0.07958477508650519,-0.9505348024724536,0.023076923076923,-0.00033806626098709103,2.5,-0.002512562814070307,0.04483474136653332
28,2002-06-30,0.010642449714800328,0.009001093590810028,-0.0016411087074670314,-0.004441222983658455,0.039897464531357014,0.04862227899138971,-0.06459330143540665,-0.06459330143540665,0.024999999999999908,-0.17021276595744672,-1.8182184602982667,-0.5269360269360269,-0.9054652880354506,-1.982051282051282,-0.4805520702634881,0.06291106662853885,-0.00269299820466784,0.003012048192771122,0.0389705882352942,0.02631578947368407,-0.7251983049005759,0.022556390977443552,0.02908353060534319,-0.011904761904761862,0.012594458438287104,0.013547060075182804
29,2002-09-30,0.029949947273834487,0.0015377489578507484,0.03218231307039554,0.036892895437035785,0.02484563004905671,0.00457147050190776,0.0639386189258313,0.0639386189258313,0.048780487804878085,0.07692307692307687,-1.8201970443349755,4.036773428232503,12.994791666666664,-1.0395374860126818,0.03623188405797095,-0.1595372612321766,0.07020702070207019,0.06906906906906896,0.020523708421797515,-0.19047619047619047,-0.17635429023329385,0.022058823529411686,-0.0049293460400919855,0.07228915662650602,-0.004975124378109319,-0.034079776067179816
30,2002-12-31,-0.004679467305016227,-0.003403751526138588,-0.02047569803516025,-0.02546916890080431,0.0316972684622896,0.08989576561507051,0.07612179487179492,0.07612179487179492,0.06976744186046524,0.09523809523809534,1.3657657657657656,-1.0504003768252472,-2.486788239672497,0.490566037735849,0.052614052614052616,-0.0880281690140845,0.018502943650126055,0.03651685393258442,0.032593619972260734,-0.1040723981900452,-0.17090734517522801,0.021582733812949728,0.03632760898282705,0.022471910112359602,0.014999999999999902,0.02260378178656808
31,2003-03-31,0.039784992973153084,0.044437019712662895,0.037257179054054124,0.04465841357175604,0.0453118507917456,-0.0026472756517659235,0.33283693224125105,0.33283693224125105,0.26086956521739113,0.326086956521739,-0.14166031987814165,-5.140186915887852,-0.8908635794743429,12.031645569620252,0.6513761467889909,-0.07792207792207784,0.06936416184971095,0.08401084010840099,0.05036937541974473,-0.11111111111111104,-0.12565141864504925,0.021126760563380254,0.005417463352453744,0.06593406593406592,0.014778325123152802,-0.00021253985122204888
32,2003-06-30,0.0286621985034905,0.033082746854339984,0.02703335402904861,0.029883126003210195,0.03219609142100044,0.11038537781809632,-0.13072625698324025,-0.13072625698324025,-0.06896551724137923,-0.13114754098360648,-0.8719313812481514,-0.2889390519187359,0.30963302752293576,-1.3729966002914036,-0.1471264367816092,0.13627712219261512,0.03397683397683382,0.04499999999999993,0.028772378516624064,0.08522727272727271,0.05165562913907285,0.020689655172413838,0.003486529318541986,0.02061855670103108,0.02669902912621369,0.003117913832199504
33,2003-09-30,0.04136866059817956,0.054851667397792785,0.043417075467023336,0.04915557611991184,0.0369467085980788,0.017301896612241352,0.005784061696658015,0.005784061696658015,0.0,0.0,-8.660508083140877,-0.8841269841269841,-3.7215411558669,1.390625,-0.4123989218328841,0.14907872696817415,0.01643017176997774,0.02631578947368429,0.033561218147917904,0.11518324607329845,0.0692695214105794,0.0202702702702704,-0.004421983575489619,0.0,0.02364066193853409,0.005439389658095539
34,2003-12-31,0.03767007466375305,0.04201865683812267,0.04333909541629466,0.05282948795320541,0.025355890241386403,0.08458010362817593,-0.23194888178913745,-0.23194888178913745,-0.2407407407407408,-0.2264150943396227,-1.0379861320470305,16.45205479452055,-0.6544401544401545,-0.6672113289760349,-0.2335626911314985,-0.08309037900874627,-0.055106539309331404,-0.05594405594405594,0.027059530968129845,-0.11267605633802813,-0.1301531213191991,0.019867549668874274,-0.011738578680203005,-0.07070707070707083,0.01616628175519641,-0.010257851471931369
35,2004-03-31,0.017888033695188987,0.017630625484196694,0.008193065025626112,0.0423850257947882,0.03931668645244368,-0.016015884246842086,0.7820299500831946,0.7820299500831946,0.7073170731707317,0.7560975609756098,65.60317460317461,-0.4489795918367348,-5.8696461824953445,-9.30605564648118,2.5311720698254363,-0.0620031796502385,0.023328149300155587,0.024691358024691468,0.03278688524590168,-0.08465608465608465,-0.039945836154366976,0.01948051948051943,0.021187800963081926,0.010869565217391129,0.013636363636363448,-0.023780790800028484
36,2004-06-30,0.05561507863203663,0.06244905492071795,0.05828495065418205,0.05882975010839564,0.049890616227518336,0.069493140987408,-0.23622782446311866,-0.23622782446311866,-0.19999999999999984,-0.23611111111111105,-0.8471163012392755,0.3789173789173789,-1.3717017208413005,-0.7464039408866996,0.1817796610169491,0.11118644067796613,-0.025075987841945317,-0.02409638554216864,0.0470521541950113,0.07514450867052025,0.05571227080394925,0.019108280254777062,-0.005658597925180643,-0.02150537634408589,0.0,0.003417684700407264
37,2004-09-30,0.047965981077265914,0.059357425649414035,0.06085116548923253,0.07184091726259445,0.02011801585838091,0.038969906080285284,-0.4737163814180929,-0.4737163814180929,-0.4821428571428572,-0.4727272727272728,0.9773967264224476,-0.3925619834710744,-1.3641975308641976,0.2393162393162393,0.1906298553842476,-0.11836485661989027,-0.1363990646921278,-0.14320987654320982,0.018949648077964287,-0.16129032258064513,-0.12625250501002006,0.018749999999999826,-0.02655706607650965,-0.1428571428571429,0.0022421524663676085,-0.011667512138560763
38,2004-12-31,0.03999287531240081,0.04598125222049143,0.10663846351820873,0.12266462908951993,-0.10979555684098263,0.04251967713940297,-8.72822299651568,-8.72822299651568,-8.793103448275861,-8.793103448275861,-0.4004729996058337,1.120748299319728,-1.2627118644067796,-0.7699059561128527,0.03683999196948395,-0.04290657439446366,-1.3456678700361007,-1.3314121037463975,-0.1137088204038258,-0.05769230769230771,0.07339449541284404,0.018404907975460242,-0.14387788242936014,0.0,-0.004474272930648726,-0.06826514151635132
39,2005-03-31,0.004859721047730137,0.0014958130299032035,-0.018866964642610503,-0.02120666329130738,0.07115154222592235,-0.008185007145641188,-1.3892395551547938,-1.3892395551547938,-1.3893805309734517,-1.4070796460176993,5.6028928336620645,-0.3985565356856455,-18.440860215053767,19.90190735694823,0.7426662794074934,0.2415039768618945,-0.22715404699738906,-0.25217391304347825,0.05395683453237399,0.4013605442176871,0.0,0.01807228915662651,0.06600910470409715,0.0,-0.0022471910112359388,0.02321555048398527
40,2005-06-30,0.018854860186418018,0.026917031365157214,-0.007844502551870747,0.0013907026440309613,0.08718318136149072,0.021647793982087826,-0.33976833976833976,-0.33976833976833976,-0.3522727272727273,-0.4021739130434783,-0.3657273722991138,0.21333333333333335,-1.3884093711467325,-0.2061008994915917,0.3383333333333334,0.1630751310425158,-0.06081081081081085,-0.06976744186046513,0.05802047781569985,0.10194174757281547,0.0,0.01775147928994092,0.0669039145907473,0.0,-0.00450450450450457,0.025457621904322325
41,2005-09-30,0.06937111192430345,0.059701492537313376,0.0902642974466179,0.10170209162503174,0.020575414123801258,0.025975876151581367,-0.023391812865497075,-0.023391812865497075,-0.07017543859649111,-0.036363636363636376,1.1538461538461535,5.230769230769232,-4.4603174603174605,-0.036124794745484363,0.2436695724366957,0.14321482223335005,-0.5467625899280575,-0.55,0.022580645161290214,0.0792951541850222,0.0,0.01744186046511631,-0.045697131420947217,0.0,-0.013574660633484116,-0.03810095252381307
42,2005-12-31,0.014861165428236234,0.014743781839976045,0.01705129083065127,0.021137586471944747,0.009396890483512664,0.04614672529507069,0.1556886227544909,0.1556886227544909,0.15094339622641506,0.15094339622641506,-1.3877551020408163,-0.7813051146384481,-0.2798165137614679,-2.385008517887564,-0.27136181575433915,0.05409548839246625,-12.015873015873014,-12.083333333333336,0.014721345951629994,0.032653061224489736,0.0,0.017142857142857126,-0.005242922055225474,0.17948717948717952,-0.004587155963302836,-0.006315789473684164
43,2006-03-31,0.010356454720616526,-0.0007087590809756739,0.014543495825477981,0.017312758750470447,-0.00016926201760325554,0.008096628616936608,0.13989637305699487,0.13989637305699487,0.09836065573770504,0.13114754098360648,-3.381578947368421,7.411290322580646,0.6878980891719746,-0.9495694956949571,-0.018781493357764575,0.0878869727820486,-0.07492795389049,-0.07518796992481191,0.0062176165803109465,0.07114624505928857,0.4287749287749287,0.01685393258426959,-0.01054111033028815,-0.07608695652173902,-0.0023041474654377225,-0.017655367231638408
44,2006-06-30,0.017353992848629263,0.011407293575270485,0.024024422617467508,0.02293747687754344,0.00033858134416786534,0.03647136273864393,-0.1636363636363637,-0.1636363636363637,-0.08955223880597019,-0.13043478260869554,-0.7671665351223362,-0.8044103547459251,-0.12075471698113205,2.463414634146341,-0.06629318394024275,-0.06837280366692132,0.009345794392523477,-0.008130081300813052,0.016477857878475666,-0.07380073800738017,0.02193419740777669,0.016574585635359185,-0.01669034090909105,-0.01176470588235312,0.002309468822170757,-0.011262880421758936
45,2006-09-30,0.0065607572988424226,0.011103319308087832,0.008295528191833991,0.0075949367088608,0.0020308004738534,-0.05208333333333337,0.24456521739130446,0.24456521739130446,0.2295081967213115,0.25,0.3220338983050848,-1.534313725490196,0.03862660944205998,-2.809859154929577,0.127,0.028290282902828867,0.07793209876543218,0.06830601092896171,0.01367781155015213,0.01195219123505975,0.006829268292682933,0.016304347826086918,-0.0043336944745394615,0.0714285714285714,-0.004608294930875445,0.003473905315882986
46,2006-12-31,0.04706923041109912,0.0579123800716681,0.05360586193598138,0.05714285714285716,0.029893599054213738,0.03238631287411775,0.06113537117903922,0.06113537117903922,0.06666666666666665,0.06666666666666665,-1.3333333333333333,-1.5229357798165135,-0.7768595041322314,-1.9377431906614784,-0.10692102928127778,0.014553429027113209,0.05225483178239077,0.038363171355498604,0.03148425787106435,0.0,-0.06976744186046513,0.016042780748662944,-0.016684802321363826,0.05555555555555558,-0.01388888888888895,0.0007245793414378808
47,2007-03-31,0.06460649177412181,-0.024475524475524483,0.07796486090775989,0.027162841233193014,0.02869793374877005,0.03258188741292023,0.0576131687242798,0.0576131687242798,0.03749999999999987,0.049999999999999815,-8.569230769230769,33.2280701754386,-17.814814814814813,-0.7551867219917012,-0.029309488325881764,0.08390646492434661,0.026530612244898052,0.007389162561576291,0.02277131782945729,0.051181102362204633,0.01145833333333357,0.015789473684210575,-0.03356694946514205,0.03157894736842115,-0.021126760563380254,-0.05028157683024925
48,2007-06-30,0.01541160255607066,0.01685707885304666,0.011488398415393286,-0.01765172550575167,0.02646261756735213,0.027824337914850842,-0.08560311284046697,-0.08560311284046697,-0.04819277108433728,-0.08333333333333326,-0.5609756097560976,-0.9538698103536648,-1.1024229074889869,-5.220338983050848,0.12743091095189366,0.10242929659173328,0.033134526176275665,0.022004889975550057,0.03126480341070592,0.0786516853932584,0.04737384140061773,0.015544041450777256,0.010687022900763177,0.05102040816326525,-0.023980815347721784,0.03515459551037692
49,2007-09-30,0.0296972688384336,0.03480751225422707,0.04347339562468533,0.050676357762971865,-0.00854169902158719,-0.003180039138943269,0.051063829787234116,0.051063829787234116,0.05063291139240489,0.07792207792207795,0.9444444444444444,0.5333333333333334,3.354838709677419,0.19277108433734932,0.1429868361325466,-0.05064956421641187,0.0,-0.01913875598086112,0.013321084060633924,-0.07986111111111116,-0.10176991150442484,0.015306122448979663,-0.0370090634441087,-0.009708737864077666,-0.014742014742014862,-0.015139116202945948
50,2007-12-31,0.01322201805544454,-0.005588376177550702,0.011260053619303044,0.0150525236997181,0.018953634085213,0.08359918200409,-0.1862348178137652,-0.1862348178137652,-0.18072289156626495,-0.18072289156626495,-2.5702380952380954,-3.4782608695652173,-0.7506172839506173,-4.643097643097644,-0.4297061159650516,0.08037415555170613,-0.05772931366260425,-0.07073170731707312,0.02130553037171357,0.06792452830188678,0.053639846743295035,0.015075376884422063,0.00588235294117645,-0.06862745098039225,0.00498753117206996,-0.02035729123390106
51,2008-03-31,-0.030041395623891187,-0.04806251338043244,-0.02004241781548255,-0.0314886098315138,-0.059031514219830876,-0.009926775873782769,0.527363184079602,0.527363184079602,0.5,0.5441176470588236,-1.6944655041698256,-1.3479532163742691,7.6237623762376225,-0.9316081330868762,-0.051532033426183836,-0.04216770883437549,0.059223961878829064,0.047244094488188886,-0.01997336884154477,-0.06360424028268552,-0.0051948051948053076,0.014851485148514863,-0.030019493177387942,0.021052631578947437,0.017369727047146233,-0.01713316369804918
52,2008-06-30,0.015607852700890048,0.00815247947824127,0.014284168380045426,0.017526713578316366,0.019604639764744247,0.01803209942434525,-0.2345276872964169,-0.2345276872964169,-0.16666666666666674,-0.2095238095238096,-0.6572052401746724,2.042016806722689,-0.8507462686567164,1.364864864864865,-0.12848751835535974,-0.07315031804486116,0.007712082262210762,-0.007518796992481036,0.0244565217391306,-0.05283018867924538,-0.1315926892950392,0.02926829268292685,0.004019292604501512,-0.02061855670103097,0.014634146341463428,-0.009147393855712728
53,2008-09-30,-0.016408532436867133,-0.021917349841057417,-0.02763256161314409,-0.030031376064545087,0.017304919083480197,-0.004868184541641729,0.3914893617021276,0.3914893617021276,0.3999999999999999,0.40963855421686746,-0.2547770700636943,-0.7486187845303867,0.5307692307692307,-0.6342857142857143,-0.05391743892165124,0.003973270724219047,0.08227040816326525,0.08585858585858562,0.026525198938991856,-0.019920318725099584,-0.013830426939266394,0.028436018957346043,0.03402722177742179,0.06315789473684208,0.024038461538461453,0.008360912732973125
54,2008-12-31,0.029499125198356287,0.04755388299692087,0.049923195084485394,0.060007921837866414,-0.0291384469995275,0.02092270640475657,-1.0611620795107033,-1.0611620795107033,-1.0588235294117647,-1.0598290598290598,-0.2051282051282052,-0.13186813186813184,-0.8994974874371859,-1.8125,0.04630454140694562,-0.2700125921928405,-0.1956393635827931,-0.2069767441860465,-0.030577088716623457,-0.2886178861788617,-0.3365853658536584,0.02764976958525356,-0.05691056910569092,-0.20792079207920788,0.007042253521126751,-0.011746415615823014
55,2009-03-31,-0.001383289858509218,0.016274765948182113,-0.003344132093217711,-0.028087438500342562,0.004704737183647056,-0.03339476594176194,-15.05,-15.05,-14.999999999999998,-15.285714285714285,2.317204301075269,1.4683544303797469,-27.35,16.96153846153846,0.7948936170212766,-0.007392804337111758,-0.03296703296703296,-0.035190615835777095,0.013771657041314887,0.02285714285714291,0.2426470588235292,0.026905829596412637,0.006157635467980205,-0.03749999999999998,-0.006993006993007089,0.045621394861037994
56,2009-06-30,0.017809791427553682,0.020941567136200545,0.019502988361119744,0.02146610278098171,0.012594865170353577,0.01651159243441125,0.02491103202846978,0.02491103202846978,0.09183673469387754,0.06000000000000005,0.4700162074554295,-0.558974358974359,-1.5749525616698292,-0.4271948608137045,0.2536747273589379,-0.026812313803376345,0.06287878787878798,0.054711246200608084,0.03242769500438203,-0.03910614525139666,-0.010355029585798705,0.026200873362445483,-0.005303957568339568,0.06493506493506508,-0.007042253521126641,-0.0005015045135405849
57,2009-09-30,0.03526849943617072,0.04553562060644212,0.02360382597963584,0.030048303117746755,0.0714399617285919,0.01774393217541359,0.04513888888888884,0.04513888888888884,0.05607476635513997,0.04716981132075482,-0.3098125689084895,0.2325581395348837,-1.1188118811881191,0.06728971962616814,0.2159606656580937,0.3081632653061224,-0.04419101924447622,-0.04899135446685876,0.06409168081494054,0.2674418604651163,0.2130044843049328,0.025531914893617055,0.03527481542247757,-0.03658536585365857,-0.01654846335697402,0.015052684395383762
58,2009-12-31,0.03436748798076916,0.0463622679377822,0.02567194172318521,0.030328867235079212,0.06012799523738655,0.04209362329524513,0.0830564784053156,0.0830564784053156,0.07079646017699126,0.07207207207207202,-0.6932907348242812,-0.8962264150943396,-0.16666666666666666,-0.6269702276707529,0.06625194401244161,0.17784711388455546,0.35645041014168544,0.3787878787878787,0.054646988432389236,0.10550458715596324,0.20024645717806533,0.024896265560165887,0.024960380348652892,0.3924050632911391,-0.00961538461538458,0.015570934256055269
59,2010-03-31,0.02360289044627617,0.03116908027236986,0.011804467084639558,0.005556212318240883,0.05741962656184185,-0.05761884550084895,0.06748466257668717,0.06748466257668717,0.06611570247933883,0.058823529411764726,2.078125,8.636363636363637,-7.133333333333334,0.42253521126760574,0.08838973162193707,0.02831125827814573,0.004398020890599153,0.02637362637362628,0.049546142208774624,-0.024896265560166,-0.2684804928131417,0.024291497975708287,0.032856590645535366,0.05454545454545445,-0.024271844660194275,0.025391417214245315
60,2010-06-30,-0.0280251161800702,-0.033156622023809534,-0.006632134385438304,-0.007171408417587566,-0.0866967604885821,0.030289381826370976,-0.14367816091954022,-0.14367816091954022,-0.131782945736434,-0.12698412698412687,-0.1065989847715736,-0.2547169811320755,3.907608695652174,-2.537953795379538,-0.12489949075314932,0.08227338592819189,-0.013683634373289566,-0.006423982869379064,-0.05189189189189192,0.029787234042553123,0.021052631578947437,0.03557312252964428,-0.0602544910179641,0.0,-0.0074626865671639795,-0.026107594936709
61,2010-09-30,-0.022154093215080883,-0.026309460824395225,-0.02646198830409352,-0.029899348727057462,-0.009303677860154071,0.003060109289617419,0.09731543624161064,0.09731543624161064,0.1339285714285714,0.13636363636363624,-0.4886363636363637,-0.7974683544303798,-0.4761904761904762,-0.5386266094420601,-0.06584992343032159,-0.05310919369235345,0.017203107658157583,0.01939655172413812,0.023565184340554882,0.0,-0.06116838487972509,0.03435114503816794,0.0131421744324971,0.017241379310344973,0.002506265664160345,0.0036555645816411797
62,2010-12-31,0.13451776649746194,0.07157676348547715,0.16714221354557735,0.20140372291730246,0.038884812912692635,0.025895256773443842,-0.5259938837920489,-0.5259938837920489,-0.5196850393700787,-0.52,1.0,22.1875,-0.9577167019027484,-1.7581395348837208,0.05344262295081959,0.02608012568735285,-0.13038734315330058,-0.15433403805496826,0.034162643891570754,0.004132231404958775,-0.0036603221083455493,0.033210332103321034,-0.08451257861635231,-0.1271186440677966,-0.025000000000000026,-0.10805341966815052
63,2011-03-31,0.01612054217660219,0.030608952196561123,0.0150111511408475,-0.04871729743459485,0.019774011299435124,0.021453605692639988,1.7225806451612904,1.7225806451612904,1.7049180327868854,1.7000000000000002,0.8518518518518519,-0.5741239892183289,21.25,1.4478527607361964,0.12418300653594773,0.15939366100137795,0.07779171894604775,0.040000000000000036,0.02836624775583485,0.11934156378600826,0.3218221895664952,0.03214285714285725,0.0038643194504079936,0.03883495145631066,-0.00512820512820511,0.08339382940108875
64,2011-06-30,0.00424140387230465,0.0007603882452922317,0.018338544747739327,0.022215101997223208,-0.04196675900277014,0.03906006307836263,-0.3222748815165877,-0.3222748815165877,-0.3030303030303031,-0.3024691358024693,-0.6739999999999999,-0.02531645569620256,0.5011235955056179,-2.243107769423559,-0.13732004429678846,0.08874801901743258,-0.011641443538998876,-0.038461538461538436,-0.019553072625698387,0.0588235294117645,0.0027793218454696955,0.03460207612456756,-0.04619332763045336,-0.028037383177570097,-0.0077319587628865705,-0.021023536309573543
65,2011-09-30,0.0286939420317891,0.03968892464467677,0.028672199170124424,0.03672552502350857,0.0287696978458869,0.007871914609739905,0.034965034965035,0.034965034965035,0.04347826086956519,0.04424778761061954,2.2791411042944785,0.26623376623376616,-0.9745508982035928,-2.7278225806451615,0.2654043645699615,-0.054949053857350834,-0.03651354534746765,-0.0675,0.03205128205128216,-0.03819444444444442,-0.060975609756097386,0.03344481605351168,0.0,-0.048076923076922906,-0.0181818181818183,0.0029089664613277666
66,2011-12-31,0.03917635628545457,0.05618605450950054,0.036706869428421614,0.04383975812547236,0.04777965148960095,0.02061821551495901,0.0135135135135136,0.0135135135135136,0.01666666666666661,0.016949152542372836,-0.6997193638914874,-0.5846153846153845,-0.2941176470588235,-0.7106184364060677,0.06289627187420742,-0.02246181491464505,0.11063569682151586,0.101876675603217,0.04554865424430643,-0.05054151624548742,-0.00767414403778055,0.032362459546925626,0.00852017937219718,0.101010101010101,0.0,0.011772735028152235
67,2012-03-31,-0.0019302108152124964,-0.03931783955390944,0.021827944437959657,0.046874245715665015,-0.08382510729613735,0.0278867667563798,0.7366666666666666,0.7366666666666666,0.7540983606557379,0.7416666666666667,2.8442367601246112,12.23456790123457,99.66666666666669,-5.201612903225806,-0.24862801240754,0.0753676470588236,0.09080902586681328,0.05596107055961075,-0.04224422442244225,0.02661596958174917,-0.05056513979773936,0.03134796238244508,-0.08225878168074696,0.04587155963302747,0.005291005291005346,-0.0822934232715008
68,2012-06-30,-0.04064303629166288,-0.06562725077320675,-0.06537963597593477,-0.07327307940606842,0.05445761967501106,-0.028423609577589163,-0.27063339731285985,-0.27063339731285985,-0.24766355140186916,-0.2440191387559808,-1.4473257698541329,-0.8600746268656716,-0.6481788079470199,0.09021113243762002,-0.3607494442680216,0.10146520146520133,0.05600403632694273,0.062211981566820285,0.05168849069607173,0.15185185185185168,0.009398496240601515,0.03039513677811545,0.09932170542635643,0.061403508771929786,0.0,0.008269018743109147
69,2012-09-30,0.03842761748771584,0.047020948580756235,0.028844978610715,0.032492411802756534,0.07108149382201856,-0.03078121955971169,0.0552631578947369,0.0552631578947369,0.05590062111801242,0.05696202531645556,-2.8315217391304346,0.3400000000000001,-0.9811764705882352,-1.7200704225352113,0.4063586686537506,0.00809222924287778,0.048256091734352635,0.060737527114967486,0.07110091743119251,-0.041800643086816636,-0.06703910614525144,0.02949852507374628,0.031291317761128264,0.07438016528925617,-0.010526315789473715,0.014033169309276559
70,2012-12-31,0.014104586265469619,0.015070806807847116,0.021027204688551796,-0.02612048192771088,-0.008554763447828906,0.044790619765494144,-0.256857855361596,-0.256857855361596,-0.2529411764705882,-0.2574850299401197,-1.1810089020771513,1.154228855721393,-65.375,-1.128361858190709,-0.037089367714588484,0.020233120738948784,-0.007748404740200555,-0.0020449897750510764,0.004588559192413744,-0.046979865771812124,-0.05588822355289425,0.028653295128939767,-0.022222222222222143,0.0,0.002659574468085069,0.04232566498921631
71,2013-03-31,0.04046899769688639,-0.011476598831008156,0.07493018926466033,0.056858669833729225,-0.07569616943391289,-0.018180652194824787,-0.1308724832214765,-0.1308724832214765,-0.11023622047244107,-0.12096774193548375,-13.060109289617484,2.2909930715935336,-3.015533980582524,1.5714285714285716,-0.09904622157006604,0.1221168355248976,-0.17041800643086813,-0.1741803278688525,-0.049939098660170655,0.1161971830985915,0.11486962649753353,0.027855153203342642,-0.111888111888112,-0.16153846153846152,-0.023872679045092826,-0.06466074661608756
72,2013-06-30,0.020266773989535917,0.038713854121709135,0.013241448982537207,0.005806058903404132,0.04780763790664788,0.051861528412802116,0.6370656370656371,0.6370656370656371,0.6460176991150446,0.6788990825688073,-0.6755777072949706,-0.8708771929824561,-0.9296724470134876,-2.662962962962963,0.18281758957654715,0.06618000192104499,0.025470653377630104,0.002481389578163684,0.03846153846153855,0.12302839116719255,0.25726927939317323,0.027100271002709952,0.02706692913385833,0.027522935779816567,-0.013586956521739245,0.03272190985344281
73,2013-09-30,0.012848327745062171,0.01986122075871521,-0.004451091407613128,-0.0047483822913272355,0.07842872570194381,0.02316194734227528,-0.04716981132075471,-0.04716981132075471,-0.05376344086021512,-0.049180327868852514,-0.8645251396648045,-0.5108695652173914,-1.4931506849315068,-0.8775055679287305,0.018932874354561147,0.1108108108108108,-0.0064794816414687215,-0.017326732673267342,0.07345679012345685,0.0702247191011236,0.06334841628959276,0.0316622691292876,0.06468615237182562,-0.0267857142857143,0.002754820936639257,0.02472331310246334
74,2013-12-31,0.014799566027763113,0.028070890201670414,0.017669361184634136,0.02455680808269789,0.0047565402428340064,0.041026885962250466,-0.8415841584158416,-0.8415841584158416,-0.8409090909090908,-0.8390804597701149,-4.515463917525774,0.6444444444444444,-2.0,-10.618181818181819,-0.17871621621621625,0.19789132197891315,-0.17934782608695654,-0.18639798488664985,0.002875215641173101,0.11548556430446187,0.18345153664302605,0.03069053708439906,-0.00990099009900991,-0.19266055045871555,0.002747252747252737,0.003396916644891723
75,2014-03-31,0.4188711313358371,0.290837758579694,0.4565232672571349,0.34683162892622343,0.06166687429924012,0.11178802541829412,4.796875,4.796875,4.785714285714286,4.607142857142857,-8.812316715542524,30.243243243243235,-103.55555555555556,-4.330812854442343,0.7248046071575482,0.17630331753554507,0.047019867549668914,-0.021671826625387025,0.05963302752293576,0.17176470588235304,0.4051138633639633,0.02977667493796532,-0.25181818181818183,0.04545454545454541,-0.054794520547945084,-0.041579861111111116
76,2014-06-30,0.024092428369945296,0.04298038252540448,0.01930455346154769,-0.008677671943323917,0.05362590941093637,0.15513489420833215,0.08625336927223715,0.08625336927223715,0.08024691358024683,0.09554140127388533,-0.9316816816816816,-0.9757785467128028,-1.0452329360780066,-1.0499432463110099,-0.020987359885523468,0.021468861517209614,-0.06261859582542695,-0.11392405063291144,0.0489718614718615,-0.03614457831325313,-0.06909297696900762,0.028915662650602195,0.029161603888213868,-0.09782608695652173,-0.023188405797101463,0.05216918757358924
77,2014-09-30,-0.0146021205146587,-0.0027669031289553336,-0.012665419852749715,0.0031458368951957642,-0.005345806882726345,0.015888147442008282,0.16377171215880892,0.16377171215880892,0.15428571428571436,0.15697674418604654,-1.0934065934065935,0.7410714285714286,-0.994011976047904,2.4204545454545454,-0.07332521315468943,0.08654983940947769,0.023616734143049992,-0.0357142857142857,-0.006448284756254807,0.03541666666666665,0.10904092852779468,0.02810304449648715,0.009445100354191329,-0.024096385542168752,-0.01186943620178038,-0.0059395713178961316
78,2014-12-31,0.055100321641905266,0.09628383364325988,0.10185584807941296,0.11729215666223534,0.017131340275445158,0.05020331560838276,0.006396588486140775,0.006396588486140775,0.004950495049504955,0.005025125628140614,-63.58823529411765,-0.32307692307692304,83.0,-3.6013289036544847,0.20583596214511046,0.0180988435409426,0.27356624917600536,0.1962962962962964,0.012720664589823237,0.026156941649899457,-0.02754062241806665,0.02733485193621865,-0.036257309941520544,0.22222222222222232,-0.015015015015015119,-0.01879113266366472
79,2015-03-31,-0.02250045363817821,-0.012681403300934256,-0.0036775906341123274,0.021935444505460918,-0.11922060766182295,-0.08043825124986702,-0.7203389830508475,-0.7203389830508475,-0.7142857142857143,-0.725,0.7697368421052628,0.803030303030303,7.523809523809524,-0.03703703703703709,0.16437758883802056,0.11654441727791355,-0.12681159420289867,-0.14551083591331282,-0.11432965906177905,0.10196078431372556,-0.14726706315491367,0.02660753880266076,-0.09890776699029136,-0.1717171717171717,0.018292682926829285,-0.03388933015620865
80,2015-06-30,0.03814739186931493,0.051840741750750034,0.026231298460194445,0.035107621578051695,0.10648668916385452,0.09999074588191736,3.3636363636363638,3.3636363636363638,3.2931034482758634,3.4545454545454537,-0.7588953797132236,-0.9285714285714286,-0.7164804469273742,-0.6100795755968169,0.05504587155963292,0.056386861313868726,0.12151748666271488,0.10144927536231883,0.1024602026049206,0.19217081850533813,0.2284955164397211,0.02591792656587466,0.06599326599326605,0.09756097560975596,0.005988023952095745,0.01616881337352694
81,2015-09-30,-0.0018953956191327672,0.00461486609110473,-0.0008513174136977053,0.0029417702535112773,-0.007342143906020505,0.025554200143019342,0.07118055555555558,0.07118055555555558,0.06827309236947787,0.07346938775510181,0.7555066079295154,2.0588235294117645,3.8620689655172415,-1.9387755102040816,-0.048979591836734726,-0.1428571428571429,0.09408033826638462,0.07236842105263143,0.0026253609871356165,-0.22238805970149256,-0.23249526899161946,0.02947368421052632,-0.005685407454200764,0.06666666666666665,0.005952380952380931,0.0017080186983100545
82,2015-12-31,-0.01311381429262437,-0.012593873390281065,-0.01744557576790351,-0.008511861969805912,0.010013654984069252,-0.017678062385923177,0.02755267423014596,0.02755267423014596,0.03759398496240585,0.03802281368821303,-1.8594730238393975,2.0576923076923075,0.07092198581560294,6.076086956521738,-0.3644336629968278,-0.06489318823055212,0.09661835748792268,0.08895705521472386,0.0167583136946845,-0.06717850287907867,-0.14300810144417053,0.02862985685071595,0.023506988564167663,0.09375000000000022,0.00591715976331364,-0.004128152203176971
83,2016-03-31,0.026793980430954708,0.004599984318235385,0.0003902269820279525,0.017169871515995142,0.00540784136998651,-0.025491137602037583,-0.32018927444794953,-0.32018927444794953,-0.3115942028985507,-0.31135531135531136,-5.534306569343066,7.358490566037735,0.14096499526963102,-1.3287250384024578,0.18849089841456254,-0.07025862068965516,0.12246696035242287,0.13802816901408455,0.02137522534123093,-0.08641975308641969,-0.15166461159062872,0.027833001988071482,-0.020484171322160183,0.1238095238095238,0.00588235294117645,-0.012345679012345734
84,2016-06-30,0.023708077718650026,0.015635975752530173,0.04914942030555847,0.04285592084628331,0.0364186463469296,0.06544839110501742,0.2575406032482599,0.2575406032482599,0.2684210526315791,0.26595744680851063,-0.40148100450740504,-0.13167795334838228,-0.9320066334991708,-0.04828660436137066,0.1509387351778657,-0.006838201205377925,-0.02590266875981173,-0.022277227722772186,0.033282904689863946,-0.027027027027027084,-0.1429263565891472,0.02707930367504829,0.012040557667934104,-0.025423728813559362,0.0029239766081872176,-0.026094890510948817
85,2016-09-30,0.007097955236253117,0.058916952712741326,0.0057629149195463905,0.013042051730737692,0.02162395934695649,0.004504051635734863,-0.433579335793358,-0.433579335793358,-0.43568464730290457,-0.4369747899159663,-0.4249596557288865,-0.8336221837088388,-0.6097560975609756,0.3175122749590835,0.1727838591972526,0.059050064184852376,-0.15471394037066888,-0.14936708860759496,0.019765739385065872,0.0254629629629628,0.06670435274166198,0.02636534839924676,0.014402003757044481,-0.13913043478260856,-0.005830903790087438,0.04525014052838672
86,2016-12-31,-0.0075623767469775735,-0.050074991533214035,0.00039020783701637635,0.030309573290869363,-0.1859456027092814,0.003462978161218544,1.0618892508143325,1.0618892508143325,1.1102941176470589,1.126865671641791,-0.6435921421889617,10.838541666666664,31.21875,-4.763975155279502,-0.5545387994143485,-0.22501377410468326,0.03288846520495725,-0.011904761904761862,-0.13208901651112692,-0.23927765237020304,-0.10492845786963434,0.025688073394495303,-0.1796296296296297,-0.020202020202020218,0.0,-0.07797795106211347
87,2017-03-31,0.053478245844420735,-0.05908118569827848,-0.03432489581408715,-0.06711374233771672,0.44240769630785226,-0.028266507081587844,4.668246445497631,4.668246445497631,4.895470383275262,4.88421052631579,2.766404199475065,-0.9221293444786626,-0.10378273520853544,-1.1151815181518152,0.14338537387017247,0.02104365135788422,1.496538994000923,1.5993975903614457,0.450510063413289,0.17507418397626107,0.006512729425695696,0.025044722719141488,0.3694507148231754,1.6288659793814428,-0.008797653958944385,0.008554486244775061
88,2017-06-30,0.013892305925962356,0.020271733246725043,0.03983928229766786,0.0052510389756261775,0.018747183415953158,0.04799540163816651,-0.9138795986622074,-0.9138795986622074,-0.91371158392435,-0.913536076326774,-0.4836236933797909,-0.27118644067796616,0.224025974025974,-2.2722063037249285,-0.15954006467840465,0.055284779278651934,-0.09556377079482448,-0.06141367323290847,0.02185896217449157,-0.2727272727272727,-0.618235294117647,0.024432809773123898,0.00439560439560438,-0.05098039215686268,-0.008875739644970349,0.01493975903614442
89,2017-09-30,0.032839394331564575,0.055627768787967165,0.043914705701960655,0.054917735132266284,-0.01415553392904534,0.019784137431196225,-0.9967637540453076,-0.9967637540453076,-0.9931506849315068,-0.993103448275862,-0.19298245614035087,1.0697674418604652,-0.8753315649867374,-1.5045045045045045,0.09576742197520316,0.03589337556083394,-0.10157367668097284,-0.08518518518518525,-0.005766369047618958,0.013888888888888841,0.08012326656394443,0.028960817717206044,-0.04540481400437635,-0.07438016528925617,-0.0149253731343284,0.0006647673314341683
90,2017-12-31,0.0057482066221845604,0.01007689601447459,-0.004994026752315861,-0.002992188534357232,0.053037781566902975,0.02988801598125268,902.0,902.0,434.0,432.0,-1.0267558528428091,-0.6741573033707865,-1.8865248226950355,-0.75,0.021849395239953214,-0.049235668789808895,-0.035031847133757836,0.03373819163292846,0.0639850327408793,-0.044520547945205435,0.009985734664764713,0.0281456953642385,0.0469914040114614,0.044642857142857206,-0.0060606060606061,0.013096706842554706
91,2018-03-31,-0.059676389516141626,-0.07610399303395943,-0.038204149116246144,-0.02568256666312552,-0.16447929094937785,-0.03709644329223938,-2.2691029900332227,-2.2691029900332227,-2.2827586206896555,-2.2886836027713624,-189.875,10.942528735632184,-16.496000000000002,-0.0535714285714286,0.020236731576937842,0.05835063978026377,-0.9856199905704855,-0.9856396866840732,-0.14682609460172313,-0.0035842293906810365,-0.011299435028248594,0.027375201288244663,-0.11111111111111116,-0.9871794871794872,0.015243902439024515,-0.05170960187353624
92,2018-06-30,0.014921912522150915,0.029028436018957438,0.05668679013608924,0.04533187951478812,-0.04049367605059162,0.018962578445804512,-0.8795811518324608,-0.8795811518324608,-0.8781362007168458,-0.8781362007168458,-1.3510919920582396,-0.15784408084696822,-1.7955601445534333,-9.924528301886793,-0.17702095808383236,-0.07500949487276865,-6.918032786885245,-6.545454545454546,-0.029472382522671037,0.08273381294964023,98.40857142857143,0.0650470219435737,-0.054802955665024584,0.0,0.009009009009008915,-0.015608021337548128
93,2018-09-30,0.0022682027348976948,0.008635578583765069,-0.02252348213421129,0.013429644310003042,-0.008610609120867418,0.008896154504153486,-4.615942028985508,-4.615942028985508,-4.705882352941176,-4.6911764705882355,-2.299717247879359,-0.8765714285714286,-1.871512005191434,-0.8287526427061311,-0.03683492496589358,-0.10230616574283168,-1.3240997229916898,-1.3114754098360657,0.013590995965172992,-0.07308970099667766,0.0,0.0,-0.011074918566775338,1.0,0.01488095238095255,-0.004716507777220325
94,2018-12-31,-0.0066752413669591846,-0.00583748443337484,-0.005032493263591675,-0.0370275068831536,-0.01511902208878402,0.0590296749882242,-0.06012024048096187,-0.06012024048096187,-0.043650793650793614,-0.043824701195219085,-1.1283538796229151,0.5555555555555556,-1.0886075949367089,2.320987654320988,-0.1270066100094429,-0.06593992986735786,-3.8632478632478633,-3.736842105263158,0.003142677561282392,-0.07885304659498216,-0.6964044491708102,0.0,-0.008563899868247682,0.0,0.026392961876832818,0.03236539624924384
95,2019-03-31,-0.021946862041271283,0.003810120305853593,-0.004500378350392298,0.005397605814450701,-0.11878062057702775,-0.06723242243097073,-2.6972281449893387,-2.6972281449893387,-2.7385892116182573,-2.7458333333333336,-23.005649717514125,0.3690476190476191,-22.378151260504197,-5.20817843866171,0.6122228231476474,0.005141597976005885,-1.1134328358208956,-1.1153846153846154,-0.11006683375104433,0.0,0.0,0.05003679175864595,-0.09900332225913623,-0.6666666666666666,0.005714285714285783,-0.0015626526027933132
96,2019-06-30,0.03365062340796343,-0.0009619134277915052,0.04442710833733399,0.008664221548928984,-0.027180627625401518,0.0629231913635584,-1.5314070351758793,-1.5314070351758793,-1.536992840095465,-1.5346062052505969,-1.0130937098844672,-0.4391304347826087,-0.6572327044025157,-1.913427561837456,-0.3468634686346863,0.004628126014939893,17.157894736842106,15.333333333333336,-0.0007040600797935115,0.12840466926070038,13.641910442109252,0.058163980378416184,-0.05825958702064892,12.5,0.014204545454545412,-0.009586227134891991
