,Quarter end,Assets,Current Assets,Liabilities,Current Liabilities,Shareholders equity,Revenue,Earnings,Earnings available for common stockholders,EPS basic,EPS diluted,Cash from operating activities,Cash from investing activities,Cash from financing activities,Cash change during period,Cash at end of period,Price,ROA,Book value of equity per share,P/B ratio,P/E ratio,Cumulative dividends per share,Equity to assets ratio,Net margin,Asset turnover,Current ratio
0,2000-12-31,0.003263871453678125,0.007925072046109483,0.06272032902467695,0.1600158040300277,0.1465486725663716,0.1387347391786904,0.15625,0.15625,0.16666666666666674,0.13333333333333353,-0.1406685236768802,1.6896551724137931,-1.1352272727272728,-4.253731343283582,-0.1687657430730478,0.059006211180124175,-0.004804679339878937,0.1704545454545454,0.6452575064625172,0.05089921954530041,inf,-0.3425238600212088,0.04844160720991364,-0.005780346820809301,-0.13110867979576954
1,2001-03-31,0.003263871453678125,0.007925072046109483,0.06272032902467695,0.1600158040300277,0.1465486725663716,0.1387347391786904,0.15625,0.15625,0.16666666666666674,0.13333333333333353,-0.1406685236768802,1.6896551724137931,-1.1352272727272728,-4.253731343283582,-0.1687657430730478,0.059006211180124175,-0.004804679339878937,0.1704545454545454,0.6452575064625172,0.05089921954530041,inf,-0.3425238600212088,0.04844160720991364,-0.005780346820809301,-0.13110867979576954
2,2001-06-30,0.1561561561561562,0.20764832022873486,-0.006910850034554272,-0.02043596730245234,-0.20808891633220128,0.1387347391786904,0.15625,0.15625,0.16666666666666674,0.13333333333333353,-0.1406685236768802,1.6896551724137931,-1.1352272727272728,-4.253731343283582,0.6606060606060606,0.1187683284457477,-0.004804679339878937,-0.21359223300970875,0.6452575064625172,0.05089921954530041,1.0,-0.3425238600212088,0.04844160720991364,-0.005780346820809301,0.2328436516264429
3,2001-09-30,0.02489177489177496,0.0245634803196213,0.0704244954766875,0.178720445062587,0.15243664717348926,-0.0721247563352827,-0.10090090090090087,-0.10090090090090087,-0.08571428571428563,-0.08823529411764708,0.6985413290113451,-0.2948717948717948,-8.554621848739496,-0.8425076452599388,0.06265206812652058,0.10747051114023587,-0.004804679339878937,0.1728395061728394,0.6452575064625172,0.05089921954530041,0.7500000000000002,-0.3425238600212088,0.04844160720991364,-0.005780346820809301,-0.13081964422504033
4,2001-12-31,0.06737064413938754,0.07221259387637202,0.052528929918086,0.05988200589970494,0.02875507442489855,0.1601890756302522,0.17835671342685375,0.17835671342685375,0.1875,0.19354838709677424,-0.35114503816793896,1.5090909090909093,-0.2547274749721913,-2.116504854368932,-0.06582713222667425,0.07337278106508882,-0.004804679339878937,0.03157894736842115,0.6452575064625172,0.05089921954530041,0.2857142857142856,-0.3425238600212088,0.04844160720991364,-0.005780346820809301,0.01165295730513094
5,2002-03-31,0.04887218045112785,0.06869612068965525,-0.03471278567016678,-0.09657667687169492,-0.17362709634988496,0.04843820733363513,0.23469387755102036,0.23469387755102036,0.2368421052631577,0.2432432432432432,-0.44852941176470573,-0.7826086956521741,-0.7104477611940299,-2.269565217391304,0.0894607843137254,0.07221609702315313,-0.004804679339878937,-0.17346938775510198,0.6452575064625172,0.05089921954530041,0.22222222222222232,-0.3425238600212088,0.04844160720991364,-0.005780346820809301,0.1829445358629369
6,2002-06-30,0.2518392756083758,-0.21451978825308796,0.03186588175070382,0.0671595810227974,-0.4321528054118583,0.17227979274611396,0.08402203856749302,0.08402203856749302,0.08510638297872353,0.06521739130434767,1.1626666666666663,68.9,-2.391752577319588,-7.801369863013699,-0.5584926884139483,0.1784061696658099,-0.004804679339878937,-0.4320987654320988,0.6452575064625172,0.05089921954530041,0.18181818181818188,-0.3425238600212088,0.01826647564469908,-0.023255813953488413,-0.26397185173062765
7,2002-09-30,-0.044002411091018656,-0.09563543003851094,0.010666005208979312,-0.0640877598152425,0.2648913805185704,-0.08545119705340698,-0.13850063532401524,-0.13850063532401524,-0.13725490196078427,-0.12244897959183675,0.5363748458692972,-0.9709108249880782,-5.707407407407408,-0.9133937562940584,-0.10955414012738852,0.01876090750436288,-0.004804679339878937,0.3043478260869563,0.6452575064625172,-0.07491120439134646,0.15384615384615374,-0.3425238600212088,0.0052761167780512866,-0.005952380952380931,-0.03368538076709282
8,2002-12-31,-0.005674653215636871,-0.033711852377572786,0.17535893974720818,0.42504626773596543,0.8116343490304709,0.09504631494160297,0.02949852507374628,0.02949852507374628,0.04545454545454541,0.046511627906976834,-0.2648475120385233,-0.21311475409836067,-0.07867820613690013,2.488372093023256,-0.4291845493562232,-0.033404710920770915,-0.013434089000839644,0.8500000000000003,0.6452575064625172,-0.09982547993019196,0.13333333333333353,-0.3425238600212088,-0.012246326102169358,-0.0059880239520958565,-0.3219052001840772
9,2003-03-31,0.08576410906785026,0.21593830334190225,-0.0010440593025683453,-0.02121212121212124,-0.1685015290519878,0.02317028319235015,0.31661891117478497,0.31661891117478497,0.3478260869565217,0.3555555555555554,-0.15829694323144106,-0.35416666666666663,-0.5029888983774551,-1.596666666666667,0.4486215538847118,-0.011962782454585708,0.0036170212765958,-0.1711711711711712,0.6452575064625172,-0.055060100814269035,0.17647058823529416,-0.3425238600212088,0.020545518951470054,-0.012048192771084376,0.24228028503562934
10,2003-06-30,0.05256241787122207,0.11356085774690428,-0.10075250836120396,-0.2262273330384785,-0.4869437293122472,0.12401150251617545,0.09793253536452662,0.09793253536452662,0.09677419354838723,0.08196721311475419,0.3307392996108949,0.4838709677419355,0.30584192439862545,0.3072625698324023,0.4048442906574394,0.12376681614349773,0.04897180411278357,-0.4891304347826088,0.6452575064625172,0.0385720147722608,0.09999999999999988,-0.3425238600212088,0.032280458174245075,0.012195121951219523,0.4390876809614861
11,2003-09-30,0.0916909418782077,0.18822891239490105,0.01952580195258013,0.028865390111460387,-0.35340501792114704,-0.02462424048608891,-0.15163528245787905,-0.15163528245787905,-0.16176470588235306,-0.1515151515151515,0.4844054580896686,-0.15217391304347827,-0.3407894736842105,3.217948717948718,1.2155172413793105,0.0638467677573824,-0.0030315278900565623,-0.3617021276595744,0.6452575064625172,-0.020150138285262686,0.09090909090909084,-0.3425238600212088,0.002689979825151401,-0.0060240963855421326,0.1548827939641264
12,2003-12-31,0.1961880559085134,0.2987902305409724,0.10978112175102606,0.20027777777777775,-0.6441241685144123,0.1498360655737705,-0.0011682242990653788,-0.0011682242990653788,0.0,0.0,-0.10439921208141822,0.4102564102564104,-0.1337325349301397,-0.09625126646403236,0.4958310172317954,0.0851462865716428,-0.058585039529698076,-0.6333333333333333,0.6452575064625172,0.02338709677419337,0.08333333333333348,-0.3425238600212088,-0.02112676056338036,-0.036363636363636265,0.08209384501602424
13,2004-03-31,0.12226471213086887,0.195079086115993,-0.017051874678993273,-0.048831289053459785,-4.102803738317757,-0.055603079555175405,0.21052631578947367,0.21052631578947367,0.21052631578947367,0.2142857142857142,-0.21994134897360704,0.7090909090909091,-1.0161290322580645,0.10986547085201792,0.3678929765886288,0.12927756653992395,-0.07751937984496116,-4.0,0.6452575064625172,0.07722616233254542,0.15384615384615374,-0.3425238600212088,-0.010277492291880795,-0.06918238993710701,0.2564550425273391
14,2004-06-30,-0.052247988641741634,-0.0372058823529412,-0.018497230640610263,0.04598540145985397,-0.3765060240963856,0.07971014492753614,0.0,0.0,0.014492753623188468,0.0,0.15695488721804507,-0.4574468085106384,-219.14285714285717,-1.3616161616161615,-0.09725618038576478,0.01591674318947045,-0.06746031746031744,-0.3636363636363637,0.6452575064625172,-0.013167520117044584,0.13333333333333353,-0.3425238600212088,-0.026652821045344388,-0.04054054054054057,-0.07954064672106388
15,2004-09-30,0.1325277139718366,0.2058958301512144,0.05036201022146503,0.09467317980925792,1.3752012882447664,0.0008389261744965459,-0.07729468599033817,-0.07729468599033817,-0.07142857142857129,-0.07352941176470595,0.2087733549959383,-0.3137254901960784,-0.8244924688932548,-4.315642458100559,0.35720734276256394,0.04700210906899671,-0.06007509386733423,1.380952380952381,0.6452575064625172,0.03854707190511486,0.08823529411764698,1.098387096774193,-0.012446657183499354,-0.049295774647887265,0.10158250705890093
16,2004-12-31,0.21340388007054667,0.2952501583280558,0.07298530157121141,0.7790055248618784,1.152542372881356,0.09416037999441174,0.28376963350785345,0.28376963350785345,0.2615384615384615,0.26984126984127,-0.04973118279569888,0.9428571428571428,-1.6156716417910446,0.3066554338668914,0.3439024390243903,0.14474820143884906,-0.00852197070572569,1.12,-0.5192168237853516,0.1134903640256959,0.10810810810810813,0.7732513451191392,0.06445804825351087,-0.06666666666666676,-0.27187649022412963
17,2005-03-31,0.1329941860465116,0.17866223352239394,0.0053849787435049645,-0.002269469660774015,0.5584251968503937,-0.0028089887640448947,-0.031810766721043986,-0.031810766721043986,-0.036585365853658465,-0.025000000000000026,0.10678925035360676,-0.19117647058823528,0.2969696969696969,0.10186976144422943,0.2819666721663092,0.06611362493715434,-0.06688154713940375,0.5566037735849054,-0.4971091000502765,-0.02564102564102566,0.09756097560975617,0.3758127438231471,-0.005412719891745521,-0.0634920634920636,0.1813344248874336
18,2005-06-30,0.1060295060936498,0.13722724632871475,0.016914113888366833,0.00945767987549373,0.297696038803557,0.1441741357234314,0.22493681550126365,0.22493681550126365,-0.3924050632911393,-0.3974358974358975,0.2083067092651758,1.5454545454545454,-1.7710280373831775,-0.10005851375073138,0.19794079794079789,0.020985616599858536,-0.04173862982153143,0.290909090909091,-0.34416395901024743,-0.014144736842105262,0.1333333333333333,0.17328292375551355,0.033673469387755166,-0.06779661016949146,0.12654192654192653
19,2005-09-30,-0.0981267760830482,-0.12599401765521268,-0.022823877287007962,-0.4001423149905123,-0.2250428282199034,-0.05752014324082366,0.008253094910591452,0.008253094910591452,0.02083333333333326,0.021276595744680767,0.061343204653622425,4.685714285714286,18.024242424242424,-2.2620286085825745,-0.20853029651912336,0.10785219399538117,0.031240612796635595,-0.2112676056338028,-0.1417682926829268,0.016349683016349648,0.0980392156862746,-0.1407089151450054,0.0635077328068443,-0.036363636363636376,0.4570004921259842
20,2005-12-31,-0.06295415085846567,-0.12203672787979968,0.08539007092198593,0.14452352708580474,-0.3782154340836013,0.12372358109712668,0.023874488403820004,0.023874488403820004,0.061224489795918435,0.04166666666666674,-0.1948181365221724,-0.3555276381909548,0.13889773813316353,0.29160226687274604,-0.34030134383059585,0.1651031894934334,0.0378677541508885,-0.36309523809523797,0.477353463587922,0.05449770190413639,0.1607142857142856,-0.3365625000000001,0.0021658415841585565,0.03773584905660377,-0.2328900147772852
21,2006-03-31,0.0310183914356299,0.010458262027001286,-0.024046001045478268,-0.04974952496113316,0.2352941176470589,-0.06973795435333896,-0.0259826782145236,-0.0259826782145236,-0.03846153846153855,-0.020000000000000014,-0.1330445544554455,-0.5633528265107213,-0.6934265734265734,-1.039489429597128,0.02037037037037037,0.1901950259438181,0.058658433904013485,0.2242990654205608,0.8686504358280731,0.12546699875466993,0.10769230769230753,0.19830428638718803,0.019759184933621388,0.03636363636363616,0.06334966151136556
22,2006-06-30,-0.2471379126730564,-0.3603688370342492,-0.008659168005713314,-0.0418105798945646,-0.9461015175300892,0.161744661517492,0.17715458276333784,0.17715458276333784,0.2,0.20408163265306126,0.30264097073518914,-5.366071428571429,4.125,-28.54545454545455,-0.5499092558983666,-0.07501503307276003,0.15509013785790038,-0.9465648854961832,-0.2444909120154416,-0.12254495159059475,0.09722222222222232,-0.9284591194968552,0.008779897063275754,0.1491228070175441,-0.3324534161490683
23,2006-09-30,0.021306692600123744,0.0005884083553986398,0.005402971634398845,-0.0034149117814455954,0.8786407766990292,-0.03109112240907308,-0.08773968622893669,-0.08773968622893669,-0.06666666666666654,-0.06779661016949146,0.3512328767123287,-1.2750511247443763,-0.7128360334698238,-1.2141547488082145,0.2616487455197132,-0.060620835364862735,0.09456047739270136,1.0,16.579518841813925,-0.11538461538461542,0.08860759493670889,0.8406593406593408,-0.02250900360144059,0.114503816793893,0.004031945413661918
24,2006-12-31,0.2964854570637119,0.4729491326080564,0.1914912673533362,0.33257186369693503,3.325581395348837,0.1907164480322907,0.7745222929936306,0.7745222929936306,0.7857142857142856,0.7454545454545451,-0.25669099756690994,-3.513011152416357,-0.17792932424054553,1.166095890410959,0.44921875,0.14446366782006925,0.1960578737680856,3.2857142857142856,-0.4277651960131281,0.1069137562366358,0.08139534883720945,2.3373134328358205,0.13632176849861846,0.0547945205479452,0.10533631940690412
25,2007-03-31,-0.01856179475195296,-0.12256712246731215,0.1576336164774863,0.10428571428571433,-1.4187574671445642,-0.011864406779661052,-0.3704235463029433,-0.3704235463029433,-0.37,-0.35416666666666663,0.010911074740862059,-0.5798816568047338,1.5196078431372548,-1.9375494071146244,-0.2906150453320264,0.018442932728647055,0.04523141654978957,-1.4333333333333331,-0.7623703703703704,-0.16258853831294262,0.08602150537634401,0.0,-0.029451499594704056,0.07792207792207795,-0.20540767134772586
26,2007-06-30,0.05673855364310487,0.04424980093277209,0.1812987012987013,0.4109961190168177,2.7931526390870185,0.10823327615780444,0.4931584948688712,0.4931584948688712,0.5396825396825395,0.532258064516129,0.5715056664867781,-3.2816901408450705,-0.523795270876983,-1.6079258010118045,0.24905008635578585,-0.003413982484785527,0.03170077155317008,2.8461538461538463,0.0,-0.051134179161860915,0.07920792079207928,0.0,0.049832962138084635,-0.01807228915662651,-0.2599138310032533
27,2007-09-30,-0.001094444086782942,-0.05163398692810461,0.18793975373790686,-0.004492527734482389,1.2922151184655886,-0.18743228602383533,-0.4772814051164567,-0.4772814051164567,-0.4639175257731959,-0.4631578947368421,0.0065247252747253634,-0.3395061728395061,0.2570710245128849,-0.1747572815533981,0.16454646017699126,-0.20971105153410785,-0.08681515200780365,1.36,0.0,-0.3018638573743921,0.07339449541284382,0.0,-0.0352691593741713,-0.05521472392638027,-0.04740406320541768
28,2007-12-31,0.10505284867233833,0.13611302549965545,0.1559853778168525,0.2425861116227665,0.2856439704675964,-0.038285714285714256,-0.07012417823228634,-0.07012417823228634,-0.03846153846153855,-0.03921568627450989,-0.2685090412828386,0.06308411214953269,-0.15849999999999995,-0.9126050420168068,0.012348610781287128,-0.1421032793064455,-0.20580380986291613,0.33898305084745783,0.0,-0.13116656993615786,0.06837606837606837,0.0,-0.14650907091808685,-0.06493506493506496,-0.08568221501621354
29,2008-03-31,-0.07453633500524902,-0.13810534829643106,-0.0033624209430790364,-0.0229765787133116,0.1523736600306278,-0.14695979401861758,-0.05184603299293011,-0.05184603299293011,-0.020000000000000014,-0.020408163265306145,-0.13759328358208955,0.15824175824175835,0.4147355912061794,-17.653846153846153,-0.2031433262960357,-0.18673110720562391,-0.09459762385115444,0.16772151898734178,0.0,-0.038076152304609256,0.08000000000000007,0.0,-0.011272141706924366,-0.08333333333333326,-0.11785568135315773
30,2008-06-30,0.04890345349130332,0.07073313782991207,-0.0014458992690176142,-0.11955697162797753,-0.08992248062015508,0.13211051776178315,0.12013256006627993,0.12013256006627993,0.12244897959183687,0.12500000000000022,-0.6657652785289345,-0.4648956356736242,-1.027719445611088,-1.4665127020785218,0.11892846629378863,0.07374392220421377,-0.2097053726169844,-0.086720867208672,0.0,0.13611111111111107,0.07407407407407396,0.0,-0.13029315960912047,-0.09090909090909094,0.21617442399876285
31,2008-09-30,0.01796443162701267,0.0054776511831726715,0.04098624406725127,0.07599517490952956,0.08761255779995136,-0.1111566858080394,-0.16420118343195267,-0.16420118343195267,-0.1454545454545456,-0.14814814814814814,1.48705501618123,-0.3404255319148937,-7.045454545454546,0.44801980198019803,0.15390686661404884,-0.0877987421383648,-0.0664160401002506,0.10682492581602364,0.0,0.09718826405867964,0.06896551724137945,0.0,0.0011235955056179137,-0.06666666666666654,-0.06560712015257464
32,2008-12-31,0.046685946998760615,-0.1184353889736326,0.06943317491596157,0.11555092889173603,0.11255314388006266,-0.06852791878172593,-0.21504424778761067,-0.21504424778761067,-0.1914893617021276,-0.15217391304347827,-0.1262199089134678,10.817204301075268,0.8395989974937343,-4.294017094017094,-0.4393524851801186,-0.3190843905129619,-0.08590604026845639,0.13404825737265424,0.0,-0.301949860724234,0.06451612903225801,0.0,-0.02469135802469136,-0.0625,-0.20968839297863665
33,2009-03-31,0.016183602120221074,0.05808923495241625,-0.016764217067707254,-0.03897781925202781,-0.06989139179404669,0.012880852117909349,0.016910935738444266,0.016910935738444266,0.0,-0.02564102564102566,0.4303797468354431,-0.9381255686988172,0.08174386920980936,-1.4971458225220549,0.3895892639284262,-0.1502632644795464,-0.09544787077826712,-0.07328605200945637,0.0,-0.10454908220271343,0.06060606060606055,0.0,-0.05485232067510537,-0.04761904761904767,0.1010674931129476
34,2009-06-30,0.03978691526552347,0.05197990888914839,-0.03604762254721838,-0.02517179563788463,-0.1812087793274949,0.10222548300317924,0.2117516629711751,0.2117516629711751,0.21052631578947367,0.21052631578947367,-0.3107756376887037,0.4705882352941178,0.17758186397984874,-0.4665970772442589,0.14954638571846646,0.2631077216396569,-0.08847402597402597,-0.18367346938775508,0.0,0.3342245989304813,0.05714285714285716,0.0,-0.040178571428571515,-0.05000000000000005,0.07912431587177493
35,2009-09-30,0.00021346995410387318,-0.004552520541860949,-0.03872984408950564,-0.07876791050494214,-0.1325762577578239,0.0024406478810738985,-0.07959743824336685,-0.07959743824336685,-0.0652173913043479,-0.08695652173913049,-0.0022658610271902857,0.54,-0.2438502673796792,-0.4148727984344423,0.07612016293279011,-0.09358490566037736,-0.05431878895814779,-0.1312500000000001,0.0,-0.05076820307281227,0.054054054054053946,0.0,-0.04143763213530649,-0.010526315789473715,0.0805680336183161
36,2009-12-31,0.06888272329527267,0.1298382598996095,0.030812547091247918,0.0280296099143309,-0.07718069721418785,0.07525453740593191,0.012922465208747623,0.012922465208747623,0.0,0.023809523809523725,0.4171082513247539,-0.04545454545454541,0.4879773691654881,0.7123745819397993,0.12112609415661235,-0.016236469608659432,0.002354048964218425,-0.07913669064748198,0.0,0.007741027445461013,0.05128205128205132,0.0,-0.01323334803705334,0.010638297872340495,0.0989674131688345
37,2010-03-31,0.0,-0.004837595024188014,-0.023890128491190318,-0.07208737864077673,-0.1065654899373144,-0.018937834499794137,0.11285574092247308,0.11285574092247308,0.11627906976744184,0.09302325581395343,-0.1233974358974359,-0.5374149659863945,0.06368821292775673,-0.560546875,0.04747837096433849,0.20947947524333466,0.03006106153123533,-0.10546875,0.0,0.18086592178770955,0.053658536585366116,0.0,0.019222172552525674,0.010526315789473715,0.0724832214765101
38,2010-06-30,-0.02276244197074828,-0.04761904761904767,-0.03456430063453275,-0.04594995204464203,-0.0766248153618907,0.002517834662190577,0.0670194003527338,0.0670194003527338,0.0625,0.08510638297872353,-0.14747105423522244,0.44852941176470573,0.0,-1.4666666666666668,-0.02115229653505235,-0.1459062281315605,0.01687186502507987,-0.06986899563318782,0.0,-0.18923713778829088,0.046296296296296065,0.0,0.012719298245613908,0.01041666666666674,-0.0017066788030493107
39,2010-09-30,0.1994687643663482,0.3556250000000001,0.08009470934030039,-0.2756351672454761,-0.3847230553889223,0.07429886982000844,0.12396694214876035,0.12396694214876035,0.13725490196078427,0.13725490196078427,0.22015725518227305,0.101522842639594,-2.064343163538874,-30.314285714285717,0.6334636756534266,-0.06595657517410891,0.01928251121076241,-0.38497652582159614,0.0,-0.0911743253099927,0.0486725663716816,0.0,0.04720658293633595,-0.030927835051546393,0.8713243674492819
40,2010-12-31,0.0818073417937144,0.031965575534040225,0.07290800514022222,0.1781478677769366,0.006174845628859282,0.0993571011104617,0.010294117647058787,0.010294117647058787,0.01724137931034475,0.01724137931034475,0.046280023432923256,7.009216589861751,-2.1469353484466835,-1.435672514619883,-0.168955524757465,0.17894736842105252,0.009678838539375343,0.03053435114503822,0.0,0.08426966292134819,0.04219409282700415,0.0,0.033498759305210964,-0.021276595744680767,-0.12406358487118585
41,2011-03-31,-0.006259103255521037,-0.002531645569620267,-0.032092154859618804,-0.0993788819875776,-0.25096899224806196,0.022682970051391086,0.13173216885007275,0.13173216885007275,0.15254237288135594,0.13559322033898313,0.12486002239641647,-0.9234752589182968,0.0622254758418741,-1.4466815809097688,0.09081261370527582,0.13913690476190488,0.02265795206971677,-0.2444444444444445,0.0,0.0540340488527018,0.04453441295546545,0.0,0.03201280512204874,-0.010869565217391351,0.10756501182033107
42,2011-06-30,0.08722864839169707,0.15191101821439235,0.004949774348522285,0.013079667063020215,-0.8874514877102199,0.04869173453474263,0.21543408360128624,0.21543408360128624,0.22058823529411756,0.22388059701492516,0.2195121951219512,1.0375939849624058,-0.9448656099241902,2.656093489148581,0.3043780403057679,0.2439581972566951,0.03664252236898169,-0.892156862745098,0.0,0.1383426966292136,0.05426356589147297,0.0,0.060100814269096414,-0.02197802197802201,0.13704564002762254
43,2011-09-30,-0.08135976098520736,-0.11865724839608582,-0.02379400260756193,-0.020070422535211296,6.049808429118774,-0.12210839391936545,-0.30846560846560844,-0.30846560846560844,-0.3012048192771084,-0.30487804878048785,-0.1004081632653061,-0.08118081180811809,28.9125,-1.3849315068493149,-0.0898241875332978,-0.1197164610133894,-0.02507192766132349,6.545454545454545,0.0,-0.2220851326341765,0.051470588235293935,0.0,-0.016459400146305758,-0.011235955056179804,-0.1006515017667844
44,2011-12-31,0.14072105659778678,0.0473529411764706,0.10332034872936367,0.3582464965864176,-0.08152173913043481,0.06738189346884993,-0.26396327467482783,-0.26396327467482783,-0.27586206896551724,-0.26315789473684204,-0.3784029038112523,7.124497991967871,-0.8942749686585876,0.11743772241992878,-0.11027862327323812,-0.02415747092156284,-0.09654300168634067,-0.0843373493975903,0.0,-0.02061855670103097,0.048951048951048966,0.0,-0.06842692450725163,-0.02272727272727271,-0.22886610596107804
45,2012-03-31,0.04113208859219086,0.07174950856500972,-0.047141896435776716,-0.10802469135802473,-1.4893491124260354,0.14053958737436067,0.8035343035343034,0.8035343035343034,0.8571428571428572,0.8095238095238095,-0.5474452554744526,-0.9327731092436976,-0.7233201581027668,-1.5806794055201698,0.0719736842105263,0.17695599022004882,-0.01213252449836677,-1.4868421052631582,0.0,0.2574898785425101,0.053333333333333455,-0.7531305903398926,0.001197604790419193,-0.023255813953488413,0.20149669612292032
46,2012-06-30,-0.010185679935880263,-0.004716363159963266,-0.017185404756863587,-0.016114681166584318,0.19830713422007265,-0.00927643784786647,-0.0057636887608069065,-0.0057636887608069065,-0.012820512820512886,0.0,1.7983870967741935,-0.09558823529411764,18.357142857142858,-0.8281535648994516,0.011537989443967113,-0.0015580368735391705,-0.046764289088332515,0.21621621621621626,-0.07445671535447096,-0.036703155183515634,0.05063291139240489,0.21014492753623196,-0.042663476874003285,0.0,0.011595547309833032
47,2012-09-30,0.23563548027936165,0.4517572726076082,0.1744641125991886,-0.012359324758842494,2.1442986881937443,0.074438202247191,0.06608695652173924,0.06608695652173924,0.07792207792207795,0.06578947368421062,0.5014409221902016,0.6422764227642277,-4.224354243542436,72.87234042553192,0.8426161873559035,0.05851755526657997,-0.0069375619425173785,2.1111111111111107,-0.1297151655119323,0.08422459893048106,0.04819277108433751,1.5479041916167664,0.02540608079966677,-0.03571428571428559,0.4699679046309035
48,2012-12-31,0.08153346257816119,0.14502674766524626,0.06756343625802508,0.1851663444907925,0.2362002567394095,0.0954248366013073,-0.12941816204458945,-0.12941816204458945,-0.14457831325301207,-0.11111111111111116,0.255662188099808,-0.7970297029702971,-1.2101167315175096,-0.6588421658986174,0.15600921962462966,0.16535626535626524,0.013972055888223478,0.22857142857142865,-0.6253869969040247,0.06350184956843408,0.04597701149425282,0.1433607520564042,0.026401299756295682,-0.012345679012345734,-0.03386507441404507
49,2013-03-31,-0.01254765331111618,-0.0021380211426534896,-0.034650630011454735,-0.13005408189544165,0.186656282450675,-0.02970034473614425,0.17676452217364158,0.17676452217364158,0.18309859154929573,0.15277777777777768,-0.3806175481504127,-0.3170731707317073,0.6993464052287581,-0.9890249050232164,0.0014811438988264758,0.014758591608686531,-0.042814960629921184,0.19186046511627894,-0.17414403778040144,-0.08521739130434791,0.0439560439560438,0.2014388489208634,-0.009101701622477143,-0.025000000000000026,0.14703440642007193
50,2013-06-30,-0.029888525260789563,-0.03078998531920807,-0.03328389202017201,-0.11476218669824355,-0.020783198424852326,0.033069144575020415,0.1969214437367304,0.1969214437367304,0.20238095238095236,0.20481927710843384,-0.17818361303060215,4.785714285714286,0.7320512820512821,-49.07692307692307,-0.07110352673492604,0.2572200290878868,0.016966580976863762,-0.009756097560975618,0.055039313795568263,0.22877059569074776,0.05263157894736836,0.009409751924721821,0.032747603833865664,-0.02564102564102566,0.09485323683152402
51,2013-09-30,0.09493187149144776,0.13898554877799166,0.1602737203878728,0.00011147029316682656,-0.3710902591599643,-0.06679894179894175,-0.18447893569844787,-0.18447893569844787,-0.16831683168316836,-0.17000000000000004,0.7081081081081082,11.580246913580249,-1.3071798667653591,-2.6168,0.12375995101041035,0.08610147083126751,-0.03134479271991919,-0.3546798029556649,0.09654471544715436,0.008767405879319234,0.0625,-0.4254237288135593,-0.005800464037122977,-0.013157894736842146,0.1388593044180837
52,2013-12-31,0.05791310627030932,0.06706922579253828,0.049218481394303286,0.2720686580472582,0.19715808170515106,0.10446491849751947,0.12398042414355626,0.12398042414355626,0.16666666666666674,0.1325301204819278,-0.039029535864978926,-0.8081452404317959,-2.8746987951807226,-0.5823849579416129,0.045992044030298114,0.11122945830797316,0.033402922755741304,0.20610687022900764,0.7222737102255177,0.10480572597137017,0.06823529411764717,0.1312684365781711,0.05250875145857648,-0.026666666666666727,-0.16117381489841998
53,2014-03-31,-0.009487838729494212,-0.007747237941255758,-0.0286348054043154,-0.09988609480417067,0.1433234421364986,-0.015400410677618104,0.05466860183841327,0.05466860183841327,0.04081632653061229,0.06382978723404252,-0.3516282473472375,1.1023017902813301,0.4273778920308484,-2.508293838862559,-0.06631935399843714,0.0835273175407365,0.009090909090909037,0.139240506329114,-0.10170403587443956,0.017121702915317002,0.06167400881057272,0.15384615384615374,0.024759793052475887,-0.013698630136986356,0.10237582654159616
54,2014-06-30,0.09950843019249313,-0.0005091995383257331,0.03542142412289806,0.06434342451085362,0.15598235141448225,0.1385557872784151,0.4642201834862385,0.4642201834862385,0.4803921568627452,0.48,0.5846501128668171,-0.6204379562043796,0.2566411526339487,-0.8829536527886881,-0.008313804262917055,0.032730949071148714,0.05005005005005003,0.17222222222222205,-0.0934504792332268,-0.013648771610555109,0.058091286307053736,0.05197740112994365,0.07068157230436345,-0.01388888888888895,-0.06092414995640805
55,2014-09-30,0.043266619312246624,0.039941582039873635,0.0966642440039096,-0.04728370221327971,-0.4371351594072743,-0.06571265025758444,-0.3258145363408521,-0.3258145363408521,-0.3245033112582781,-0.32432432432432434,-0.10327635327635333,3.2051282051282053,-1.3862414905051952,-11.973154362416107,0.09199347324593488,0.11747430249632895,-0.012869399428026562,-0.4312796208530806,-0.04669603524229071,-0.008763837638376404,0.05490196078431375,-0.4607948442534908,-0.0016840687100033724,-0.014084507042253502,0.09154040404040398
56,2014-12-31,-0.06502192762881231,-0.12263627159606785,0.05720096896567495,0.15167514639531546,-1.7491025129637017,0.07523587795613285,0.09804832713754652,0.09804832713754652,0.11764705882352923,0.1299999999999999,0.2263701350277998,1.4413109756097562,-7.225417439703153,-5.4116207951070345,-0.3716508656224238,0.04303547963206311,0.01545147271849334,-1.7333333333333334,0.8341035120147873,0.002791996277338393,0.052044609665427455,0.0,0.0003373819163292602,0.014285714285714237,-0.23818596264416705
57,2015-03-31,0.06575283786678088,0.1313653960690888,0.10723935928752072,-0.05126281570392599,0.9898828541001066,-0.013561253561253594,-0.02623783326280149,-0.02623783326280149,0.0,-0.01769911504424759,-0.1522020725388601,-0.8460817983140806,-1.1846222619579794,-1.4026064051018994,0.23813038130381314,-0.002204724409448744,-0.0199714693295292,1.1022727272727275,0.0,-0.0431554524361949,0.06007067137809185,0.0,-0.016863406408094472,0.0,0.1925241157556272
58,2015-06-30,0.0047226688102894885,0.008126871319053652,-0.003767912225215775,-0.011772974872605868,-0.1137275889751137,0.060651571164510136,0.1373315949587135,0.1373315949587135,0.14035087719298267,0.15315315315315314,0.27043544690603505,-0.13793103448275867,-3.2719935431799843,-0.9011707988980716,0.01900788131664344,0.1232112794612794,-0.06792819019893259,-0.10810810810810824,0.0,0.09699321047526666,0.056666666666666636,0.0,-0.06929674099485418,0.0,0.020110099988765118
59,2015-09-30,-0.0453245324532453,-0.06589425587467368,-0.01759783652432934,-0.06632290184921763,0.41878019323671506,-0.0906219366082126,-0.11501719526175015,-0.11501719526175015,-0.10769230769230777,-0.10937500000000012,-0.1007215874924835,-1.2423529411764709,0.26074600355239785,-3.35191637630662,-0.04387105160535554,-0.016955503512880554,0.029151483602290362,0.4424242424242424,0.0,0.026525198938991856,0.05362776025236582,0.0,0.01179506081828241,0.014084507042253502,0.00047723935389143435
60,2015-12-31,0.07343543757464023,0.13311903846825768,0.08842831780734484,0.16025518948771664,0.20238348584805288,0.037130195232962133,-0.05915371329879104,-0.05915371329879104,-0.05172413793103437,-0.0350877192982455,-0.13039117352056173,-2.0194174757281558,-1.1451112989574528,-5.241481481481482,0.1946162735368091,-0.051648561082523366,-0.041476985331309946,0.2184873949579833,0.0,-0.08010335917312661,0.050898203592814266,0.0,-0.016029143897996367,-0.02777777777777779,-0.023373573551535576
61,2016-03-31,-0.0016590545340984253,-0.04865714902408192,0.001832710211861377,-0.05465736561345913,0.029380530973451387,-0.05751241482850211,-0.15374024782010098,-0.15374024782010098,-0.13636363636363644,-0.15454545454545454,-0.08765859284890433,9.323809523809524,-7.586407766990291,-1.6332518337408313,-0.10316376465232736,-0.111434887459807,-0.0554089709762533,0.031034482758620863,0.0,-0.10580524344569277,0.04843304843304863,0.0,-0.034801925212884166,-0.014285714285714348,0.006311992786294018
62,2016-06-30,-0.013685507048036172,-0.017891290960360462,-0.009512659154105041,-0.004774720027780233,0.031636863823933936,0.13821835559367734,0.3855748373101953,0.3855748373101953,0.3894736842105264,0.3978494623655913,0.2284028655710071,-1.932656826568265,-0.1639150943396226,-1.5416436845008272,0.0623056912632447,0.06864186362094292,-0.00893854748603351,0.04347826086956519,0.0,0.1120418848167537,0.05027173913043481,0.0,-0.009973149213655552,0.0,-0.013179510155316598
63,2016-09-30,-0.005074431604194296,-0.004356291871555396,-0.006870567375886538,0.2233949755757152,-0.0591666666666667,-0.012703197330175442,-0.0007827788649706903,-0.0007827788649706903,0.007575757575757569,0.007692307692307666,0.12452830188679245,-0.9515331355093968,-0.08392101551480957,-0.2688391038696538,0.04288359314340329,0.0678306878306878,0.014092446448703557,-0.054487179487179516,0.0,0.06261770244821108,0.04786545924967656,0.0,0.0027121270825261057,0.014492753623188468,-0.1861450569407136
64,2016-12-31,0.0613631382862152,0.07829228678444755,0.1817674626199508,0.731336898395722,1.1700620017714791,0.027259840802529745,-2.678809244026636,-2.678809244026636,-2.6917293233082704,-2.7175572519083966,0.12721171446003665,20.306122448979593,-0.5103926096997691,3.2534818941504176,0.17490407193173366,0.010008918838569024,-0.7109505280711507,1.176271186440678,0.0,-0.02658396101019056,0.04938271604938271,0.0,-0.714064914992272,0.0,-0.37720236158244624
65,2017-03-31,0.020385561166069044,0.07143954996772317,-0.03060774871746452,-0.4136397331356561,-0.2431836734693877,0.03513427449315354,-1.8063462435837607,-1.8063462435837607,-1.8044444444444443,-1.7911111111111107,-2.3867388362652235,-0.8218390804597702,-5.352987421383649,-0.7442698100851343,0.038069705093833665,0.018151491365776984,0.5807692307692307,-0.24454828660436145,0.0,2.6613563950842063,0.044705882352941366,0.0,0.5364864864864864,0.02857142857142869,0.8272747630066435
66,2017-06-30,0.20243197998491505,0.3080189355903027,0.1369620623041834,-0.13105773282764432,-0.2667457663682451,0.02594339622641506,-0.09664351851851848,-0.09664351851851848,-0.09944751381215478,-0.0955056179775281,-1.9069086651053864,0.14516129032258074,0.12678345674553015,13.74135723431498,0.5406179564237414,0.1266261925411969,0.05596107055961075,-0.2659793814432989,0.0,-0.3208602685231228,0.04279279279279269,0.0,0.1108179419525066,-0.04166666666666674,0.5053104575163399
67,2017-09-30,0.2705812156724752,-0.5001425719988595,0.20815842828178988,0.6025703200775945,-0.4570461900558988,0.06236881559220396,0.016335682254964734,0.016335682254964734,0.018404907975460242,0.012422360248447006,-0.15988809984936514,-162.8450704225352,0.15258855585831066,-3.013463041778859,-0.7065439361150904,0.1182961252245318,-0.016129032258064502,-0.4578651685393259,0.0,-0.023247300018305,0.04103671706263512,0.0,0.08709422011084733,-0.10144927536231874,-0.6880868385345997
68,2017-12-31,0.034834856530481906,0.13238843301592884,0.02923762364536686,0.04065163665708371,-0.1121647250067732,0.096528365791702,-0.9196344153797668,-0.9196344153797668,-0.9156626506024096,-0.9202453987730062,0.03688524590163933,-0.996344965625272,-1.4025865665415105,-1.0468918510849403,0.11289987536352307,0.1213094691754626,0.6229508196721312,-0.11398963730569946,0.0,-0.008245877061469177,0.03941908713692932,0.0,0.7334304442825927,-0.06451612903225812,0.08813293892465635
69,2018-03-31,0.04884689674431586,0.0923041153220181,-0.013216061361105091,-0.06901565453399894,-1.6093988404028077,-0.033290433290433234,13.623529411764705,13.623529411764705,12.928571428571427,13.769230769230768,-0.032855731225296385,0.4682539682539682,-0.370293609671848,0.8932842686292548,0.1920671955202986,0.08178717598908603,-0.08585858585858586,-1.6081871345029242,0.0,-0.4181783824640968,0.04391217564870265,-0.5577689243027888,-0.008403361344537784,-0.06896551724137923,0.17326297273526836
70,2018-06-30,-0.029110272908808518,0.00741450262523058,-0.03519897602978828,-0.04008537664636369,0.21632448673009508,0.04295730895535632,0.008849557522123908,0.008849557522123908,0.00512820512820511,0.01041666666666674,-0.014559386973180044,0.4486486486486487,0.5650027427317608,-0.8192419825072886,0.02912393329679785,0.05958761586480854,-0.005524861878453136,0.22115384615384606,1.0355253212396072,0.0318285157518674,0.042065009560229294,0.2522522522522521,0.021186440677966045,-0.03703703703703709,0.04954341011312535
71,2018-09-30,-0.035707756295991544,-0.113920484558228,-0.05529759392148581,-0.011009273821790731,0.647179909427748,-0.0802484894902562,-0.17543859649122806,-0.17543859649122806,-0.17346938775510198,-0.18041237113402053,-0.2034733022291343,1.5559701492537314,0.7967052225727305,-8.518817204301076,-0.21278052491441607,0.05647464889312071,-0.010317460317460279,0.6456692913385826,-0.13485579898502298,-0.005665722379603388,0.04036697247706411,0.7050359712230216,-0.010373443983402451,0.0,-0.10408415037984553
72,2018-12-31,0.12881705395125076,0.34603767586042444,0.13235031277926712,0.15074577758280314,0.1494626343414147,-0.01915247964470768,-0.1931012250161186,-0.1931012250161186,-0.1913580246913581,-0.18867924528301894,0.2251871135698016,3.2715328467153286,-2.109442060085837,-3.3246335359313552,0.6283339775802088,-0.1573818509547682,0.17562149157979154,0.15311004784689008,-0.4880177408970599,-0.1513137068692625,0.03880070546737202,0.018987341772152,0.2360587002096437,-0.03846153846153855,0.16973474416582124
73,2019-03-31,-0.0008502865780689595,-0.1442321887271546,0.036461210638465864,-0.04426971646414102,-0.7321156773211568,0.07735119328365259,0.4898122253296045,0.4898122253296045,0.4961832061068701,0.4961240310077519,-0.024966799468791545,-0.9753930280246068,-2.492526815544224,-1.7511534912334668,-0.28985163204747777,0.06437596095995722,-0.013642564802182844,-0.7302904564315353,-0.0768478412742769,-0.11898545318910847,0.0424448217317488,-0.7329192546583851,-0.0033921302578019397,-0.020000000000000014,-0.10458488228004957
74,2019-06-30,0.007722129416585233,0.08839359646701639,-0.019166548824661955,-0.08261866773035498,1.863636363636364,0.06260397513352589,-0.16787342451059262,-0.16787342451059262,-0.16326530612244905,-0.16062176165803102,0.05529828384636337,5.333333333333333,-0.6027332704995287,-1.014946764946765,-0.0005849908072873554,0.19689737470167068,-0.07192254495159056,1.8615384615384616,3.437414863024067,0.1951735817104148,0.04071661237785018,1.8527131782945732,-0.0585432266848196,0.0,0.1863409908663161
