,Quarter end,Assets,Current Assets,Liabilities,Current Liabilities,Shareholders equity,Revenue,Earnings,Earnings available for common stockholders,EPS basic,EPS diluted,Cash from operating activities,Cash from investing activities,Cash from financing activities,Cash change during period,Cash at end of period,Price,ROE,ROA,Book value of equity per share,P/B ratio,P/E ratio,Cumulative dividends per share,Equity to assets ratio,Net margin,Asset turnover,Current ratio
0,1993-12-31,0.09808292465448054,0.1234922458357266,0.2351351351351352,0.2351351351351352,0.0710090763481046,0.10186005314437564,-0.11418685121107265,-0.11418685121107265,-0.11578947368421055,0.19047619047619047,0.19385342789598115,0.16228070175438591,91.0,0.6169154228855722,0.21135646687697165,0.0,0.05400065854461622,0.02447552447552437,0.07317073170731714,-0.029185867895545226,-0.1528905876731963,inf,-0.0245508982035928,-0.00286064568859834,0.032258064516129004,-0.0903855145152378
1,1994-03-31,0.09808292465448054,0.1234922458357266,0.2351351351351352,0.2351351351351352,0.0710090763481046,0.10186005314437564,-0.11418685121107265,-0.11418685121107265,-0.11578947368421055,0.19047619047619047,0.19385342789598115,0.16228070175438591,91.0,0.6169154228855722,0.21135646687697165,0.0,0.05400065854461622,0.02447552447552437,0.07317073170731714,-0.029185867895545226,-0.1528905876731963,inf,-0.0245508982035928,-0.00286064568859834,0.032258064516129004,-0.0903855145152378
2,1994-06-30,0.08871295168493698,0.10224948875255624,-0.0010940919037198962,-0.0010940919037198962,0.10917248255234302,0.0,0.0,0.0,0.0,0.19047619047619047,0.19385342789598115,0.16228070175438591,91.0,0.6169154228855722,0.2821180555555556,0.041198501872659055,0.05400065854461622,0.02447552447552437,0.09090909090909084,-0.029185867895545226,-0.1528905876731963,inf,0.018784530386740217,-0.00286064568859834,0.032258064516129004,0.10345552674002943
3,1994-09-30,0.051090807383926906,0.05612244897959173,0.3220153340635268,0.09967141292442494,-0.0044943820224718775,0.002411575562700996,0.234375,0.234375,-0.3928571428571428,0.19047619047619047,-0.2277227722772277,0.5660377358490567,-2.3260869565217392,-1.4646153846153849,-0.1022342586323629,-0.10431654676258983,0.05400065854461622,0.02447552447552437,0.0,-0.17879746835443033,-0.1528905876731963,inf,-0.05290431429260056,-0.00286064568859834,0.032258064516129004,-0.0395943170509645
4,1994-12-31,0.05747738158594995,0.03118137900746598,0.2576636288318144,0.09163346613545807,0.00293453724604964,0.18845228548516446,0.1803797468354431,0.1803797468354431,0.17647058823529416,0.19047619047619047,0.14102564102564094,0.5180722891566265,0.8032786885245902,1.7086092715231789,-0.30844645550527905,0.02008032128514059,0.05400065854461622,0.02447552447552437,0.0,0.019267822736030785,-0.1528905876731963,inf,-0.05166051660516613,-0.00286064568859834,0.032258064516129004,-0.05538040962102342
5,1995-03-31,0.10585472236201987,0.12585178875638836,0.09486166007905128,0.08120437956204385,0.10961062345262218,0.07085020242914973,0.06166219839142095,0.06166219839142095,0.05000000000000005,0.19047619047619047,0.4449438202247191,-0.30000000000000004,-1.2727272727272727,-1.704156479217604,0.3140676117775354,0.03149606299212593,0.05400065854461622,0.02447552447552437,0.10416666666666674,0.032136105860113506,-0.1528905876731963,inf,0.003488528109486077,-0.00286064568859834,0.032258064516129004,0.04128643779027708
6,1995-06-30,0.09375,0.06298467940230745,0.054151624548736566,0.13670886075949373,0.08174442190669362,0.021424070573409004,-0.07070707070707072,-0.07070707070707072,-0.07936507936507943,0.19047619047619047,-0.20373250388802489,-1.2494331065759636,1.4,1.6284722222222223,0.6282157676348548,0.14122137404580148,0.05400065854461622,0.02447552447552437,0.05660377358490565,0.03296703296703285,-0.1528905876731963,inf,-0.010964032624682374,-0.00286064568859834,0.032258064516129004,-0.06486462255693015
7,1995-09-30,0.13176144244105406,0.14181494661921712,0.3105022831050228,0.3058648849294729,0.07612975810988187,0.24367674275138795,0.3559782608695652,0.3559782608695652,0.3448275862068968,0.19047619047619047,-0.0234375,-6.3090909090909095,-0.8125,-1.0739762219286657,-0.028542303771661563,1.0301003344481603,0.05400065854461622,0.02447552447552437,0.08928571428571419,0.9219858156028368,-0.1528905876731963,inf,-0.049209138840070284,-0.00286064568859834,0.032258064516129004,-0.12561718038444947
8,1995-12-31,0.11593137254901965,0.10690353747857252,0.21994773519163768,0.27401932916429783,0.076842655514898,0.08878968253968256,0.1523046092184368,0.1523046092184368,0.15384615384615374,0.19047619047619047,1.8019999999999998,0.2482876712328768,-10.444444444444443,-8.446428571428571,0.2187827911857292,-0.054365733113673764,0.03530146829115899,0.009385665529010323,0.06557377049180335,-0.13191881918819182,-0.1528905876731963,inf,-0.03497796104080775,0.01516393442622954,0.0,-0.13116416764891314
9,1996-03-31,0.053151768065011984,0.08348585104885252,0.024634059264548425,0.010263275323516341,0.06715210355987056,0.004555808656036442,-0.022608695652173938,-0.022608695652173938,-0.022222222222222254,0.19047619047619047,-0.3540328336902213,-0.5541838134430728,-1.215686274509804,0.4724220623501199,0.2643133878605253,0.017421602787456303,0.014182257091128747,-0.005494505494505475,0.06153846153846133,-0.04569606801275239,-0.08826847151720253,inf,0.01326064535140703,0.006459426725877959,-0.02083333333333337,0.0724697122665321
10,1996-06-30,0.052450469238790376,0.01858108108108114,0.0662020905923344,0.07111307420494706,0.0474601971190296,0.0226757369614512,-0.005338078291814985,-0.005338078291814985,-0.011363636363636355,0.19047619047619047,0.008839779005524795,2.1753846153846155,-5.218181818181818,-1.5472312703583062,-0.11440245148110315,0.20719178082191791,0.027670336209461462,0.009774755631109187,0.04347826086956519,0.13808463251670378,0.1110423755026293,inf,-0.0047986040424603535,0.015242679502607269,0.0,-0.049039508134027576
11,1996-09-30,0.06410383434063216,0.05013394565633367,0.09084967320261428,0.09814432989690712,0.05341632889403592,0.017738359201773912,0.09838998211091243,0.09838998211091243,0.09195402298850563,0.19047619047619047,-0.14238773274917849,-1.0038759689922478,0.6206896551724137,-2.2410714285714293,0.1603229527104959,0.09078014184397176,-0.007817023740590567,-0.015993265993266004,0.05555555555555558,0.04500978473581197,-0.0013919821826281489,inf,-0.009935710111046214,0.019755037534571415,-0.03191489361702116,-0.04371094475035586
12,1996-12-31,0.19050279329608946,0.26846452866861026,-0.05811863391252248,0.1806233571160345,0.3249965645183455,0.16775599128540294,0.20684039087947886,0.2052117263843649,-0.4,0.19047619047619047,0.5555555555555556,-503.75,-3.3191489361702127,-0.8129496402877698,0.025844930417495027,0.2314694408322497,-0.05048147067405884,-0.0196749358426006,0.3157894736842106,0.16666666666666674,0.17340395873989434,inf,0.1128984651711924,0.016272762495156856,-0.04395604395604402,0.07437000614628153
13,1997-03-31,-0.013530423901141895,-0.0208772265849454,0.10655216284987268,0.10655216284987268,-0.052686164696121085,0.1970149253731344,0.4062078272604588,0.3986486486486487,0.38596491228070173,0.19047619047619047,0.32840722495894914,-1.3137742416708105,-2.6777522935779814,8.692307692307693,0.2441860465116279,0.2164730728616684,0.0995697602950214,0.11605584642233867,-0.05000000000000005,-0.07544141252006431,0.14041339985744816,inf,-0.039649913804535315,0.0766298131910026,0.034482758620689724,-0.11513910634710345
14,1997-06-30,0.14064853722349954,0.01457355242566516,0.037654498419085865,0.037654498419085865,0.17987738121305008,-0.010286783042394054,0.01439539347408836,0.021256038647343045,0.0,0.19047619047619047,-0.3386897404202719,-3.7147385103011095,-1.3185235816814764,-1.1931216931216928,-0.03790238836967808,0.2196180555555556,0.04611514812744555,0.06880375293197782,0.16842105263157905,0.28385416666666674,0.03166666666666673,inf,0.03438276719138367,0.07436260623229463,0.0,-0.022253981216823204
15,1997-09-30,0.06804754292069237,0.04482791863491764,0.08088642659279778,0.08088642659279778,0.06374686833070431,-0.014173228346456734,-0.3727530747398297,-0.3793755912961211,-0.3670886075949368,0.19047619047619047,0.5700934579439252,-0.3047285464098074,-1.5021459227467813,-2.636986301369863,0.0644900161899622,0.21921708185053368,-0.09110339300026726,-0.07059253840526691,0.07207207207207202,0.04327248140635565,0.054321486268174464,inf,-0.004004805766920304,-0.0570204350692155,-0.022222222222222254,-0.033375095705436175
16,1997-12-31,0.09592607054535997,0.07362982100018445,0.1522296258329061,0.1522296258329061,0.07676203768318213,0.14536741214057505,0.7088989441930618,0.7271341463414633,-0.06000000000000005,0.19047619047619047,-0.00952380952380949,1.261964735516373,0.3504273504273505,-6.7029288702928875,-0.34550063371356143,-0.03444249854057213,0.043797766019988416,0.03541912632821731,0.05042016806722693,-0.09915748541801683,-0.04366979505841795,inf,-0.0175579681007908,0.03565186997553305,0.0,-0.06819081908190816
17,1998-03-31,0.1606294536817101,0.18038844963905126,0.08296263345195731,0.08296263345195731,0.18891769280622173,0.05271966527196659,0.18005295675198596,0.17387466902030013,0.17021276595744705,0.19047619047619047,0.2632211538461537,-0.4699331848552338,-3.759493670886076,-2.121056493030081,0.5917893106119287,0.1571946795646917,-0.045057730216840335,-0.036868110984416565,0.19199999999999995,0.1014388489208633,0.050270378529941866,inf,0.0244201909959072,0.03138710766115405,-0.05681818181818187,0.08995015648545279
18,1998-06-30,0.14387311332821695,0.15682562795777222,0.17683302526186084,0.17683302526186084,0.13293813028073045,0.05855855855855863,0.014958863126402376,0.020300751879699156,-0.036363636363636376,0.0,-0.31779257849666986,0.3718487394957983,-0.7339449541284404,-1.1773560209424083,-0.06593673965936743,0.24346917450365724,-0.04187555293423762,-0.04380426203630639,0.12080536912751685,0.04310907903331152,0.15999237223493526,inf,-0.009588493807431098,0.011125654450261813,-0.060240963855421666,-0.017015846006593668
19,1998-09-30,0.14366864963993375,0.19353011517401986,0.12478184991274001,0.12478184991274001,0.15017742226499076,-0.0105131414267835,0.2402358142962417,0.2350773765659544,0.28301886792452824,0.24,0.8019525801952581,-0.0444104134762634,1.6767241379310347,-5.988929889298892,0.3521750455847876,0.12478991596638656,0.07787011388119414,0.07882789929839062,0.14970059880239514,0.003757044458359449,0.035508795002465954,inf,0.005647438483259437,0.1621359223300971,-0.06410256410256421,0.06112733960835226
20,1998-12-31,0.1752121709883061,0.15002109259649865,0.1591931730023275,0.1591931730023275,0.1806107508889354,0.24917783961548198,0.17825311942959,0.18317422434367536,0.1617647058823528,0.17741935483870974,-0.1675696594427245,0.09401709401709413,0.2560386473429952,-0.3180473372781065,0.17761510306299355,0.12215166230855436,-0.007138777841233623,-0.001912777352716111,0.16666666666666674,-0.023705552089831602,-0.07842514684870627,inf,0.004679770022730345,0.06070732386521871,-0.06849315068493145,-0.007884719956498087
21,1999-03-31,0.1168757695763587,0.10312256407904984,0.04925712755989831,0.04925712755989831,0.13925059792718586,-0.12292426083434592,-0.033282904689863835,-0.033282904689863835,-0.5189873417721519,-0.5205479452054795,0.2477917247791725,0.81787109375,0.4717948717948719,-0.9023861171366594,0.014722722067724625,0.3535286284953394,-0.05119355766465339,-0.045994633959371416,0.125,0.15974440894568676,0.1772609819121449,inf,0.019962736225711986,0.05723286951955898,-0.08823529411764708,0.05131542888462581
22,1999-06-30,0.10711838145466457,-0.15899077230027436,0.11213164944508236,0.11213164944508236,0.10559054505870467,0.5065804664049873,0.14866979655712045,0.14866979655712045,0.10526315789473673,0.11428571428571432,-0.027198211624441138,-0.047005103411227545,-1.2648083623693378,-14.644444444444444,-0.19796872481057548,0.052139695031972584,-0.016368596544407477,-0.009642426677380578,0.0992063492063493,-0.06446280991735531,-0.029411764705882467,inf,-0.0013048016701461276,-0.021852495654333337,0.016129032258064502,-0.2437927663734114
23,1999-09-30,0.06771450102271515,0.08550387980032625,-0.04427621013994032,-0.04427621013994032,0.10204655742316616,-0.17486590038314176,-0.004995458673932807,-0.004995458673932807,0.023809523809523725,0.02564102564102577,-0.2378399080811949,-0.12063134160090196,-4.042763157894736,-0.8485342019543973,-0.03738693467336685,0.06568489948574108,-0.05423728813559325,-0.04178498985801216,0.09747292418772567,-0.03062426383981154,-0.028493894165535938,inf,0.032140057486281785,-0.0058390454430057295,-0.04761904761904767,0.13581523612547386
24,1999-12-31,0.13664549304295215,0.00259527386968994,0.2606817090734517,0.2606817090734517,0.10366943203573696,0.13521545319465078,0.11182108626198084,0.11182108626198084,0.09302325581395343,0.09999999999999988,0.07939698492462323,-0.9560897435897436,-2.9124324324324324,-2.306451612903226,0.05074128210482365,0.12042114498793575,-0.05083088954056692,-0.04741744284504657,0.09210526315789468,0.020656136087484844,0.05338299193047802,inf,-0.028987341772151894,-0.000766087844739638,-0.033333333333333326,-0.2047420333839152
25,2000-03-31,0.12866742066396109,0.14518619436875554,0.057025894897182024,0.057025894897182024,0.1504235450576772,-0.07460732984293195,-0.02093596059113301,-0.02093596059113301,-0.021276595744680767,-0.02272727272727271,0.056331471135940385,30.649635036496353,-2.2340305257207462,-0.34156378600823045,0.031796502384737746,0.011942051683633492,-0.05698592516306211,-0.05200000000000005,0.13855421686746985,-0.07321428571428579,-0.03609310548025912,inf,0.019163081736409904,-0.005366726296958779,-0.05172413793103437,0.08343271478318948
26,2000-06-30,0.024658610865507358,0.2018876154974818,-0.028911105106727893,-0.12140862829865805,0.039605950944913586,0.026166902404526127,0.010062893081761004,0.010062893081761004,-0.021739130434782598,0.0,2.3292199206698987,-0.0004612546125460914,-2.6174988547869904,-3.1625,-0.06664098613251157,-0.24124588895337584,-0.06734619585001822,-0.05954055321143925,0.021164021164021163,-0.3333333333333333,-0.2778541953232463,inf,0.014709644410334953,0.054470709146968055,-0.10909090909090913,0.3679552659387109
27,2000-09-30,0.07553211888782352,0.03579912894285342,-0.0033388981636059967,-0.04602767811378783,0.09608876426223167,-0.0006891798759476321,-0.08426733084267335,-0.08426733084267335,-0.06666666666666676,-0.06976744186046502,-0.6081546200688377,-0.09183202584217807,-0.632965165675446,5.372832369942198,-0.4550144449030128,-0.09280979092299846,-0.08548009367681486,-0.07876370887337991,0.10103626943005196,-0.11175337186897882,-0.1140740740740741,inf,0.019034413210639037,-0.016325536062378077,-0.061224489795918324,0.0857768193376034
28,2000-12-31,0.028561750075772437,0.11540789347943806,0.04866927228736273,0.03427895981087481,0.0237963963566592,0.1353448275862068,0.18948322756119684,0.18948322756119684,0.16666666666666674,0.17499999999999982,-0.030743243243243287,-0.9319105691056908,0.2623456790123457,-1.403628117913832,0.3369935630443015,-0.21051152332771214,-0.04993597951344442,-0.03950216450216448,0.0235294117647058,-0.2830802603036876,-0.2104634495938844,inf,-0.00457694210786741,-0.00024770869457513284,-0.0434782608695653,0.07843718503586873
29,2001-03-31,0.03317675200637882,0.07919236920265016,0.02182979856242784,0.01194805194805193,0.035931239498513616,-0.01958997722095668,-0.06592987804878048,-0.06592987804878048,-0.061224489795918324,-0.06382978723404252,0.3990937608922969,7.884328358208956,-0.3746943765281173,-0.30561797752808983,0.17502124044180126,-0.03809184763260953,-0.03908355795148244,-0.031549295774647816,0.027586206896551783,-0.06051437216338884,-0.05476550680786685,inf,0.002609668199328841,-0.02576808721506452,0.0,0.06646509070918083
30,2001-06-30,-0.00583843637278747,0.04890311995554253,0.039339991315675116,0.14291581108829576,-0.01665626949469745,-0.00015489467162332904,-0.9734802121583028,-0.9734802121583028,-0.9782608695652174,-0.9772727272727272,-0.10837070254110616,-0.0974380512389752,0.5943304007820136,-1.367313915857605,-0.05471197879006995,0.16247224278312355,-0.26601215521271626,-0.2652705061082025,-0.020134228187919437,0.13204508856682784,0.1555697823303459,inf,-0.010907288051561714,-0.2614445574771109,-0.02272727272727271,-0.0822722820763957
31,2001-09-30,0.03560760754003756,0.11844993314327512,0.07469919786096257,0.15540783327344587,0.025714225295523363,-0.05096824167312164,18.73846153846154,18.73846153846154,23.0,22.0,-0.05308745459625597,0.6142391810144252,-0.5499693439607602,2.563876651982379,-0.20627231004589494,-0.02674307545367716,-0.14012738853503182,-0.1448931116389548,0.022831050228310668,-0.007112375533428139,0.2831024930747923,inf,-0.00952380952380949,-0.13670798898071634,0.0,-0.03198899061955851
32,2001-12-31,0.06550752032851538,0.08246864567355416,0.07596019281604738,-0.10068418597418748,0.06273580043294502,0.2636304276852759,0.7794232268121591,0.7794232268121591,0.75,0.7826086956521738,0.05193272351726175,-0.5157105794176996,-1.3460490463215258,-3.6489493201483314,0.6884034693221972,-0.008177952240758901,-0.07777777777777782,-0.08333333333333326,0.06249999999999978,-0.03008595988538698,0.13838514680483582,inf,-0.002530364372469673,-0.09413641802951732,0.023255813953488413,0.20367307859691874
33,2002-03-31,0.04575833116674577,-0.0033550054180211397,0.01734229351831784,0.02377453099334304,0.05338713432140918,-0.0640744089910864,0.19929916776171708,0.19929916776171708,0.2142857142857144,0.19512195121951212,0.15596072931276295,1.3785714285714286,-1.9881889763779528,-1.0653289780681288,-0.026636225266362223,0.054089709762533016,0.014457831325301209,0.011111111111111072,0.05252100840336138,-0.00886262924667647,0.11208040963398448,inf,0.007229832572298367,0.017173051519154603,-0.02272727272727271,-0.026490225853881832
34,2002-06-30,-0.010719665394346212,0.01566061011562514,0.09851551956815108,0.07616956595169744,-0.03904235727440142,0.0011042097998619216,-0.44302410518626734,-0.44302410518626734,-0.4509803921568627,-0.4285714285714285,-0.16670710992477555,-0.5745745745745745,14.302788844621515,14.0,-0.4104769351055512,-0.14737171464330412,0.20031670625494868,0.1908091908091909,-0.031936127744511045,-0.18926974664679572,-0.1846862210095498,inf,-0.028585820425639175,0.1948051948051948,0.0,-0.05622957314053678
35,2002-09-30,0.038272772965141984,0.03020009881422925,0.08101642312168633,0.0794883866917766,0.025603679570716853,0.06797187370743152,0.7875409836065574,0.7875409836065574,0.8214285714285714,0.7857142857142856,0.7973209085614443,-0.4723529411764706,-0.2298880499869825,-2.105714285714286,0.7698938992042441,-0.10348623853211014,0.15633245382585748,0.14513422818791955,0.030927835051546507,-0.07352941176470595,-0.2752562225475843,inf,-0.012185636505055664,0.1202898550724636,0.023255813953488413,-0.0456751580659549
36,2002-12-31,0.03024133266889728,0.057710369082588864,-0.010287696632573671,-0.010176637348259021,0.042903057029673335,0.10263361735089084,-0.06382978723404252,-0.06382978723404252,-0.058823529411764726,-0.06000000000000005,-0.5516850291639663,1.2508361204013378,-0.8069641649763354,-0.9078380706287684,0.040089921318845916,0.044207941056078726,0.00855675984027382,0.00366300366300365,0.04400000000000004,0.011904761904761862,-0.12352092352092348,inf,0.012204724409448751,0.0022639068564036524,0.0,0.06858917967890933
37,2003-03-31,0.029339819511049026,0.032891878105458135,-0.020970568683144952,-0.03348755232430045,0.04425571561671315,-0.08266011005737027,0.09482758620689656,0.09482758620689656,-0.4583333333333333,-0.44680851063829785,0.5066859414528371,1.0837048043585935,1.1208406304728546,-6.850467289719626,-0.22550432276657065,0.005096040768326039,-0.011877828054298713,-0.016058394160583966,0.04022988505747116,-0.03725490196078418,-0.029634507737899333,inf,0.01452093867496429,-0.012907389480477538,0.0,0.0686887396773943
38,2003-06-30,0.06832523294218729,0.07866915422885579,0.1451234567901234,0.061773421472532515,0.0469784839229952,0.029355456285896638,-0.3124552612741589,-0.3124552612741589,-0.3076923076923077,-0.3461538461538461,-0.3550011993283761,-0.9786070834323746,-0.6011560693641618,-2.707667731629393,0.4972093023255815,-0.02418096723868957,0.0005724098454493731,-0.0007418397626114404,0.03867403314917128,-0.06109979633401219,-0.040719375636240174,0.0,-0.019936102236421616,0.015037593984962294,-0.02272727272727271,0.015911990563539646
39,2003-09-30,0.05919241934875762,0.03284553948417068,-0.05121017734892997,0.08043509374552738,0.09275647328744664,0.018598884066955982,0.3607496095783447,0.3607496095783447,0.3333333333333333,0.4117647058823528,0.2733358125697285,40.64444444444445,-0.2753623188405797,-1.313376987839102,-0.10406958682820756,0.10911270983213428,-0.06464530892448518,-0.0556792873051224,0.09397163120567376,0.06724511930585675,0.07286876547576937,0.0,0.0316860086060764,-0.02544283413848636,-0.023255813953488413,-0.04405004502156296
40,2003-12-31,0.019648556614183518,0.024462321457888736,-0.05721265837168344,-0.07755994171413427,0.0399370125974805,0.2359099208764455,-0.4074215761285387,-0.4074215761285387,-0.4166666666666666,-0.4166666666666666,0.3358644859813085,-0.4799893276414088,5.485714285714287,-1.5686567164179106,0.06605409153952846,-0.01873873873873877,-0.14923547400611625,-0.13915094339622647,0.04051863857374394,-0.10365853658536583,-0.007912957467853587,2.0,0.01984327603640024,-0.14375413086582944,0.0,0.11060159135413827
41,2004-03-31,0.044567532029277324,0.045993589743589684,0.15626129926479448,0.14769871472678964,0.017838859005234742,-0.0963262090022653,-0.15106520335700455,-0.15106520335700455,-0.14285714285714302,-0.14285714285714302,0.08657630083078273,-0.6213442791174961,-0.5418502202643172,7.396325459317587,0.5202471946657994,-0.027543150936467087,-0.2048885693745507,-0.20365296803652969,0.01869158878504673,-0.06575963718820865,0.08640744433366554,0.0,-0.02552980542818184,-0.19799305287533764,0.0,-0.08860618234572037
42,2004-06-30,0.02920895206479002,0.08113988049639964,-0.08458852347943924,-0.06350100100100098,0.06014451686030031,0.012752043596730324,1.0456273764258557,1.0456273764258557,1.166666666666667,1.0833333333333337,-0.6663983903420523,-6.0,-2.2461538461538457,1.0737730540793995,0.7096705177578091,0.01283987915407847,0.04972875226039775,0.06307339449541294,0.05198776758409784,-0.004854368932038944,0.22453349648210466,0.0,0.030013989571410438,0.06689124157844084,0.0,0.15442634994490034
43,2004-09-30,0.020337919016333084,0.03301873423461732,0.04315645638806642,0.05624958247043898,0.014981623788840713,-0.011084804132587169,-0.06022304832713754,-0.06022304832713754,-0.11538461538461542,-0.07999999999999996,1.4167671893848008,-3.1986449864498643,-1.5694444444444444,-1.7297256557129936,-0.3029032661744463,0.041759880686055295,-0.042204995693367775,-0.037756202804746564,0.015988372093023395,-0.009756097560975618,-0.06944791406445172,0.3333333333333335,-0.005309297444128891,-0.035633739287325265,0.0,-0.02197662332152484
44,2004-12-31,-0.3111023889336785,-0.39092679982440737,-0.033457046173998466,-0.04844728353677818,-0.3780844284096595,0.17727717923604305,0.3698575949367089,0.3698575949367089,0.3913043478260869,0.3913043478260869,-0.09683054654354883,-3.885985455441884,44.6260162601626,0.36025614542449896,-0.5910600484696167,0.01145311381531844,0.3390287769784175,0.3127802690582959,-0.3791130185979972,-0.0049261083743841185,0.025234899328858917,9.625,-0.09719463753723934,0.215154349859682,0.0714285714285714,-0.3599175794382389
45,2005-03-31,0.020541722486564717,0.049415527376742714,0.06736687559997745,0.07271518777002317,0.0029852642276422263,-0.11074135699759656,-0.25989026855327746,-0.25989026855327746,-0.25,-0.28125,0.38242608455374416,-1.0774323054582728,-0.912152530292231,-1.0340167046317388,-0.16988586479367862,-0.1019108280254778,0.2310275352585627,0.2083689154568744,0.009216589861751112,0.44801980198019803,-0.2775595705682116,0.0235294117647058,-0.017186855492918984,0.11200923787528884,0.0888888888888888,-0.021720714309918288
46,2005-06-30,0.06850245190494153,0.04601549588994058,0.2009311184001692,0.04572774025652149,0.015662930361176164,0.05623700623700634,0.443620756925478,0.443620756925478,0.4166666666666667,0.4782608695652175,-0.20527683389966025,-1.8488692774407063,0.2542258282623395,6.8080357142857135,0.2826546800634584,-0.011426319936958196,0.22313147845062756,0.1689045936395761,0.025114155251141582,-0.020512820512820332,-0.11707140268213125,0.02298850574712641,-0.04952434247341908,0.06611284181377641,0.10204081632653073,0.0002771042604778895
47,2005-09-30,0.009136482383675705,0.022447011510761783,0.019162995594713683,0.00859157433193114,0.004406110360594351,-0.04133451431945678,-0.1510810810810811,-0.1510810810810811,-0.1470588235294119,-0.1470588235294119,0.08878269617706236,-3.1189083820662766,-0.20727762803234506,-2.073184676958262,-0.3869305297876726,0.04503786369071339,0.20160570918822465,0.1378476420798067,0.011135857461024523,0.019197207678882888,-0.03899835796387519,0.022471910112359602,-0.004562849573152783,0.03571428571428581,0.09259259259259256,0.013712861001454524
48,2005-12-31,-0.0588424617279113,-0.06295278039774432,-0.0037173114328938883,-0.01615556338855595,-0.0852318579675958,0.2151729801868392,0.16300541228907986,0.16300541228907986,0.2068965517241379,0.1724137931034484,-0.4846384846384847,-3.0521312480834104,1.6528391703502212,-1.5908364411294618,0.3728984532616007,0.0011441647597254525,0.031180400890868713,0.006376195536663243,-0.05726872246696035,-0.010273972602739656,-0.049551473729175566,0.0219780219780219,-0.028094041106018097,-0.010344827586207028,0.016949152542372836,-0.047550727608116516
49,2006-03-31,-0.00599194135926373,-0.001413457831841325,0.07666276194194976,0.09673374335701923,-0.04908613825551933,-0.07915857058376274,-0.1850533807829181,-0.1850533807829181,-0.17142857142857149,-0.1470588235294119,1.045271178843568,-0.8755230125523012,-0.34183542681363754,-0.7583408476104598,0.06563801126622583,0.03771428571428559,0.061915046796256375,0.029567053854276718,-0.03738317757009346,0.10034602076124566,0.02022471910112356,0.024193548387096756,-0.04335919671382926,0.0006335128286349968,0.03333333333333344,-0.08948425507495872
50,2006-06-30,0.041029706524665636,0.051085184867461615,0.18846711798839452,0.22186530190014708,-0.046005994576335696,0.08293577981651379,-0.05005038629492775,-0.05005038629492775,-0.0344827586206895,-0.0344827586206895,-0.2809555117247425,3.4885954381752704,-0.08782862706913341,7.817164179104477,0.5430935417145484,-0.09324522760646103,-0.02203389830508473,-0.061025641025641016,-0.024271844660194275,-0.056603773584905766,-0.13656387665198233,0.023622047244094446,-0.08365139949109412,-0.0993985438429884,0.032258064516129004,-0.1397565683223697
51,2006-09-30,-0.060965271491587265,-0.0745154050193838,-0.008137524158274845,-0.020942874966580538,-0.09981547975264317,-0.0841240257539817,0.22984441301272995,0.22984441301272995,0.24999999999999975,0.24999999999999975,0.2377323986589455,0.7280021396095213,0.7453031596925705,-0.0004231908590774936,0.3518022043491213,0.0072874493927126425,0.10398613518197576,0.05024576734025121,-0.0870646766169153,0.03166666666666673,0.05765306122448965,0.023076923076923217,-0.04130510239500185,0.002460456942003697,0.046875,-0.05471862264755712
52,2006-12-31,0.015561404045659087,-0.00392433528815206,0.016545311591973366,0.011059530311305243,0.014764133957508196,0.16011469799278522,-0.24496837262794716,-0.24496837262794716,-0.22857142857142845,-0.2571428571428571,-0.497168185176065,-1.303049063612444,-0.7158409785932722,-1.9386113463166808,-0.2442706037902159,0.1535369774919615,-0.03422291993720572,-0.07644305772230886,0.019073569482289,0.26332794830371564,0.09889049686444773,0.025062656641603898,-0.0007241129616218923,-0.09326788218793836,0.02985074626865658,-0.014822708777368796
53,2007-03-31,-0.03736571695469404,-0.053054448871181936,-0.02754144668258396,-0.026468602295746102,-0.045340394169350866,0.14798277786636893,0.8758568164508758,0.8758568164508758,0.8888888888888888,0.9230769230769228,2.5705190989226248,-1.2609805924412667,2.0404649160568233,-1.3391971132160578,0.109636973319726,0.01184668989547033,0.21911573472041626,0.1768018018018016,-0.021390374331550777,-0.007672634271099765,0.08033362598770855,0.024449877750611467,-0.008333333333333416,0.08120649651972167,0.0869565217391306,-0.027337988002753444
54,2007-06-30,-0.01126919284406258,-0.06112240843325624,0.10913617815893216,0.09834928561520327,-0.11082835330111797,-0.07132935129879148,-0.3838814453917986,-0.3838814453917986,-0.3921568627450981,-0.38,-0.3962419421204224,1.1037181996086107,-0.011326631742885509,-2.9946808510638303,-0.19708316909735912,0.011019283746556585,0.08079999999999997,0.040191387559808785,-0.09289617486338808,0.03350515463917514,-0.14181227143437625,0.02386634844868718,-0.1006576543660942,-0.016094420600858417,0.053333333333333455,-0.14518248913153375
55,2007-09-30,0.039163540232068465,-0.10742381995618401,0.044771465984909886,-0.04251915466868739,0.03337942566807084,0.029242390247550713,0.4131795716639208,0.4131795716639208,0.4838709677419355,0.4516129032258065,0.33530213539300324,-3.0995348837209304,-0.5484748675354432,-1.350666666666667,0.08607429225985919,0.01089918256130784,0.08882309400444123,0.05657773689052425,0.03313253012048212,0.11471321695760595,-0.01041666666666674,0.023310023310023187,-0.005687588868576121,0.0,0.05063291139240489,-0.06777054997043164
56,2007-12-31,0.025805468809505742,0.053607787353917365,-0.01796478663085643,-0.03016180091452692,0.07144857631865564,0.18928934747856416,0.097458615061786,0.097458615061786,0.08695652173913038,0.11111111111111116,-0.22303504593399115,-0.5352237483385025,-0.13637805264827152,0.5646387832699621,0.12400180804580385,0.125,0.15884885565375018,0.13539399216369175,0.07871720116618075,0.0883668903803132,0.05119617224880391,0.02505694760820054,0.04453524004085807,0.0647037440930569,0.07228915662650602,0.08633595534128391
57,2008-03-31,0.05060960216219424,0.09831899404367972,0.008660508083140783,0.22531507842959475,0.09070314542127744,-0.11688152990774114,-0.06777140429148076,-0.06777140429148076,-0.06000000000000005,-0.06000000000000005,0.550689730676593,-0.2583412774070544,-0.27065736320235034,4.297691373025517,0.5844504021447721,-0.059299191374663114,-0.050254204145482866,-0.05636503067484644,0.08918918918918918,-0.12744090441932165,-0.18752844788347733,0.02444444444444449,0.038138079405437335,-0.03277569136223968,-0.022471910112359602,-0.10364963503649638
58,2008-06-30,0.028919954203004968,0.04225216322398717,0.09984032777995357,0.10574219328104184,-0.033764712147840485,0.09568285595682856,-0.02073837739288975,-0.02073837739288975,0.0,-0.04255319148936165,-0.4231855408076815,-0.35347043701799485,1.5538771399798592,-1.3396788990825688,-0.1252961082910321,-0.05730659025787965,0.03705991352686855,0.03941487200325078,-0.01488833746898266,-0.13427561837455834,-0.04089635854341733,0.02386117136659416,-0.0608515448379805,0.032827391457818766,0.0,-0.05739413680781745
59,2008-09-30,-0.10544969983377528,-0.1396790157717034,-0.1365217629495713,-0.18413303888108146,-0.07418839221738416,-0.04899917913746288,0.017686758203397712,0.017686758203397712,0.021276595744680767,0.06666666666666665,-0.17503059975520194,-2.182902584493042,0.03391167192429023,-0.0985820391627279,-0.1291227391430506,-0.12191827085444107,-0.005558864403414797,0.006645817044566016,-0.04785894206549124,-0.108843537414966,-0.1880841121495327,0.02330508474576276,0.03490471414242724,-0.016404647983595422,0.02298850574712641,0.05446126200843171
60,2008-12-31,0.01027381482562162,0.014192785334121716,-0.006820416838498877,-0.027601197555674032,0.026314222777876983,0.104109952858376,-0.045506517265035414,-0.045506517265035414,-0.02083333333333337,-0.02083333333333337,0.715727002967359,-5.2,-0.2643020594965675,-0.5071161048689139,-0.0730786317192359,-0.13538461538461533,-0.030345378319025732,-0.02446601941747584,0.02645502645502651,-0.09160305343511443,-0.1489208633093525,0.0269151138716357,0.01589455320798594,-0.03405142460041688,0.011235955056179804,0.042996657272071685
61,2009-03-31,0.04662086158149159,0.07935329976146299,0.019228312252459467,0.0047659215520876605,0.07149486629154822,-0.17926513921462506,-0.2867752755150934,-0.2867752755150934,-0.2978723404255318,-0.2978723404255318,0.045313040470425385,1.404561824729892,-0.7252462415759461,0.6124620060790273,-0.12712676731368322,-0.2024021352313168,-0.07782581840642366,-0.07563694267515919,0.06958762886597958,-0.22352941176470587,-0.18934911242603547,0.02620967741935476,0.023659606945239497,-0.06978417266187065,0.0,0.0742160497706279
62,2009-06-30,0.13122158802085604,0.2100972399567822,0.20119084926355368,0.13478571128741135,0.0707847224101994,-0.04022567409144195,0.022841787033926808,0.022841787033926808,0.06060606060606055,0.03030303030303028,-0.36449371277299797,0.30753869196205685,-3.54622641509434,0.13949104618284647,-0.16595744680851066,0.18572225320691585,-0.1000223264121456,-0.09603789836347976,0.06987951807228909,0.10822510822510822,0.28154327424400405,0.025540275049115824,-0.05330848089468776,-0.03596287703016243,-0.06666666666666676,0.06639756639756644
63,2009-09-30,0.047812243221035285,0.0598823051948052,0.054004696060526935,0.06388251831027603,0.04181202285252028,-0.013665165279792335,0.17372742200328406,0.17372742200328406,0.14285714285714302,0.17647058823529416,0.5899505337151782,-0.8473972254040982,-1.811411633938496,-3.2721257237386268,0.4521066491112573,0.13499529633113805,-0.1022078888613248,-0.10767031919961888,0.045045045045044814,0.060546875,0.2123677786818552,0.024904214559386958,-0.005709785390825006,-0.018852787805856308,-0.08333333333333326,-0.0037851774644797054
64,2009-12-31,0.005930500416605478,0.004901303823399815,-0.06403465346534654,-0.10590730503111856,0.07451713093273793,0.4722910216718266,0.864017907106883,0.864017907106883,0.875,0.8499999999999999,-0.18634354019977076,-0.9232693911592994,0.9529680365296804,-0.7819439388423735,0.06789074011107332,0.15872358060505598,0.1091461729759602,0.11852642819006932,0.08836206896551735,0.11049723756906094,0.2187919463087249,0.024299065420560817,0.06811881188118818,0.13246116107931316,-0.012987012987012991,0.12395374449339225
65,2010-03-31,0.034276944065484205,0.03869529597805177,0.036680506704043665,0.02757145634843483,0.032224555698574964,-0.23756702765219215,-0.3986790753527469,-0.3986790753527469,-0.3866666666666666,-0.3918918918918919,0.4878245119742404,63.17391304347826,-0.3626373626373627,-3.1151919866444078,-0.13447251114413072,0.051859799713877004,0.00871948181365223,0.01097852028639612,0.033663366336633686,-0.03482587064676612,-0.10517621145374444,0.023722627737226217,-0.002039302929180531,0.04801444043321301,-0.039473684210526334,0.010827494978198128
66,2010-06-30,0.014167942527381959,0.021240691147877744,0.01882653061224482,-0.010482894338480151,0.010172828702690984,0.1059091222505688,0.12780828756864704,0.12780828756864704,0.13043478260869554,0.1333333333333333,-0.24198566211280936,-0.30233739837398377,0.5033015407190022,1.091554853985793,-0.3249540159411404,-0.07276436586195179,0.04470239565324774,0.058545797922568525,0.02298850574712641,-0.10309278350515473,-0.1304615384615384,0.023172905525846717,-0.003901170351105265,0.034102652428522395,0.027397260273972712,0.032037611477316874
67,2010-09-30,0.06302184339182237,0.07013794094403325,0.116680855325755,-0.011091138562741465,0.01661072008662701,0.009726292162853143,0.19743249225320936,0.19743249225320936,0.21153846153846145,0.21568627450980385,0.4621698786581014,0.2034474386987133,-0.8440702781844802,-2.0022641509433963,0.4824704813805632,-0.099009900990099,0.06359338061465736,0.06601248884924171,0.0280898876404494,-0.11877394636015325,-0.1719745222929937,0.02787456445993031,-0.04364043267437523,0.0433044636908726,0.013333333333333421,0.08218663410510496
68,2010-12-31,0.008367926589469166,0.0017287390275424475,-0.017332615812368224,-0.05975171133542179,0.032785139107835086,0.23204692806421745,0.2262476894639556,0.2262476894639556,0.2380952380952381,0.2419354838709677,-0.4891383939467904,-0.6832761751059109,9.564945226917057,-2.5579819277108435,-0.5070457051831883,0.07163207163207153,-0.023783062902867358,-0.030125523012552224,0.05100182149362476,0.04347826086956519,-0.02991452991452992,0.027118644067796405,0.024180967238689455,-0.015325670498084197,-0.013157894736842146,0.06535607342793902
69,2011-03-31,0.08039564058674409,0.11023054755043238,0.05590416428978884,-0.011105626850937857,0.1025350137167138,-0.17666516313336345,-0.21133554416641545,-0.21133554416641545,-0.2051282051282052,-0.20779220779220786,1.0716674629718108,3.547133757961784,-1.2128573544660048,-1.7245045915901398,0.7452150136713895,0.028104823395366685,0.017531876138433544,0.017256255392579908,0.098786828422877,-0.022916666666666585,0.014977973568282009,0.0264026402640265,0.020563594821020548,0.0298313878080414,-0.013333333333333308,0.1226933887327386
70,2011-06-30,0.09001574297833081,0.13061587914824258,0.11552674230145875,0.19682222776807248,0.0679301055152286,0.05715850986121264,0.1227064220183487,0.1227064220183487,0.129032258064516,0.13114754098360648,-0.3148062730627307,-0.866928141196246,-2.686151704940849,-0.13642428285523678,0.36875089018658297,-0.0668636867380864,0.006041620049227925,0.0012722646310432404,0.07413249211356465,-0.15138592750533053,-0.12673611111111105,0.025723472668810254,-0.020335820895522442,0.042191435768262016,-0.04054054054054057,-0.055295526287144965
71,2011-09-30,-0.0118578893141007,0.004711818254625078,-0.06968094380194112,-0.11228887189824144,0.04043235288965197,0.0002879023435251593,-0.023152877085461317,-0.023152877085461317,-0.02857142857142847,-0.014492753623188246,0.4293167283742847,1.4368421052631577,0.18406933553446134,0.2634221707222866,0.3403746097814777,0.02810768012668241,-0.04359430604982206,-0.02541296060991105,0.03671071953010285,-0.042713567839196,-0.04075546719681911,0.03134796238244508,0.05294229670538941,-0.002719033232628454,-0.014084507042253502,0.13177401390329144
72,2011-12-31,0.04494716752781258,-0.03664093741281504,0.002040646343494989,-0.0066554437615001785,0.07964169655334974,0.20222196638268475,0.1544092018124783,0.1544092018124783,0.1617647058823528,0.1470588235294117,-0.3097845284351819,1.4051835853131749,-0.1240850470547229,-1.6942830938550903,-0.1763061874078099,-0.00346553715825948,-0.06720930232558131,-0.04693611473272497,0.0821529745042493,-0.03674540682414706,-0.024870466321243567,0.03039513677811545,0.033279073973593976,-0.013329294153286876,-0.04285714285714271,-0.030168318175648245
73,2012-03-31,0.05137959605498788,0.05994787141615988,0.025539254395079203,0.03141134276593238,0.0707724458445751,-0.16653100311228153,-0.2288647342995169,-0.2288647342995169,-0.2278481012658229,-0.23076923076923084,0.6366427840327533,1.198455459770115,-0.36132113012335854,0.8590929106120653,-0.3979264844486333,0.14644513137557968,-0.06606831214161057,-0.04605563155494752,0.06937172774869116,0.05722070844686655,0.14240170031880986,0.02949852507374628,0.018379135305443658,-0.01872889161805336,-0.029850746268656688,0.027677665418664118
74,2012-06-30,0.02763325141937134,0.10699973978662514,0.11260156835727743,0.2490638135269392,-0.03344062686610638,0.0374561957833055,-1.096319498825372,-1.096319498825372,-1.098360655737705,-1.1,-0.199812382739212,-0.6191487623560167,0.5084112149532711,-1.1302700142112745,0.08609893550407023,0.031681833501853614,-0.298718633208756,-0.29254302103250485,-0.030599755201958345,-0.03350515463917525,0.035348837209302486,0.028653295128939767,-0.0594706084565142,-0.2794117647058824,-0.015384615384615441,-0.1137555328566564
75,2012-09-30,0.0049888266774413825,-0.01214094306802693,-0.03402054345450567,-0.03934165442976012,0.037264740894775716,-0.11357218007641624,-10.077235772357724,-10.077235772357724,-9.833333333333334,-9.833333333333334,0.10511918718249323,0.6557271557271558,0.121024370095002,-4.458181818181818,-0.2741424041510522,-0.017641293694870885,-0.10772744575561476,-0.10337837837837828,0.032828282828282866,0.013333333333333195,0.3513027852650492,0.03203342618384397,0.03216374269005828,-0.057316543638732176,-0.046875,0.02831457220792188
76,2012-12-31,0.055851849420722736,0.06571010457936244,0.0578242835595777,0.016177313546907882,0.05433203556278698,0.34032983508245884,0.4278996865203761,0.4278996865203761,0.4339622641509433,0.4339622641509433,-0.43658651579443664,-0.664075657468584,-0.5501105379513633,-1.5157728706624605,0.1947974583002383,-0.0601928832723645,-0.04564846416382251,-0.04898266767143933,0.058679706601467034,-0.09210526315789468,0.015957446808510634,0.031039136302294164,-0.0014164305949009304,-0.023491478581298963,-0.016393442622950838,0.048755884330867534
77,2013-03-31,0.042134547686951684,0.04409761761225362,0.02334824531698354,0.0005954246317769751,0.05665784832451504,-0.045068978374347535,-0.05049396267837536,-0.05049396267837536,-0.05263157894736848,-0.05263157894736848,1.0221757322175729,1.954107211723872,1.2473382473382473,-1.7920489296636086,-0.12913411999335211,-0.027954706298655485,0.031291908806437174,0.0277337559429478,0.06004618937644346,-0.08115942028985512,-0.017670157068062853,0.030104712041884918,0.01400709219858154,0.017924528301886733,0.0,0.04346122332656477
78,2013-06-30,0.06208567913202345,0.08491937898293478,0.1057178187644774,0.17188136177143032,0.029417901105779357,-0.028942359314754307,-0.18001651527663087,-0.18001651527663087,-0.16666666666666666,-0.20833333333333334,-0.3893027105317608,-0.2377284595300261,-0.4646501457725948,0.8481338481338481,-0.27404580152671754,0.16308700400436835,0.2761161681837885,0.2791056283731688,0.03267973856209161,0.09779179810725558,0.0912724850099933,0.029224904701397717,-0.03077461094596945,0.3012048192771084,-0.01666666666666672,-0.0741866102215697
79,2013-09-30,-0.0005827383083738535,-0.019868724498846912,-0.043788492132247565,-0.07467194056177673,0.034163457640859374,-0.06870727784479291,0.0561933534743202,0.0561933534743202,0.05000000000000005,0.08771929824561409,0.3899712010841945,-0.209796197979106,1.3117767188563647,-1.1525069637883008,0.057570977917981166,0.05258215962441315,-0.00713315217391297,-0.003013863773357439,0.03164556962025311,0.02011494252873569,-0.20451770451770449,0.0345679012345681,0.03463828251849188,0.0032051282051281933,0.0,0.05922265653809266
80,2013-12-31,0.07864529182004665,0.0746103569632981,0.1274317623997232,-0.02544551309822951,0.042368417829276916,0.3232770252037347,0.2505720823798627,0.2505720823798627,0.25396825396825395,0.25806451612903225,-0.4621572212065813,-0.7778500216731686,-1.7700235571260308,26.56164383561644,1.5003728560775542,0.06720190306274154,-0.031132398221005775,-0.035671100362756884,0.04805725971370145,0.033802816901408406,0.031465848042977695,0.03341288782816232,-0.033653007846556234,-0.02910898118565841,-0.016949152542372947,0.10266675950424743
81,2014-03-31,0.01677705919514394,0.0199868999719286,0.0036818958841664533,0.004771501392922818,0.02730904817861335,-0.16786981524531994,-0.13693199146081125,-0.13693199146081125,-0.1392405063291139,-0.1282051282051282,1.2884658962157258,3.1795121951219514,-2.645889101338432,-0.7493373094764745,0.1504125658614177,0.060462524380050287,-0.04908192090395491,-0.05391849529780557,0.03219512195121954,0.01089918256130784,0.05282738095238093,0.0323325635103926,0.010465535907614676,-0.016087751371115178,-0.0344827586206895,0.015123291131247331
82,2014-06-30,0.10418334731839174,0.048070748399170686,0.20241647863745535,0.34575111347078424,0.026994875549048336,0.14600794000882233,-0.18515901060070672,-0.18515901060070672,-0.17647058823529405,-0.19117647058823528,-0.05792652737894844,1.0798319327731094,-0.23118029739776946,-2.9187045604758755,-0.25086415485655034,0.061481870730425436,-0.04678796880802083,-0.06295559973492383,0.03024574669187152,0.029649595687331495,0.07773851590105996,0.031319910514541416,-0.07000000000000006,-0.05536975102192498,0.0,-0.22119930330928084
83,2014-09-30,-0.015825134583255962,-0.01581674631934593,-0.0376997578692494,-0.020405479452054842,0.004299206985654447,-0.007740997348387624,-0.015611448395490004,-0.015611448395490004,-0.017857142857142905,-0.018181818181818188,-0.12192558335085135,-0.13164983164983168,-0.1000302206104563,-0.18463658284533246,-0.27304187334179264,0.09678217821782198,-0.05531749123490448,-0.07213578500707207,0.0036697247706420906,0.06544502617801062,0.10491803278688527,0.03362255965292826,0.020545314900153544,-0.08143194335169146,0.0,0.0047124600638976935
84,2014-12-31,0.03060310274909228,0.03489002926031004,0.043819037314747344,0.06088065512149288,0.01895308861040257,0.14089909917675958,0.291409691629956,0.291409691629956,0.2909090909090908,0.31481481481481466,-0.4804883887957865,-0.3904614191547111,-1.1793149764942914,-1.0523869877482044,0.019676293240241227,0.039945836154366976,-0.050721649484536065,-0.0632621951219513,0.02376599634369292,0.03439803439803435,0.07240356083086041,0.03252885624344182,-0.011288805268109159,-0.05267665952890799,0.0,-0.024525001987439454
85,2015-03-31,0.010494829795022032,0.01749712105326484,0.04317275126854603,-0.1406095117578825,-0.019014138159971217,-0.17910842463165846,-0.14975268633805214,-0.14975268633805214,-0.14084507042253513,-0.14084507042253513,1.2050691244239629,0.1622137404580153,-6.739700374531835,6.96774193548387,0.15375038904450666,-0.04361979166666663,-0.039965247610773136,-0.061838893409275834,-0.005357142857142727,-0.0665083135391924,-0.01660210293303821,0.0315040650406504,-0.029305423406279733,-0.04611211573236895,-0.017857142857142905,0.18397783301413967
86,2015-06-30,-0.0026035328809222986,0.05332860352370816,0.11079016995759727,0.22356925493275748,-0.11149203390582696,0.020755672143218717,-1.6409227683049148,-1.6409227683049148,-1.639344262295082,-1.639344262295082,-0.2877742946708464,-0.07553366174055831,0.16508972267536715,-2.841093117408907,-0.2453466414890747,0.017245291581574618,-0.3733031674208145,-0.3937554206418039,-0.1014362657091562,0.022900763358778557,0.04670793472144075,0.030541871921182295,-0.10919427563222894,-0.3824644549763033,-0.018181818181818188,-0.1391450991189428
87,2015-09-30,-0.01887948792155392,-0.02450445827185832,-0.007166631995007333,-0.009206145453086734,-0.032940823895208686,-0.0811992786293958,-2.446009389671361,-2.446009389671361,-2.4871794871794872,-2.4615384615384617,0.260856807511737,-0.000197355437142277,0.02156258751050122,-0.9098405717427158,-0.0293118856121537,-0.01717599821548066,0.04404332129963895,0.0028612303290413976,-0.03096903096903103,0.09452736318407973,0.611290322580645,0.034416826003824015,-0.014304577464788746,0.03760552570990017,-0.03703703703703709,-0.01543197537280616
88,2015-12-31,0.04165509901906339,0.05060169658709812,0.0824192517626845,-0.1367639021032815,-0.008586738976047559,0.16767260415133234,0.08181818181818179,0.08181818181818179,0.0862068965517242,0.08771929824561409,-0.3486153130090761,-0.3430714567706277,-0.8634868421052632,-11.69512195121951,0.32296078070336964,0.14162505674080794,-0.02766251728907332,-0.07845934379457907,0.0010309278350517648,0.17954545454545445,0.11878545211878545,0.03327171903881698,-0.048225050234427365,-0.042159763313609384,-0.03846153846153855,0.21707881593373132
89,2016-03-31,0.009833535075347788,0.004764810815885756,0.03624731411757876,0.040123818680674495,-0.025709820265694242,-0.1372079341065725,-0.248499399759904,-0.248499399759904,-0.2380952380952381,-0.2419354838709677,0.8519113969274741,0.6475360576923077,8.871485943775099,-1.0085518814139112,-0.0020876826722338038,-0.12385685884691845,-0.06330014224751057,-0.11300309597523228,-0.01956745623069012,-0.12524084778420042,-0.0677005666567253,0.03220035778175312,-0.035186488388458836,-0.09498069498069506,-0.020000000000000014,-0.033997264204450706
90,2016-06-30,0.06501932709807612,0.08751683914624553,0.1366858765399812,0.3382558506560851,-0.037550463866534815,0.0040426671862061605,-0.08839190628328009,-0.08839190628328009,-0.10416666666666664,-0.06382978723404252,-0.15443233336548667,0.8371329564107242,-1.1360862489829129,43.0,-0.09205020920502094,0.017245291581574618,0.694760820045558,0.6090750436300176,-0.02941176470588225,0.0374449339207048,0.12923864363403692,0.031195840554592905,-0.0962800875273524,0.6800341296928327,-0.04081632653061229,-0.18736616702355455
91,2016-09-30,0.09721519510155184,0.13066733495632255,0.16808138244985504,-0.009215425307882774,-0.022570384877147687,-0.007810226059959291,0.3697429906542056,0.3697429906542056,0.3953488372093024,0.3636363636363635,0.3174766141911933,0.8336146133227441,20.418535127055307,-12.23939393939394,1.1394777265745009,0.21681909435645766,0.02822580645161299,-0.04772234273318876,-0.02056277056277056,0.25265392781316365,-0.2640226628895184,0.03277310924369736,-0.10922787193973628,0.0030472320975114538,-0.06382978723404252,0.14118747078073854
92,2016-12-31,0.056868871280420175,-0.08207258610972146,0.09601693961393433,0.20365584084339394,-0.02221053828227137,0.17782232435339562,0.10874200426439228,0.10874200426439228,0.1166666666666667,0.10000000000000007,-0.4551043380379254,-0.2013535462912832,-0.7895177611836137,-1.7360474521434348,-0.3920160827110856,0.10375802016498636,0.040522875816993535,-0.0432801822323462,-0.016574585635359185,0.1271186440677965,0.08814472671285611,0.03173311635476006,-0.07490184234370277,0.00860759493670882,-0.045454545454545525,-0.2373840825295147
93,2017-03-31,0.0018120297404389245,0.009410206348439807,-0.0032926617929281976,-0.2653312048822524,0.013370343995698251,-0.08302200083022004,-0.07673076923076927,-0.07673076923076927,-0.0746268656716419,-0.0757575757575758,0.6939456539011599,-0.5802996407023253,-3.067639257294429,-0.6785714285714286,-0.20725082664147376,0.06410895200132849,0.08040201005025116,0.008333333333333305,0.014606741573033544,0.08270676691729317,0.0445702157764416,0.030757097791798138,0.01175318315377072,0.04216867469879526,-0.02380952380952384,0.3739317282805099
94,2017-06-30,0.071412382175569,0.09252766329717788,0.08631703673175006,0.2407845399480819,0.038219392218445725,0.055545495699411467,0.3565923765882109,0.3565923765882109,0.37096774193548376,0.3770491803278688,0.03236397748592878,0.19027620739783546,-0.5668697883258499,-1.5413105413105417,0.14151646059883816,0.07491805837365395,0.16860465116279055,0.10861865407319947,0.04097452934662238,0.059722222222222225,0.00948188283101925,0.029839326702371993,-0.03097773475314614,0.13535645472061653,-0.02439024390243893,-0.11946399374422413
95,2017-09-30,0.03322880631807745,0.007381874370507634,-0.0547862376401963,-0.200102282765354,0.23832085531950156,0.052365227087532766,0.009672961768770085,0.009672961768770085,0.0,0.0,0.13039527487505675,-0.06310218482833496,1.3476490188818957,-1.82,-0.10165731436774106,0.04544794540438502,0.019237147595356552,0.046858359957401514,0.2361702127659573,0.003931847968545289,-0.10868835961086876,0.031203566121842382,0.1984681984681984,0.041578277471362,0.0,0.25935494288136285
96,2017-12-31,0.027724139592206987,0.04099831709422408,0.11409846346817187,0.12562239659013866,-0.12590493825783355,0.17849865514711882,-1.9583333333333333,-1.9583333333333333,-1.9647058823529413,-1.9761904761904765,-0.3669614147909968,-0.9520567786790266,-0.7552436524207539,-8.670089858793325,0.8679546775130738,0.11944444444444445,-0.5135047185161081,-0.5147507629704985,-0.12392426850258174,-0.09399477806788503,0.02822732404967998,0.030259365994236287,-0.14948596832453465,-0.5226069246435845,0.024999999999999908,-0.07516507468427469
97,2018-03-31,-0.0410385815791221,-0.06546443719315409,-0.06408921263432843,-0.2059587944715056,0.01121745788667683,-0.0725845494155889,-2.178038717867344,-2.178038717867344,-2.1707317073170733,-2.1585365853658534,0.5429841269841269,-12.613293051359515,11.666237113402062,-1.608870292887029,-0.2829146901003189,0.12320099255583128,0.1892976588628763,0.20125786163522008,0.012770137524558134,0.2809798270893371,1.2543923865300148,0.029370629370629286,0.054557334204508263,0.1706484641638224,0.024390243902439046,0.17693134162825366
98,2018-06-30,0.054383556621873115,0.08300193413720236,0.05937759386014507,0.2678126287039646,0.04390514771766418,0.12177933554569532,0.1951778017241379,0.1951778017241379,0.2083333333333333,0.2,-0.06032425314788902,-1.694588969823101,-0.6927968257198087,-1.7490379329301815,0.2955210931569243,0.05048050370043078,0.12992125984251968,0.1465968586387434,0.04655674102812779,0.03712035995500562,-0.14693943822049038,0.028532608695652106,-0.009913258983890949,0.09475218658892136,0.04761904761904767,-0.14576830202014254
99,2018-09-30,-0.0047479601928545065,-0.03222289021701974,-0.02542440243002331,-0.03780262617972918,0.03927802896588406,-0.033272394881170064,-0.005522371238589008,-0.005522371238589008,-0.008620689655172377,0.0,0.1960938868453319,0.10599250936329584,0.22271899321079647,0.17100917431192664,0.2671187008203584,0.1214511041009465,0.14833250373320062,0.12480974124809753,0.037998146431881485,0.07158351409978314,-0.03787590407308716,0.03038309114927329,0.0441176470588236,0.0905459387483356,0.02272727272727271,0.005791505791505891
100,2018-12-31,0.004813309577321512,-0.04458722860014008,-0.028668468762379717,-0.10588695204079823,0.07166703502506766,0.11645578324852154,-0.04578422484134181,-0.04578422484134181,-0.05217391304347807,-0.05263157894736825,-0.34831954309145496,0.42228242465289534,0.789815817984832,-3.6634283923534943,-0.5614718900706877,-0.014814814814814947,0.7100130039011705,0.7780784844384303,0.07232142857142865,-0.05060728744939269,-0.1374876360039564,0.029487179487179382,0.06652682049745272,0.7283272283272284,0.022222222222222143,0.06858376748012063
101,2019-03-31,0.017082658899246317,0.01920649693384502,0.010112096730662046,0.07041217854445736,0.0296978117401876,-0.058513750731421836,0.04619952494061752,0.04619952494061752,0.05504587155963292,0.055555555555555365,0.5191011235955056,-0.6754761904761905,-0.4248638014527845,-1.5381809624661726,0.6890629707743297,0.03749881031693159,-0.0043092522179976065,0.023592085235921045,0.030807660283097563,-0.03198294243070365,-0.4199541284403671,0.028642590286426017,0.012363023321157574,0.009537265983751151,0.021739130434782483,-0.047855791128075136
102,2019-06-30,0.08840364477497431,0.09797544515814294,0.09386819620347107,0.28887321067191474,0.0787021420138303,0.10290798469137408,0.4969917130207742,0.4969917130207742,0.4956521739130435,0.4912280701754388,0.1914201183431952,4.324284666177549,0.14274437574003418,-0.9685177087888064,0.012843382090617306,0.17649756903036407,0.06466395112016299,0.09442379182156137,0.08239095315024225,0.1409691629955947,0.12692763938315554,0.02784503631961255,-0.008881487649181286,0.09097270818754376,0.0,-0.14812194711133575
