,Quarter end,Assets,Current Assets,Liabilities,Current Liabilities,Shareholders equity,Revenue,Earnings,Earnings available for common stockholders,EPS basic,EPS diluted,Cash from operating activities,Cash from investing activities,Cash from financing activities,Cash change during period,Cash at end of period,Price,ROE,ROA,Book value of equity per share,P/B ratio,P/E ratio,Cumulative dividends per share,Equity to assets ratio,Net margin,Asset turnover,Current ratio
0,1994-03-03,0.19511207910105435,0.3130968815330024,0.3454887628996948,0.1376423160412883,0.13172193999867976,0.09202758804381506,0.20250582078886106,0.20250582078886106,-0.5263157894736842,-0.5217391304347826,0.04042256849016957,-0.4823096478115568,-1.5255791343994098,1.6114521388835603,0.2557272504292372,0.4176372712146424,0.028990759195506526,0.011387711864406793,0.1262626262626263,-0.016279069767441756,-0.4953577280174768,inf,-0.0531627576403696,-0.01643931444561031,0.03030303030303028,0.15423309745076286
1,1994-06-02,0.19511207910105435,0.3130968815330024,0.3454887628996948,0.1376423160412883,0.13172193999867976,0.09202758804381506,0.20250582078886106,0.20250582078886106,-0.5263157894736842,-0.5217391304347826,0.04042256849016957,-0.4823096478115568,-1.5255791343994098,1.6114521388835603,0.2557272504292372,0.4176372712146424,0.028990759195506526,0.011387711864406793,0.1262626262626263,-0.016279069767441756,-0.4953577280174768,inf,-0.0531627576403696,-0.01643931444561031,0.03030303030303028,0.15423309745076286
2,1994-09-01,0.12137241850495405,0.14077792079848694,0.05485741638981412,0.06775700934579443,0.1547074715394816,0.0,0.0,0.0,0.0,0.0,0.04042256849016957,-0.4823096478115568,-1.5255791343994098,1.6114521388835603,0.5313696382529884,0.107981220657277,0.028990759195506526,0.011387711864406793,0.15246636771300448,-0.016279069767441756,-0.4953577280174768,0.0,0.02987539408497208,-0.01643931444561031,0.03030303030303028,0.06840005909292368
3,1994-12-01,0.18101588546773886,0.2473524962178517,0.24458784346378026,0.34026258205689275,0.15191079767464033,0.25471397211955193,0.5269297497292167,0.5269297497292167,0.5252525252525253,0.5252525252525253,0.4104119478625685,0.4051220745781414,-0.2632753946738957,1.207367686487678,0.7665816326530612,-0.023305084745762542,0.028990759195506526,0.011387711864406793,0.15175097276264604,-0.1513002364066195,-0.4953577280174768,2.0,-0.02478134110787156,-0.01643931444561031,0.03030303030303028,-0.06934457964601759
4,1995-03-02,0.0831395992472046,0.02082069941378606,-0.06138150192339852,-0.18095238095238095,0.15462894018366846,0.17476635514018699,0.1519146264908977,0.1519146264908977,0.13907284768211925,0.13245033112582782,-0.2529661016949153,0.43651832460732987,-0.4025974025974026,-1.9484193011647253,-0.4115523465703971,0.4392624728850323,0.028990759195506526,0.011387711864406793,0.14864864864864868,0.2479108635097496,-0.4953577280174768,0.3333333333333335,0.06606875934230172,-0.01643931444561031,0.03030303030303028,0.2463784265656341
5,1995-06-01,0.2285363859362224,0.1942574257425742,0.4012829650748397,0.7006644518272425,0.15907136715391235,0.21113762927605406,0.2,0.2,-0.4069767441860465,-0.4035087719298245,0.5961429381735677,-0.09339407744874716,2.3115942028985508,-1.6438596491228068,0.4503067484662577,0.5697061039939713,0.028990759195506526,0.011387711864406793,0.15588235294117658,0.3683035714285712,-0.4953577280174768,0.5,-0.056505888951205674,-0.01643931444561031,0.03030303030303028,-0.2977797645656385
6,1995-08-31,0.15428452579034935,0.056292488807826224,0.11737029501525932,0.18148075796053909,0.17223046488625116,0.35049921177088805,0.27656675749318804,0.27656675749318804,0.2843137254901962,0.22549019607843146,0.2263681592039801,0.00150753768844214,1.973741794310722,-0.7302452316076294,0.08375634517766506,0.4733557369179071,0.028990759195506526,0.011387711864406793,0.16793893129770976,0.2740619902120718,-0.4953577280174768,0.5,0.015455491157675638,-0.01643931444561031,0.03030303030303028,-0.10597122607477838
7,1995-11-30,0.2537028361382392,0.2006121968448316,0.4242631159667691,0.5752314814814814,0.17466511971311038,0.15350194552529173,0.1686232657417288,0.1686232657417288,0.15267175572519087,0.208,0.5514343668501884,1.1876567987957851,-0.5974981604120677,3.515151515151516,0.3489461358313817,0.1577060931899641,0.028990759195506526,0.011387711864406793,0.17211328976034854,-0.008962868117797673,-0.4953577280174768,0.22222222222222232,-0.06292989901946444,-0.01643931444561031,0.03030303030303028,-0.23782398177157504
8,1996-02-29,0.04685389059760259,-0.2068379420801464,-0.018617658809428672,-0.10800881704628952,0.08364011852383935,-0.15963906223646485,-0.4270928462709285,-0.4270928462709285,-0.42384105960264906,-0.42384105960264906,-0.7047067612999627,-0.7736238532110091,-3.83363802559415,3.796420581655481,1.240740740740741,-0.397410638896707,-0.12079591477372766,-0.13301911495155805,0.07992565055762069,-0.4857881136950905,-0.4953577280174768,0.2727272727272729,0.03513977822895509,-0.08854907539118073,-0.051470588235294164,-0.11079970104633774
9,1996-05-30,0.04313682418517817,-0.09618396109783234,0.07710470607392939,-0.020475405977877115,0.025852425736421214,-0.2262920220772704,-0.6907545164718385,-0.6907545164718385,-0.6896551724137931,-0.6896551724137931,0.6299810246679316,2.082066869300912,-0.6625806451612903,-0.9729477611940298,0.01497933884297531,-0.219056515646894,-0.2391347887041858,-0.2449411054062217,0.020654044750430426,-0.2763819095477387,-0.22186147186147187,0.1428571428571428,-0.016596258298129052,-0.16113928989465465,-0.10077519379844968,-0.07725712684737696
10,1996-08-29,-0.012503290339562987,-0.1209192048148824,-0.0961523924710862,-0.2017059106198943,0.01045999757683447,-0.09143968871595333,-0.6804123711340206,-0.6804123711340206,-0.6296296296296297,-0.6296296296296297,-0.5758634070624757,-0.534845496383958,-2.619502868068833,-21.155172413793107,-0.29745547073791345,-0.26136363636363635,-0.3503553566728087,-0.3528,0.010118043844856706,-0.2777777777777777,-0.1196105702364395,0.0,0.023166615526235116,-0.24465116279069776,-0.13793103448275856,0.10118415059966623
11,1996-11-28,-0.008210049313607914,-0.055912863070539436,-0.05059797608095673,-0.09044394281414604,0.010471622701838434,0.0394004282655247,0.10752688172043,0.10752688172043,0.0,0.0,0.3531564501372371,-0.5222614840989399,0.5832349468713105,-0.5397775876817793,-0.1948569358927925,0.11659919028340072,-0.5332252836304701,-0.5265760197775031,0.006677796327211993,0.10576923076923063,0.584518167456556,0.0,0.018893387314439902,-0.4495073891625616,-0.14,0.03798166402426406
12,1997-02-27,0.0923213373827505,0.4162179980221954,0.10764622973925307,0.14708802117802788,0.06039870263428537,0.20340612553220705,5.927184466019418,5.927184466019418,5.6,5.6,0.3556457065584855,-3.1937869822485205,-1.0879940343027592,-7.702602230483272,1.6221322537112008,0.23567802755620024,-0.1814236111111112,-0.18276762402088773,0.05804311774461012,0.2304347826086959,1.535393818544367,0.0,-0.02928623988226642,-0.12639821029082765,-0.06976744186046502,0.23462611236552
13,1997-05-29,0.022218394764037308,0.0382496702614632,-0.019802767615714974,-0.06634934371844803,0.040359580737811866,0.10134672449212513,-0.32165381920112124,-0.32165381920112124,-0.31818181818181823,-0.33333333333333337,-0.5610972568578554,-3.002697235333783,4.050847457627119,-1.4143094841930115,-0.2563046834791559,0.15199530516431925,0.1261930010604455,0.13418530351437674,0.037617554858934144,0.08833922261484095,0.3661030279197799,0.0,0.017738023044269413,0.09090909090909084,0.03749999999999987,0.112043461890162
14,1997-08-28,0.16772174750270796,0.4739201913017486,0.4861663286004057,0.15850455739224478,0.033702628087913584,-0.019481865284974087,-0.2551652892561983,-0.2551652892561983,-0.2666666666666666,-0.25,0.8999999999999999,0.5575757575757576,7.077181208053691,-2.244979919678715,0.4290657439446366,0.2536933265410086,0.14971751412429368,0.1140845070422536,0.03021148036253773,0.20779220779220786,0.08981001727115713,0.0,-0.1147028154327424,0.10915492957746477,0.012048192771084263,0.2722259843281414
15,1997-11-27,0.010595098221095391,-0.03087609004258773,0.023038707211879617,0.0716095479397254,0.0045437203010647575,0.00887761572606216,-0.8668515950069349,-0.8668515950069349,-0.8787878787878788,-0.8787878787878788,0.13157894736842102,-0.1026805015131863,-1.1063564603240548,-2.489784946236559,-0.4472962066182405,-0.30475416497358804,-0.06470106470106474,-0.09608091024020238,0.002932551319648091,-0.3252688172043011,-0.4091389329107237,0.0,-0.0060575466935891545,-0.09206349206349207,-0.011904761904761862,-0.09562010493498596
16,1998-02-26,-0.012972443755481677,-0.043159822129217866,-0.02801643630930151,-0.08175709308113488,-0.0073889924728954845,-0.2086737900691389,-6.010416666666668,-6.010416666666668,-6.75,-6.75,-1.3345665961945032,-1.6856179233919537,-0.94921875,-1.7892457596535547,0.6387266355140186,-0.12331969608416128,-0.6007005253940455,-0.6111888111888112,-0.011695906432748536,-0.12749003984063745,-0.08761734465802418,0.0,0.005755882850854821,-0.5804195804195804,-0.07228915662650592,0.04203976962206246
17,1998-05-28,-0.0218635696720465,-0.14056861673045384,-0.004062808828373732,0.018837240818539103,-0.035098093780436934,-0.1926131850675139,1.2058212058212057,1.2058212058212057,1.1739130434782608,1.1739130434782608,-0.9794628751974724,-1.0643007730147576,11.923076923076925,-1.2432556012802929,-0.0948137586882909,-0.021333333333333315,-1.5570175438596494,-1.5395683453237408,-0.03698224852071008,-0.0091324200913242,1.4801567858892697,0.0,-0.01363406833866354,0.0,-0.1168831168831168,-0.15649332311292194
18,1998-09-03,-0.009507109204994424,-0.04624976143520576,0.016097023153252454,-0.015296621441872825,-0.02916471394066112,0.13461223151336288,-0.1602262016965127,-0.1602262016965127,-0.16000000000000006,-0.16000000000000006,-50.69230769230769,1.0327868852459017,-1.693452380952381,-1.9530075187969924,0.0998227997637331,-0.057220708446866435,2.2755905511811023,2.253333333333334,-0.16129032258064513,-0.018433179723502332,0.0,0.0,-0.019795221843003308,0.0,-0.07352941176470595,-0.03142337861105804
19,1998-12-03,0.44777424652859255,0.9008137673425828,0.5155707465277777,0.1639875726057003,0.4245079836613441,0.14682080924855498,-0.4814814814814815,-0.4814814814814815,-0.5476190476190477,-0.5476190476190477,2.956656346749226,30.747311827956988,47.6824034334764,3.1203155818540442,0.3743286788399571,0.31358381502890165,0.14302884615384626,0.12704918032786885,0.4175824175824177,0.563380281690141,0.0,0.0,-0.016016713091921986,0.0,-0.1428571428571428,0.6330551577699866
20,1999-03-04,-0.0024161706641522285,-0.008737761869670456,-0.04574906031859671,-0.1392596031101312,0.02838746676398518,0.2925907258064515,-1.4848484848484849,-1.4848484848484849,-1.4210526315789471,-1.4210526315789471,-0.5215179968701096,-0.6593564775613887,-1.0518381380587147,-2.6218286261369075,-0.4413182232642959,0.7376237623762376,-0.3049421661409043,-0.30727272727272725,0.01808785529715751,0.22522522522522515,0.0,0.0,0.030785562632696276,0.0,0.0,0.15161319585135002
21,1999-06-03,0.0021266540642721488,-0.02478051543472104,0.01181678358404925,0.07496292301469598,-0.004968188385592209,-0.15792552154416062,-2.236607142857143,-2.236607142857143,-2.25,-2.25,0.5216680294358136,-0.5545612726820781,0.4489795918367348,-0.7688902007083825,-0.18256003730473305,-0.2526115859449193,-0.4084720121028744,-0.40944881889763785,-0.06598984771573603,-0.26470588235294124,0.0,0.0,-0.007037418468932355,0.0,0.0,-0.09276618091111988
22,1999-09-02,0.026467814194765404,0.02729780746333676,0.05027435859409768,0.15640285965132314,0.009833142274869422,0.2512155591572123,-0.3718411552346571,-0.3718411552346571,-0.4,-0.4,0.5255239118753359,0.4815848214285714,-0.12676056338028174,-0.2848020434227331,-0.15972618368511127,0.19991529013130016,-0.5498721227621484,-0.5511111111111111,0.0,0.28333333333333344,0.0,0.0,-0.01624891961970609,0.0,0.0185185185185186,-0.11165779115536012
23,1999-12-02,0.08846838568885307,0.2111307420494699,0.06318836486868107,0.19848156182212584,0.10645543755202946,0.4659511472982976,-20.614942528735632,-20.614942528735632,-22.16666666666667,-20.83333333333333,0.9327227897146884,0.25461393596986825,-0.07795698924731187,-3.625,0.4989816700610998,-0.0017649135192374656,-5.465909090909091,-5.4851485148514865,0.1032608695652173,-0.002597402597402709,0.0,0.0,0.016517308030223,0.9416666666666668,0.18181818181818168,0.010555808952889878
24,2000-03-02,0.020233729917957133,-0.01957695113056168,-0.0652765787900923,-0.1244343891402715,0.07922755979115848,-0.12111840444332245,-0.5273952534427191,-0.5273952534427191,-0.5275590551181102,-0.5126050420168067,-0.7124111536358666,-0.6553587511257881,-0.2026239067055393,-1.0795918367346942,-0.026494565217391356,0.2835926449787833,0.3689567430025445,0.3907284768211921,0.05049261083743839,0.1640625,0.2921770051363097,0.0,0.057908383751080324,0.33047210300429186,0.04615384615384621,0.11976916629054113
25,2000-06-01,0.061540052748616736,0.11814069753600752,-0.14173060528559245,0.08702842377260978,0.1840248436707792,0.2848833034111311,0.7042777433353999,0.7042777433353999,-0.16666666666666666,-0.18965517241379304,1.9847908745247147,3.25,-0.4552102376599635,2.9914529914529915,-0.10862991393347288,0.11432506887052353,0.5120817843866172,0.5825396825396825,0.164126611957796,0.06040268456375841,-0.23176884268460474,0.0,0.11535947712418305,0.3978494623655915,0.13235294117647056,0.028618316874442273
26,2000-08-31,0.17302820675208253,0.3052642784904456,0.24170184587368596,0.5665113625558621,0.1476082573554338,0.4365079365079365,1.6435067297198982,1.6435067297198982,1.52,1.3829787234042556,0.8912951167728238,0.2029104324656692,-1.4899328859060403,-7.820128479657388,0.8311586638830897,1.1006180469715696,0.7480024585125997,0.8204613841524573,0.14098690835850958,0.8059071729957805,0.2762189054726367,0.0,-0.02168180486375626,0.5769230769230769,0.1428571428571428,-0.16676463179108236
27,2000-11-30,0.0176504178996002,-0.0396174863387978,-0.2984134391040597,-0.12157814871016692,0.16545398009950252,-0.2870982802894716,-0.5153433328746388,-0.5153433328746388,-0.5158730158730158,-0.4821428571428572,-0.3077009429726089,0.2566024876469586,-1.8356164383561644,-1.4175824175824177,-0.1895396893259228,-0.3707190773214075,-0.12201125175808715,-0.05619834710743799,0.11473962930273607,-0.4485981308411216,-0.6631841571807267,0.0,0.14525306978137187,-0.025365853658536497,-0.02272727272727271,0.09328496086532967
28,2001-03-01,-0.0698668571137071,-0.16570773444300546,-0.28433654805453945,-0.3908927584300719,-0.0040420479709719626,-0.4183812694427769,-1.250709823963657,-1.250709823963657,-1.2459016393442623,-1.2586206896551724,0.0,0.0,0.0,-1.2345864661654136,0.054861965887111015,-0.28184028427155416,-0.2490989187024429,-0.19614711033274967,-0.008709422011084822,-0.35593220338983045,-0.2773148148148149,0.0,0.07073744769874457,-0.12712712712712715,-0.08139534883720922,0.3697228538069195
29,2001-05-31,-0.02942950848442971,-0.13070032573289905,0.012812002124269695,-0.0769143505388542,-0.035802783321501774,-0.23214788401989306,2.549263873159683,2.549263873159683,2.5333333333333337,2.5333333333333337,0.0,0.0,0.0,-0.2692307692307693,0.03800633438906487,0.0864583333333333,-0.4949333333333333,-0.4742193173565722,-0.03753993610223638,0.09539473684210532,0.3228699551569507,0.0,-0.006594211747466106,-0.38245412844036697,-0.15189873417721522,-0.05827856165459078
30,2001-08-30,-0.054834772388228425,-0.08146955503512876,-0.19486137510650847,-0.15570849207324566,-0.008862834440029999,-0.7316387632897471,0.8363114231014677,0.8363114231014677,0.811320754716981,0.811320754716981,-1.0909680557807686,-0.2448813559322034,-38.65573770491803,-7.736842105263157,-0.2466677372731653,-0.03643336529242558,-1.9007391763463568,-1.955801104972376,-0.011618257261410858,0.0030030030030030463,0.9084745762711864,0.0,0.04867854947756611,0.0,-0.34328358208955223,0.08792072604273349
31,2001-11-29,-0.04078582360818828,-0.19562099627115406,-0.08922175187235426,-0.06317321688500732,-0.032446599764534345,0.930327868852459,-0.5379669852302346,-0.5379669852302346,-0.5416666666666666,-0.5416666666666666,-8.081996434937611,-0.14042018315676064,-1.0648672181105792,-0.27604166666666663,-0.2370496695800469,-0.3176616915422886,1.0304806565064475,1.0924855491329484,-0.034424853064651595,-0.31137724550898205,0.0,0.0,0.008674246864377011,0.0,-0.3409090909090909,-0.14137764932562613
32,2002-02-28,0.021727477842460097,0.190736558500733,0.16160171612441898,-0.11668738346799255,-0.0009415786652759994,0.5237084217975938,-0.8856713050018804,-0.8856713050018804,-0.8863636363636364,-0.8863636363636364,-1.2046312610118302,-1.8644244829747232,-0.5805369127516778,-3.8776978417266186,0.8941044984632578,0.20634341961356184,-0.02713625866050795,-0.02071823204419887,-0.002608695652173809,0.2521739130434784,0.0,0.0,-0.02219639744334689,0.0,-0.13793103448275856,0.3480555909728422
33,2002-05-30,-0.009272363476648282,-0.14707350347719028,-0.1013388734995383,0.28636763412489,-0.000434984340563771,0.19399287815451305,-0.20394736842105265,-0.20394736842105265,-0.20000000000000007,-0.20000000000000007,-3.174661746617466,-2.1447559207346547,2.784,-2.075625,-0.5077445050892462,-0.06376548806285898,-0.2356083086053413,-0.22708039492242596,-0.0043591979075851,-0.06249999999999989,0.0,0.0,0.008913715236510411,0.0,0.0,-0.33695898910411626
34,2002-08-29,-0.06957785330771883,-0.17340927710373344,0.01789536775408851,0.029262956379050964,-0.0852069975920392,-0.030082987551867224,23.23553719008265,23.23553719008265,23.5,23.5,-0.5175339366515836,-1.0521427063542326,-0.03805496828752642,-1.1873910517141195,0.19328738387773448,-0.32698515171078113,0.04347826086956519,0.0383211678832116,-0.08756567425569173,-0.3222222222222222,0.0,0.0,-0.01672752974437508,0.0,0.28,-0.1969130695272603
35,2002-11-28,-0.022526934378060748,-0.18288653955068912,0.09816621803499337,0.18705991762986574,-0.045731320563237365,-0.0840909090909091,-0.4613810741687979,-0.4613810741687979,-0.4693877551020408,-0.4693877551020408,0.16881594372801878,-3.3927125506072877,-0.17582417582417587,-0.9519379844961241,0.0077850326469111044,-0.26810551558753004,0.09077380952380976,0.07644991212653783,-0.04990403071017269,-0.2021857923497268,0.0,0.0,-0.023721097400263624,0.0,0.125,-0.3116274112757115
36,2003-02-27,-0.006607810215024657,0.2176399237567146,0.5143623132899273,-0.03133743704532732,-0.11995679627783318,0.14581812874032996,0.96011396011396,0.96011396011396,0.9615384615384616,0.9615384615384616,-0.7432296890672017,-0.17597292724196278,-15.317333333333336,164.74193548387098,1.2803388985796165,-0.2601572739187419,0.7203274215552522,0.660408163265306,-0.12121212121212133,-0.21917808219178087,0.0,0.0,-0.1141244324456988,0.0,0.08333333333333348,0.2570057284409353
37,2003-05-29,-0.026416225941878868,-0.06925667662824342,0.006828528072837736,0.03443096476025409,-0.039444119257566856,-0.06662420382165601,-0.6529392764857881,-0.6529392764857881,-0.6470588235294118,-0.6470588235294118,0.8359375,3.3819301848049284,-1.1283292978208233,-1.4579602958349551,-0.2571303682657633,-0.17449069973427803,0.21292624900872334,0.1607669616519174,-0.041379310344827565,-0.061403508771929675,0.0,0.0,-0.01343676409474992,0.0,0.02564102564102577,-0.1002175965841442
38,2003-08-28,0.0021840786268305656,0.03817338565822337,0.06541070082893753,0.109125432815816,-0.022841641767573532,0.21263818752559027,-0.4267100977198697,-0.4267100977198697,-0.4166666666666666,-0.4166666666666666,1.380851063829787,-0.07731958762886593,-0.6444121915820029,-0.534636634084148,-0.16107678729037955,0.4227467811158798,-0.2209872507355345,-0.2566709021601017,-0.023980815347721784,0.485981308411215,0.0,0.0,-0.024992979500140452,0.0,0.07499999999999996,-0.0639715276510312
39,2003-12-04,0.05502780028498777,0.16303387334315178,0.0010845475550524952,-0.006747230614300047,0.09215449607724803,0.24614518851997744,-1.0089285714285714,-1.0089285714285714,-1.0,-1.0,1.2806076854334227,2.06399187404774,-11.861224489795918,-0.2511415525114156,-0.14378397334736104,0.02865761689291113,-0.2278640369282417,-0.2535612535612535,0.09459459459459453,0.05660377358490565,0.0,0.0,0.035282258064516014,0.0,0.11627906976744184,0.17090767280881325
40,2004-03-04,-0.003469233723070397,0.024777341606517345,-0.0012246820536976346,-0.05667646760620504,-0.004346945165865424,-0.10494942196531787,-26.72727272727273,-26.72727272727273,-inf,-inf,-0.09443573667711602,-0.7379413227250124,-1.1957910559939873,-1.2548780487804878,0.04280155642023353,0.02346041055718473,-0.620108695652174,-0.6206106870229008,-0.006734006734006814,-0.06547619047619035,0.0,0.0,-0.0008346084295450806,0.0,0.0625,0.08634471273938392
41,2004-06-03,0.01485536613561167,0.023519235521871632,0.003678551216751647,0.009028374892519286,0.01923966330589222,0.12694248234106964,-4.212014134275618,-4.212014134275618,-4.5,-4.25,0.11337083513630453,1.3345983554712206,0.3109404990403071,-9.617224880382775,-0.3536920659858602,0.12679083094555876,-0.8397711015736766,-0.8390342052313884,0.01807909604519775,0.13375796178343946,0.0,0.0,0.004315745510232505,0.0,0.07843137254901977,0.014371119797654597
42,2004-09-02,0.016012673972531033,0.061893838786269084,0.007987971055351872,0.03547081380485717,0.019112442145385208,0.06482808022922626,0.02860286028602865,0.02860286028602865,0.0,0.15384615384615374,0.6136805285658764,-0.5063668382552153,0.11273792093704248,-1.8717379233759024,0.4770586447888181,-0.16147488874761606,-3.553571428571429,-3.575,0.017758046614872347,-0.1797752808988764,0.0,0.0,0.0030496257277514704,-0.6685236768802229,0.05454545454545445,0.02550153009180556
43,2004-12-02,0.01708762886597936,0.01928980179633921,-0.014917024053701322,0.1595514864725851,0.029315380779368905,0.059788092835519675,0.6566844919786097,0.6566844919786097,0.7142857142857142,0.5333333333333334,-0.2981695568400771,0.9215148188803512,0.4026315789473685,-2.052866242038217,-0.34005348693684423,-0.09628506444275964,0.951048951048951,0.9611650485436892,0.0272628135223556,-0.1095890410958904,0.2603400152245625,0.0,0.012023217247097763,0.9103641456582632,0.01724137931034475,-0.12094753905098732
44,2005-03-03,0.02360438892126804,0.0739886972040451,0.026736702631080744,-0.030251951738821888,0.022459078797107068,0.0377687852098707,-0.2388637830858619,-0.2388637830858619,-0.25,-0.26086956521739124,0.05833905284831852,0.0,-1.7542213883677298,-1.2341197822141559,0.12063591022443898,-0.05956375838926165,0.4372759856630824,0.443069306930693,0.020169851380042347,-0.08461538461538465,-0.5198308838332998,0.0,-0.0012290045063497734,0.3753665689149559,0.05084745762711873,0.10749759020996597
45,2005-06-02,0.0009035883598014217,0.01100879318701109,0.057565562059270776,0.0001829658768639497,-0.019901171055303646,-0.1939750745469837,-2.0848176420695506,-2.0848176420695506,-2.1111111111111107,-2.1764705882352944,0.08171206225680927,-0.1305341331048272,0.0149253731343284,1.8630490956072352,0.3082058414464535,-0.08652988403211426,-0.4850374064837905,-0.4854202401372213,-0.021852237252861558,-0.10084033613445363,-0.3685534591194969,0.0,-0.02078206179928921,-0.4722814498933902,-0.03225806451612912,0.010822674638613528
46,2005-09-01,-0.009868665133189848,0.0017805780030133445,-0.05883378366599845,-0.10491173511387543,0.009531044961668568,0.1931322329728704,-1.3369820172009383,-1.3369820172009383,-1.35,-1.35,-0.08752997601918466,-0.7394875164257556,-3.094362745098038,-0.5108303249097472,0.11524558792260264,0.09375,-0.22033898305084754,-0.21666666666666667,0.006382978723404209,0.11214953271028016,1.1248339973439574,0.0,0.01968723820161977,-0.22222222222222232,0.01666666666666661,0.11919736448038346
47,2005-12-01,0.0003871902478016498,0.0055715066994803655,-0.03408038525652901,-0.0013284283670549346,0.013118286926181888,0.08268405151852433,0.4524361948955917,0.4524361948955917,0.4285714285714286,0.2857142857142856,0.3968462549277267,1.7654476670870114,-0.5944997074312464,1.5202952029520294,0.2604385128693993,0.1758928571428573,-0.4937888198757764,-0.4936170212765957,0.011627906976744208,0.16806722689075634,0.524375,0.0,0.012734492674243649,-0.5012987012987014,0.016393442622950838,0.00689055392025706
48,2006-03-02,0.1707846931768524,0.4568816071246473,-0.07737296260786197,0.2327842013711245,0.17400185701021353,-0.10045527977676603,2.086261980830671,2.086261980830671,1.8999999999999997,2.0000000000000004,1.0693791157102541,1.1650706794345649,-7.773448773448774,5.40190336749634,1.32279534109817,0.14350797266514806,0.7116564417177917,0.7142857142857142,0.07523510971786829,0.12949640287769792,1.3749487494874946,0.0,0.0027041644131964304,0.8177083333333335,-0.048387096774193616,0.18178194139924253
49,2006-06-01,0.0984601275406829,0.05480634624358372,0.09191520315909796,0.061586985391766325,0.019067613816111214,0.07126530612244908,-0.5419254658385093,-0.5419254658385093,-0.5862068965517242,-0.5555555555555556,-0.5640413683373111,-0.3275063184498737,-1.281636131231359,-1.0776443682104058,-0.04421724407397765,0.05644090305444883,1.150537634408602,1.1274509803921569,-0.056365403304178614,-0.012738853503184709,-0.4029348295209322,0.0,-0.0722761596548005,1.151862464183381,-0.016949152542372947,-0.006381064822623239
50,2006-08-31,0.1864242235964546,0.12831515848614214,0.20818463002617185,0.29867083659108684,0.14494553253936893,0.04617846528994885,-0.2802259887005649,-0.2802259887005649,-0.25,-0.25,-0.13894681960375388,1.3257124960851865,-3.8449319213313164,-0.4668630338733432,-0.025005110036110945,-0.00439974858579506,-0.03166666666666662,-0.05760368663594472,0.10813594232749724,0.05161290322580636,-0.5836345236374151,0.0,-0.03502906976744169,0.030625832223701632,-0.08620689655172398,-0.13118510764704214
51,2006-11-30,0.06979788887979699,-0.04861791805528326,0.10791650256006302,0.1589403973509933,0.02033522307123481,0.11442931021924395,0.805337519623234,0.805337519623234,0.6666666666666667,0.6666666666666667,0.29881925522252506,0.03420414758955026,-0.4389789949481521,2.5359116022099446,-0.08944793850454225,0.0,0.041308089500860616,0.0,0.019516728624535462,-0.09815950920245398,-0.035069444444444486,0.0,-0.04624190390118999,0.09302325581395343,-0.09433962264150952,-0.1790947574080105
52,2007-03-01,0.023099281015756427,-0.0669688852256336,0.011020263064344116,-0.07688311688311689,-0.0036236260417924493,-0.06732026143790848,-1.4521739130434783,-1.4521739130434783,-1.4666666666666668,-1.4666666666666668,-0.331002331002331,-0.4440104166666666,0.9099526066350712,-3.0546875,0.20184190330007667,0.014520202020201987,-0.5520661157024793,-0.5696821515892421,-0.005469462169553353,-0.006802721088435382,-0.08204390068369903,0.0,-0.026058117498420685,-0.5496453900709221,-0.04166666666666663,0.010749702499008196
53,2007-05-31,0.07782595693779902,0.16762367491166086,0.4778481012658229,0.045019696117051256,-0.04388410716450475,-0.0932025227750526,3.3269230769230766,3.3269230769230766,3.1428571428571423,3.1428571428571423,-0.7317073170731707,-0.2552693208430913,2.3300248138957818,3.186311787072244,0.7030651340996168,-0.16677037958929686,-1.4464944649446494,-1.4204545454545454,-0.04491292392300639,-0.15753424657534246,0.8098784790278322,0.0,-0.11285876439111395,0.0,-0.08695652173913049,0.11734233350339475
54,2007-08-30,0.02781438579454809,-0.010024588613580463,0.06090887461337146,0.09100700053850286,-0.01711677443895021,0.11051004636785168,-0.2977777777777778,-0.2977777777777778,-0.27586206896551724,-0.27586206896551724,0.8701298701298701,1.7610062893081762,-0.8070044709388972,-1.4314259763851045,-0.1781027371578553,-0.12994772218073192,2.289256198347108,2.108108108108108,-0.022072936660268768,-0.08943089430894302,0.0,0.0,-0.04386766587461166,0.0,-0.02380952380952384,-0.0926205612728742
55,2007-11-29,-0.02159535699824533,-0.11119602598395106,-0.04978694774613146,-0.08588351431391905,-0.032378740970072206,0.06819763395963817,0.6582278481012658,0.6582278481012658,0.6190476190476193,0.6190476190476193,0.9166666666666669,-0.5375854214123007,-1.7027027027027026,-0.3431578947368421,-0.14233576642335766,0.05493562231759652,1.2311557788944725,1.1217391304347828,-0.03140333660451422,0.0803571428571428,0.0,0.0,-0.01089657809214306,0.0,-0.02439024390243893,-0.02767670511728748
56,2008-02-28,-0.049179197130638674,-0.07480653482373167,0.0004720320981825843,-0.07127429805615547,-0.10171977069724036,-0.11465798045602606,1.9656488549618325,1.9656488549618325,1.9705882352941173,1.9705882352941173,0.021739130434782702,0.2783251231527093,-1.3571428571428572,-0.4487179487179487,-0.09148936170212764,-0.19690805532953626,1.144144144144144,1.026639344262295,-0.10233029381965553,-0.17355371900826444,0.0,0.0,-0.05527638190954765,0.0,-0.025000000000000026,-0.003821808193001264
57,2008-05-26,-0.012259702575262987,-0.04065985130111527,0.013682472281198343,0.03720930232558151,-0.034134758088453565,0.10228108903605593,-0.6962676962676962,-0.6962676962676962,-0.7029702970297029,-0.7029702970297029,-0.2304964539007093,-0.2986512524084779,-2.338461538461538,0.36046511627906974,-0.13700234192037475,-0.2401215805471124,0.05619747899159666,0.022244691607684386,-0.03498871331828424,-0.15000000000000002,0.0,0.0,-0.02209492635024557,0.0,0.0512820512820511,-0.07505095312312683
58,2008-08-28,-0.013660399529964784,-0.08476628723661905,0.020944845240865817,-0.10426008968609868,-0.05070682237246471,-0.032710280373831724,0.4576271186440677,0.4576271186440677,0.5,0.5,0.1198156682027649,1.2060439560439562,-4.781609195402298,-0.012820512820512777,-0.15671641791044774,-0.046666666666666634,0.1959224266534063,0.15727002967359072,-0.053801169590643405,-0.0117647058823529,0.0,0.0,-0.037656903765690315,0.0,0.024390243902439046,0.021732555627565372
59,2008-12-04,-0.05614296351451975,-0.19634824027520506,0.023478459083656308,0.023153942428035142,-0.11233408870184523,-0.03243616287094553,1.0523255813953492,1.0523255813953492,1.022222222222222,1.022222222222222,0.477366255144033,-0.39103362391033625,-1.2674772036474165,-0.056277056277056266,-0.17538213998390995,-0.5230769230769231,0.3775467775467776,0.31794871794871793,-0.1124845488257108,-0.5,0.0,0.0,-0.059565217391304374,0.0,0.023809523809523725,-0.21452131258457371
60,2009-03-05,-0.09072262543389087,-0.1692459664142245,-0.011135857461024523,0.0012232415902140306,-0.1353026987600292,-0.2917261055634808,0.06373937677053831,0.06373937677053831,0.06593406593406592,0.06593406593406592,-0.055710306406685284,-0.7361963190184049,2.4431818181818183,-0.5733944954128439,-0.09073170731707314,-0.09677419354838712,0.07334741925747079,0.031128404669260586,-0.1504178272980502,0.023809523809523725,0.0,0.0,-0.049006010171058656,0.0,-0.023255813953488413,-0.1702826379542396
61,2009-06-04,0.011972930765226542,0.2397938961553705,0.08941441441441443,0.11484422724496035,-0.009489666807254271,0.11379657603222547,-0.6138482023968043,-0.6138482023968043,-0.6288659793814433,-0.6288659793814433,-0.5545722713864307,-0.5116279069767442,-1.9438943894389442,-5.021505376344086,0.4012875536480687,0.3116883116883116,0.11473565804274455,0.0672955974842766,-0.0901639344262295,0.5348837209302326,0.0,0.0,-0.021147301895964917,0.0,-0.04761904761904756,0.11212042564235668
62,2009-09-03,-0.017918381344307233,0.06905370843989768,-0.00454827372338229,0.03671232876712338,-0.009154779646582956,0.17721518987341778,-0.6965517241379311,-0.6965517241379311,-0.7222222222222222,-0.7222222222222222,1.3642384105960264,-1.1111111111111112,-1.6468531468531469,-0.5213903743315508,0.1370597243491578,0.5173267326732673,-0.05423814328960641,-0.0860341779611079,-0.012612612612612484,0.6666666666666667,0.0,0.0,0.008939657313136395,0.0,0.024999999999999908,0.031155192532088764
63,2009-12-03,0.0236577913574858,0.12709330143540676,-0.03738317757009346,0.18498942917547567,0.11624409110442625,0.33640552995391704,-3.3181818181818183,-3.3181818181818183,-3.4,-3.3,-0.08683473389355745,-4.571428571428571,0.1945945945945946,-0.553072625698324,0.05387205387205385,0.2642740619902122,-0.4883969058415578,-0.4854932301740812,0.11496350364963505,0.2818181818181817,0.0,0.0,0.09032734432685197,0.0,0.07317073170731714,-0.04882878805024327
64,2010-03-04,0.01927340951731193,0.08490315733616338,-0.021790722761596548,0.002230151650312262,0.07834456207892204,0.1270114942528735,0.857843137254902,0.7892156862745099,0.7916666666666667,0.6956521739130435,1.4662576687116564,8.52,0.1809954751131222,2.8125,0.19488817891373802,0.2683870967741935,-1.197601668404588,-1.2192982456140349,0.07201309328968898,0.14184397163120588,0.0,0.0,0.05801354401805892,-0.17847769028871396,0.18181818181818188,0.08250550234965215
65,2010-06-03,0.2028949129852744,0.3998532648569333,0.08292898103220114,0.161993769470405,0.3709389503748661,0.16675165731769506,1.532981530343008,1.6301369863013695,1.4651162790697678,1.358974358974359,0.10572139303482596,-1.184873949579832,0.8773946360153257,0.4524590163934426,0.23689839572192506,0.011190233977619536,5.575197889182059,5.719999999999999,0.18015267175572536,-0.05590062111801242,0.3454624214858133,0.0,0.1397482398122467,5.313099041533546,0.13461538461538458,0.2046928233871852
66,2010-09-02,0.021979550671211046,0.10639412997903563,-0.006720977596741395,0.034852546916890104,0.04427083333333326,0.08959790209790207,-0.628125,-0.628125,-0.6603773584905661,-0.6630434782608696,0.21147356580427454,-6.204545454545454,-0.4938775510204082,0.3544018058690745,0.25940337224383914,-0.1710261569416498,0.1424558587479936,0.22534013605442185,0.041397153945666336,-0.2960526315789473,-0.9079201545396008,0.0,0.02171471359041544,0.1255060728744939,0.0847457627118644,0.06910550563335316
67,2010-12-02,-0.005172531137276226,-0.08684667614084951,-0.05208119745745332,0.020725388601036343,0.025685785536159637,-0.09667067789811468,-0.5658263305322129,-0.5658263305322129,-0.5555555555555556,-0.5161290322580645,-0.32033426183844016,0.9039301310043668,2.217741935483871,-1.836666666666667,-0.17233093031239274,-0.08009708737864074,-0.12609764664559187,-0.07633587786259544,0.024844720496894238,-0.12149532710280385,-0.28321678321678323,0.0,0.03114694027116172,-0.08183453237410065,0.015625,-0.10538441846573933
68,2011-03-03,-0.014982554559759163,-0.02230676119661079,-0.04044992429158556,-0.06091370558375631,0.028689521030877737,0.002220248667850866,-0.5354838709677419,-0.5354838709677419,-0.5625,-0.5333333333333332,0.10519125683060104,0.8394495412844036,-0.7067669172932332,-0.547808764940239,-0.09415180423060976,0.29683377308707115,-0.23352090032154335,-0.2013523666416228,0.024242424242424176,0.26595744680851063,0.35365853658536595,0.0,0.044243070362473436,-0.18609206660137126,-0.015384615384615441,0.04111026325829848
69,2011-06-02,0.011946103625503524,0.06915458082773251,0.022993688007213686,-0.0007722007722007486,0.014299220042543137,-0.05228178998670807,0.04166666666666674,0.04166666666666674,0.0,0.0,-0.2719406674907293,-0.8329177057356608,0.042735042735042805,-1.9295154185022023,0.09661172161172173,0.011190233977619536,-0.5846879916098584,-0.574788334901223,0.01183431952662728,-0.008403361344537784,0.2360360360360361,0.0,0.0023821677726729718,-0.5661853188929,-0.015625,0.06999541914796126
70,2011-09-01,0.012491420727522408,-0.03523573200992558,0.07977082415160862,-0.04173106646058733,-0.013165559827566065,0.0004675081813931836,-2.8,-2.8,-2.8571428571428568,-2.8571428571428568,-0.398981324278438,5.186567164179103,-1.9836065573770487,-2.113744075829384,-0.09812108559498957,-0.1710261569416498,-0.75,-0.7455752212389379,0.0035087719298245727,-0.18644067796610164,1.001457725947522,0.0,-0.025292819555253643,-0.7364771151178918,-0.04761904761904767,0.006764277763507076
71,2011-12-01,-0.036672993492407824,-0.058470507544581614,-0.08122448979591834,-0.1850806451612903,-0.02349468713105074,-0.02336448598130836,0.3851851851851851,0.3851851851851851,0.4615384615384615,0.4615384615384615,0.14124293785310724,-0.13872135102533167,-0.7291666666666667,0.042553191489361764,-0.11342592592592593,-0.2997572815533981,-2.0454545454545454,-2.052173913043478,-0.02447552447552459,-0.3020833333333333,1.6263656227239618,0.0,0.013584117032392928,0.0,0.0,0.15538356863412162
72,2012-03-01,-0.005066497783407176,0.03059551994172272,0.06175033318525092,0.040079168728352384,-0.034457743924555695,-0.03875598086124399,0.5080213903743316,0.5080213903743316,0.5263157894736841,0.5263157894736841,0.4207920792079207,-0.3431372549019608,0.1384615384615384,-1.7306122448979588,0.09347258485639688,0.24263431542461025,2.067632850241546,2.0330578512396698,-0.03584229390680993,0.28358208955223874,0.0,0.0,-0.029553264604811225,0.0,-0.033333333333333326,-0.00912771439087223
73,2012-05-31,0.012518565669424886,-0.0051245803145432145,0.2196652719665273,0.0356803044719316,-0.021913348359629325,0.08113489298158294,0.13475177304964547,0.13475177304964547,0.10344827586206916,0.10344827586206916,0.19512195121951212,0.699360341151386,1.810810810810811,-0.4581005586592178,0.04632282712511948,0.008368200836820217,0.7889763779527559,0.7547683923705719,-0.04832713754646845,0.046511627906976834,0.0,0.0,-0.033994334277620435,0.0,0.01724137931034475,-0.03941014783448482
74,2012-08-30,0.0008382229673093987,0.022735346358792263,0.013893653516295013,0.030316949931097795,-0.014210728459864262,-0.09622467771639044,-0.240625,-0.240625,-0.25,-0.25,-0.3440233236151603,-0.5834378920953576,-0.27884615384615385,1.7628865979381445,0.12231857599269745,-0.15076071922544965,0.14348591549295753,0.12422360248447205,-0.014322916666666631,-0.11111111111111104,0.0,0.0,-0.01502932551319647,0.0,-0.016949152542372947,-0.007346970341440828
75,2012-11-29,-0.01821608040201006,-0.07693643626259118,-0.005075283369988193,-0.046812304948729344,-0.030000000000000027,-0.06571574121242996,0.13168724279835398,0.13168724279835398,0.12500000000000022,0.12500000000000022,-0.4755555555555555,0.9246987951807228,-0.6933333333333334,-2.3320895522388057,-0.14518096787311918,-0.03257328990228004,0.1139337952270978,0.08839779005524839,-0.034346103038309206,-0.025000000000000026,0.0,0.0,-0.01190919240788979,0.0,-0.0344827586206895,-0.031592068871489236
76,2013-02-28,-0.01101869623942564,0.009219190968955848,0.012072776738649926,-0.009822263797942044,-0.03186504217432051,0.13304252998909494,0.040000000000000036,0.040000000000000036,0.03703703703703698,0.03703703703703698,-0.008474576271186418,-0.4366197183098591,0.8478260869565217,-0.8851540616246498,-0.019505233111322573,0.20538720538720526,0.028334485141672475,0.00761421319796951,-0.039671682626538966,0.2564102564102564,0.0,0.0,-0.02109227871939734,0.0,0.017857142857142568,0.019227674979887418
77,2013-05-30,0.010278895917193777,0.09731543624161064,0.01293682795698925,0.10628247520075584,0.013414465495781958,0.1154956689124158,-1.1503496503496504,-1.1503496503496504,-1.1428571428571428,-1.1428571428571428,1.6666666666666663,-0.525,-1.8705882352941177,-10.24390243902439,0.18389131489568175,0.40642458100558665,-0.3118279569892473,-0.3198992443324937,0.005698005698005604,0.4591836734693877,0.0,0.0,0.003078106964216953,0.0,0.017543859649122858,-0.008130081300812941
78,2013-08-29,0.36022767698327995,0.5139313625552158,0.5113617515342512,0.7613151152860802,0.2475436681222707,0.22648835202761,38.72093023255814,38.72093023255814,40.25,36.25,0.14903846153846145,2.1695906432748537,-4.581081081081081,0.16094986807387854,0.18032786885245897,0.32274081429990065,-2.4912109375,-2.4407407407407407,0.2308781869688385,0.3216783216783217,0.0,0.0,-0.08285385500575371,5.905263157894738,0.01724137931034475,-0.14045837975489406
79,2013-11-28,0.035359347212051466,0.05139714959039399,0.058823529411764726,0.09406060606060596,0.008422664624808673,0.4217376011255716,-0.7903981264637002,-0.7903981264637002,-0.7939393939393941,-0.7986577181208054,1.1018131101813111,-1.0387453874538746,-3.7735849056603774,0.759090909090909,0.26875000000000004,0.30405405405405417,0.4505566470203013,0.4010282776349616,0.0,0.058201058201058364,-0.5085967831392124,0.0,-0.026139690506064458,0.2317073170731705,0.13559322033898313,-0.03897787241922046
80,2014-02-27,0.04147721531777315,0.06638915572633143,0.0862354892205639,0.17549302016397084,0.007050656253389631,0.016081147946561014,1.041899441340782,1.041899441340782,1.0294117647058822,1.0333333333333332,-0.07763769077637694,-23.476190476190478,-0.6312925170068027,-0.1589147286821705,0.17816091954022986,0.3287276914219919,0.4663656884875846,0.41651376146789,-0.0023014959723820505,0.3300000000000001,-0.15970654627539493,0.0,-0.0328537685205067,0.3205445544554457,0.07462686567164177,-0.09282273603082858
81,2014-05-29,-0.005821004123211293,-0.028625763186868162,-0.07347328244274809,-0.10273327049952874,0.07065919862128389,-0.030435841246652107,0.10259917920656636,0.10259917920656636,0.10144927536231883,0.11475409836065588,0.046762589928057485,0.0,3.5313653136531364,-1.3732718894009217,-0.05644599303135889,0.07755632582322369,0.18072660098522172,0.16645077720207244,0.07035755478662042,0.07894736842105265,-0.3156480859637341,0.0,0.07682060390763756,0.12746016869728205,0.04166666666666674,0.08262093134391768
82,2014-08-28,0.09773115393998544,0.0556414219474497,0.1192584963954686,0.010714285714285676,0.08360160965794773,0.06152687091913611,0.4267990074441688,0.4267990074441688,0.4078947368421053,0.3970588235294117,-0.0742268041237113,2.2415254237288136,-1.2328990228013028,-1.3621399176954734,0.02166420482520937,0.2714113389626056,-0.1900912646675359,-0.18933925596890624,0.08081896551724133,0.18815331010452965,0.007850834151128527,0.0,-0.012783505154639108,-0.2265170407315047,0.040000000000000036,0.044435725145912215
83,2014-12-04,0.001955729398168682,-0.055929721815519806,-0.08023555391976445,-0.08147994180004159,0.0842075944666234,0.08185474331677313,-0.12782608695652176,-0.12782608695652176,-0.12149532710280385,-0.11578947368421055,0.1818856718634001,-0.2967320261437908,-3.8181818181818175,-5.386363636363637,-0.09301204819277108,-0.0015812776723592714,0.14037347070186734,0.1732876712328768,0.08075772681954141,-0.07624633431085047,0.21032132424537495,0.0,0.08208020050125309,0.17409994626544867,0.0,0.027799953040619663
84,2015-03-05,0.056605447608907726,0.025434243176178702,0.053021208483393416,-0.06766236705136908,0.0640520637095392,-0.08900065602449159,-0.06879361914257233,-0.06879361914257233,-0.07446808510638292,-0.0714285714285714,-0.21419597989949746,0.9758364312267658,-1.8213399503722083,-0.4378238341968912,-0.0576514346439958,0.026924295216978145,-0.01891586674195378,0.017513134851138368,0.059963099630996324,-0.05079365079365072,-0.15285599356395818,0.0,0.006948465547191861,0.05125858123569782,-0.02564102564102566,0.09987663910083633
85,2015-06-04,0.055336300277101465,0.009074410163339321,0.11466844005320165,0.10825242718446604,0.0025752454530822977,-0.07513202112337969,-0.474304068522484,-0.474304068522484,-0.4712643678160919,-0.4615384615384616,0.06714628297362113,-0.28504233301975546,-0.4577039274924472,-1.6774193548387095,0.0414434733577671,-0.13911165946946336,-0.12978417266187048,-0.12621916236374076,0.0008703220191470518,-0.18729096989966554,-0.1842355175688508,0.0,-0.050028752156411886,-0.07400957771005656,-0.05263157894736848,-0.08947783824201394
86,2015-09-03,-0.03950509229789945,-0.14108713029576336,-0.0748316713542998,-0.14476565922032414,-0.012522074169208586,-0.06566311964702831,-0.040733197556008134,-0.040733197556008134,-0.0434782608695653,-0.02380952380952384,-0.22846441947565546,-0.006578947368421018,-3.5988857938718666,-10.571428571428571,-0.3808879263670818,-0.2680042995342171,-0.2152777777777778,-0.2042022324359816,-0.014782608695652176,-0.2674897119341564,-0.20488940628637956,0.0,0.02804681194511693,-0.15843911612599915,-0.05555555555555547,0.004288516811898235
87,2015-12-03,0.010147868947520957,-0.010004653327128854,0.019898664210041384,0.030729833546734975,-8.128759551295771e-05,-0.06944444444444442,-0.5626326963906582,-0.5626326963906582,-0.5454545454545454,-0.5365853658536586,0.08737864077669899,-0.5629139072847682,-0.8499464094319399,-1.2260127931769722,0.13904678618277222,-0.1869799314733236,-0.2840286557100717,-0.2887788778877888,0.046778464254192416,-0.1741573033707865,-0.007320644216691097,0.0,-0.010009813542688928,-0.2156424581005586,-0.10294117647058833,-0.03952210057693173
88,2016-03-03,0.017672625881581142,0.03466509988249111,0.04245325625508079,0.09590062111801244,-0.0030078855377612124,-0.12417910447761192,-1.470873786407767,-1.470873786407767,-1.45,-1.4736842105263157,-0.31875,-0.44545454545454544,-1.5142857142857142,0.4874213836477987,0.181573896353167,-0.2420228777844672,-0.4885226603884638,-0.4953596287703017,-0.002529510961214121,-0.2789115646258503,0.030973451327433562,0.0,-0.020420301348136327,-0.4444444444444444,-0.08196721311475398,-0.05590502766873196
89,2016-06-02,0.0879165155727466,0.14821124361158433,0.21020708777402294,0.020176830650646016,-0.006278538812785396,-0.012269938650306787,1.2164948453608249,1.2164948453608249,1.3333333333333337,1.3333333333333337,-0.490170380078637,0.6830601092896176,23.597222222222218,2.2748414376321358,0.5032488628979856,-0.09928514694201752,-0.6570771001150748,-0.6666666666666666,-0.0076077768385460764,-0.09433962264150952,0.7439198855507867,0.0,-0.08641975308641969,-0.6333333333333333,-0.0892857142857143,0.12554481238414916
90,2016-09-01,0.019962223621347253,-0.060830860534124676,0.04618028209350622,0.07444444444444454,-0.008779847378354022,0.11007591442374044,-0.2093023255813954,-0.2093023255813954,-0.19047619047619035,-0.19047619047619035,1.3033419023136248,1.3149350649350648,-0.9762845849802372,-1.314396384764364,-0.10525178301275127,0.2627865961199294,-1.7583892617449663,-1.7310344827586208,-0.011925042589437829,0.2708333333333333,2.915504511894996,0.0,-0.028356225077536656,0.0,-0.058823529411764726,-0.12591801308585934
91,2016-12-01,0.01074800290486566,0.0009478672985780977,0.0017109225294278385,0.14705274043433292,0.019867549668874274,0.2340690083929127,-2.0588235294117645,-2.0588235294117645,-2.0,-1.9411764705882355,0.2700892857142858,-0.3758765778401122,-6.047619047619048,-0.9979466119096508,-0.00024154589371983004,1.2884078212290504,0.09292035398230092,0.06603773584905648,-0.03706896551724137,1.319672131147541,0.0,0.0,0.009119927040583729,0.0,0.02083333333333326,-0.12735512781342295
92,2017-03-02,0.1623437275470614,0.04640151515151514,0.17455762792922047,-0.0611251352326001,0.15965909090909092,0.17078085642317387,3.966666666666667,3.966666666666667,3.7647058823529416,3.8125,0.2346221441124781,4.029213483146068,-13.04245283018868,505.0,-0.12225175163082867,-0.3378089716203846,-3.1943319838056676,-3.1238938053097347,0.1557743957027753,-0.31448763250883394,0.0,0.0,-0.00225937641211027,0.6363636363636365,0.04081632653061229,0.1144891171150142
93,2017-06-01,0.028187297171998082,0.10839617898441434,-0.056363424848766885,-0.012291146533512598,0.13186813186813184,0.19750430292598972,0.8422818791946309,0.8422818791946309,0.8395061728395061,0.8181818181818181,0.7131672597864769,-0.8049597855227882,-1.4441833137485312,-1.8201581027667983,0.11423066336361146,0.2884792626728112,2.4317343173431736,2.5125,0.1247095274980634,0.11855670103092784,0.06515818143725127,0.0,0.10076992753623193,2.1324786324786325,0.13725490196078427,0.1222053510655008
94,2017-08-31,0.062193765593531174,0.1300916265989296,-0.023300252727608942,0.03713785728174224,0.15150578195535225,0.1027667984189724,0.4377656344869461,0.4377656344869461,0.4295302013422819,0.4285714285714286,0.330702118820108,0.4868270332187858,-0.24338624338624334,1.5180722891566265,0.28853754940711474,0.07260371959942757,0.7822580645161292,0.8754448398576511,0.11225895316804403,-0.04608294930875578,-0.7269866247049568,0.0,0.08413906603579524,0.7080491132332878,0.0862068965517242,0.08962814351700654
95,2017-11-30,0.05249603803486536,0.07232881111021916,-0.1303250236667719,0.046681664791901056,0.2097094678051663,0.10834147930922122,0.13091216216216206,0.13091216216216206,0.107981220657277,0.09499999999999996,0.13518576334686228,0.10477657935285056,0.4941724941724941,-0.12535885167464111,0.17523006134969332,0.35945315105035025,0.2784313725490195,0.3896268184693232,0.2061919504643963,0.21739130434782614,-0.3213256484149857,0.0,0.14933586337760918,0.30870607028753994,0.06349206349206349,0.02449259227541312
96,2018-03-01,0.10948885483046976,0.18550681239706532,0.06552975326560229,0.0988715744223536,0.14077066500932256,0.08055269733940906,0.2356235997012697,0.2356235997012697,0.21186440677966112,0.2191780821917808,0.19581958195819585,0.6799163179916319,-0.8923556942277691,0.9814004376367615,0.29543230016313204,0.06671572234486134,0.1370929683813118,0.2385070550751025,0.13757700205338794,-0.11507936507936513,-0.2738853503184714,0.0,0.02823179791976216,0.18034787915776615,0.04477611940298498,0.0788681768787094
97,2018-05-31,0.01410464580859361,-0.021280626420813298,-0.16079820200231565,-0.04107579462102684,0.11487722302214265,0.06067201741259697,0.1553339377455425,0.1553339377455425,0.15384615384615374,0.16104868913857695,-0.02000919963201475,-0.06849315068493156,20.905797101449274,-1.5599116510215347,-0.12769172648281069,0.2641986663600826,0.058518364805976386,0.15031238515251746,0.1146209386281587,0.11210762331838577,-0.02631578947368418,0.0,0.09922928709055867,0.1209927611168562,0.02857142857142869,0.02060977027079369
98,2018-08-30,0.036587405902736236,0.03484095748112792,-0.1793540009738679,-0.02192758796532379,0.1272295717127998,0.08246761574964734,0.13131048914465082,0.13131048914465082,0.13030303030303034,0.14516129032258052,0.20980990377845574,-0.05124777183600715,0.10254713860403576,-0.6646942800788955,-0.04908329724267357,-0.016369588941433255,0.01529111938835537,0.103514376996805,0.15263157894736845,-0.11693548387096775,-0.1846846846846848,0.0,0.0874963482325446,0.0726476014760149,0.0277777777777779,0.058075536154868164
99,2018-11-29,0.02810309848764292,-0.06234802668495543,-0.03510680379746833,-0.09819256169621138,0.04877066947420583,-0.062440758293838876,-0.23861271676300574,-0.23861271676300574,-0.21983914209115274,-0.20845070422535208,-0.06692531522793399,1.0793799906059185,-0.2694269426942695,5.064705882352942,-0.3130408380142705,-0.195266272189349,-0.05464375362039009,-0.0014475969889982119,0.06111696522655441,-0.3013698630136986,-0.30386740331491713,0.0,0.02014775016789772,0.006665233283164929,0.0,0.03971300448430504
100,2019-02-28,0.0648503195425496,0.10047210585810218,0.22558163369888296,0.4185777606475236,0.020608816321710192,-0.2626058384936181,-0.5083510476768904,-0.5083510476768904,-0.5017182130584192,-0.4946619217081851,-0.2858627858627859,-0.4370905805285745,-1.390965092402464,-1.9233753637245397,0.4207734806629835,-0.16842830882352955,-0.17524509803921562,-0.14583937373151645,0.03376365441906648,-0.21568627450980396,-0.21164021164021166,0.0,-0.04160631994733377,-0.0696283639470312,-0.08108108108108103,-0.22424263335863648
101,2019-05-30,-0.02524901552003711,-0.08966767371601203,-0.16382338183642753,-0.26681157451433224,0.021870570197008776,-0.17943444730077118,-0.4811612106238419,-0.4811612106238419,-0.4758620689655172,-0.4788732394366198,-0.21077147016011644,-0.1709470304975923,-2.940126050420168,-1.6276260504201683,-0.18587649712241405,0.06410610665929806,-0.2662209014363546,-0.2471147318397827,0.02465577969900745,0.02500000000000013,0.18791946308724827,0.0,0.04835829097403499,-0.14233241505968774,-0.13235294117647067,0.24164924609705096
