,Quarter end,Assets,Current Assets,Liabilities,Current Liabilities,Shareholders equity,Revenue,Earnings,Earnings available for common stockholders,EPS basic,EPS diluted,Cash from operating activities,Cash from investing activities,Cash from financing activities,Cash change during period,Cash at end of period,Price,ROE,ROA,Book value of equity per share,P/B ratio,P/E ratio,Cumulative dividends per share,Equity to assets ratio,Net margin,Asset turnover,Current ratio
0,1993-12-31,0.005239178064364579,-0.011236774956923434,0.005552678380801313,-0.09183069613401762,-0.003761940992476065,0.12922998475585468,-4.68555396633293,-4.68555396633293,-4.777777777777779,-4.518518518518519,-1.5467571311784374,1.450339164584077,-1.2613834655779803,-1.6492594100054858,-0.32321701280650683,0.06545454545454543,0.2980251346499103,-0.03037383177570085,-0.006622516556291425,0.012886597938144506,-0.248181083265966,inf,-0.008542141230068356,0.3508771929824561,-0.014285714285714348,0.08873475245156648
1,1994-03-31,0.005239178064364579,-0.011236774956923434,0.005552678380801313,-0.09183069613401762,-0.003761940992476065,0.12922998475585468,-4.68555396633293,-4.68555396633293,-4.777777777777779,-4.518518518518519,-1.5467571311784374,1.450339164584077,-1.2613834655779803,-1.6492594100054858,-0.32321701280650683,0.06545454545454543,0.2980251346499103,-0.03037383177570085,-0.006622516556291425,0.012886597938144506,-0.248181083265966,inf,-0.008542141230068356,0.3508771929824561,-0.014285714285714348,0.08873475245156648
2,1994-06-30,0.06102586603876858,0.05940221639401511,0.052940226378605404,0.14285807167501785,0.09506006144661616,0.12922998475585468,-4.68555396633293,-4.68555396633293,-4.777777777777779,-4.518518518518519,-1.5467571311784374,1.450339164584077,-1.2613834655779803,-1.6492594100054858,0.3100723437341537,0.0068259385665530034,0.2980251346499103,-0.03037383177570085,0.0,0.012886597938144506,-0.248181083265966,1.0,0.03159103963239529,0.3508771929824561,-0.014285714285714348,-0.07304481546572937
3,1994-09-30,0.0067832682930624175,-0.01603582292580363,-0.04234054170740687,-0.07689575025015816,0.2250701406916293,-0.0068767962219954395,-0.4581766075586602,-0.4581766075586602,-0.4901960784313726,-0.4526315789473684,-1.1496987223679616,0.11070315004225306,-1.3968006046101524,-2.0011720134100144,-0.236960771032107,0.05423728813559303,0.2980251346499103,-0.03037383177570085,0.2266666666666668,0.05597964376590325,-0.248181083265966,0.5,0.21714922048997765,0.3508771929824561,-0.014285714285714348,0.0658845834814552
4,1994-12-31,0.15995119769002408,0.21949706265896166,0.20395339808296956,0.3603875783202657,0.0059328797629081284,0.2603072886324993,1.0697520661157025,1.0697520661157025,1.0384615384615383,0.8461538461538459,-27.826136363636362,1.2629866722636165,-17.145260618373438,-3.993847326581727,0.9297351222935212,0.032154340836012985,0.2980251346499103,-0.03037383177570085,0.016304347826086918,-0.15903614457831328,-0.248181083265966,0.25,-0.13266239707227812,0.3508771929824561,-0.014285714285714348,-0.1035019455252918
5,1995-03-31,0.038344382098896235,0.0283269920439968,0.030453053433264987,-0.06444090077628484,0.059953541877041376,-0.13587688723118407,-0.35734440717670235,-0.35734440717670235,-0.3584905660377359,-0.29166666666666663,-1.6893049117902141,-0.6273302726766834,-2.091512520447968,-1.5443302718923344,-0.2622551489369159,0.04049844236760114,0.2980251346499103,-0.03037383177570085,0.053475935828877,0.022922636103151817,-0.248181083265966,0.26666666666666683,0.02056962025316467,0.3508771929824561,-0.014285714285714348,0.09908234126984117
6,1995-06-30,0.0588951130650297,0.08940620270707499,0.06355319185320729,0.07115221446437969,0.03837771911243569,0.1438564675286269,0.7457957087233866,0.7457957087233866,0.7205882352941175,0.6764705882352939,-1.2903459518203224,0.8610670399751128,-0.9560949073406922,-1.659639158035416,0.2344899668034515,0.08233532934131738,0.0013831258644536606,-0.03037383177570085,0.04060913705583746,0.02801120448179284,-0.248181083265966,0.21052631578947367,-0.019121447028423774,0.02110389610389607,-0.014492753623188246,0.01703712061378759
7,1995-09-30,0.0678831451100641,0.08246103712652397,0.10498983815002873,0.0572966739097458,-0.07396229966023317,0.02210292392769353,-0.43820437990841576,-0.43820437990841576,-0.452991452991453,-0.4385964912280701,-0.9760939310221906,-0.797221850762236,0.4586854845326989,-0.7003748163906194,0.12207699745522582,0.0774550484094052,0.03913443830570906,-0.03037383177570085,-0.10731707317073158,0.03542234332425065,0.015053763440860068,0.21739130434782614,-0.13277133825079035,-0.014308426073131875,-0.014705882352941237,0.02385178611049477
8,1995-12-31,0.05339229048100669,0.08414492707367582,0.060577542550300574,0.1888456466134838,0.0007421547528752015,0.3650649287847847,1.1111580369963678,1.1111580369963678,0.0,-0.03125,205.82712022367195,2.4356607039815352,-19.204365190977107,5.824866875158483,0.3461676970169858,0.09756097560975617,0.09215773150199368,0.03855421686746974,0.010928961748633892,0.22894736842105254,0.05932203389830515,0.1428571428571428,-0.05042527339003644,0.0,0.04477611940298498,-0.08809188427782001
9,1996-03-31,0.0103252083453218,0.012130852526192505,0.015089972511924453,-0.06901892709687008,-0.01241688682101949,-0.22749673342425705,-0.3904136992878291,-0.3904136992878291,-0.359375,-0.3387096774193549,-1.8988196489362419,0.08824799654493988,-2.0003491760372536,-2.488104526596074,-0.3826668237796935,0.17894736842105252,0.05841784989858013,0.0,-0.016216216216216273,0.16702355460385454,0.08949999999999991,0.125,-0.022392834293026298,-0.001612903225806539,0.0,0.08709600760456282
10,1996-06-30,0.04405739343525905,0.059247516986202335,0.03522355580785552,0.09550642821822987,0.09256617443207582,0.17546888944544592,0.7377592543974796,0.7377592543974796,0.7073170731707317,0.6585365853658538,-1.5554441497761584,-0.546609048416968,-1.4616874451706967,-1.4684704178699537,0.2903911433022772,0.07638888888888884,0.07397470295132225,0.03016241299303957,0.07692307692307687,0.0935779816513762,0.037173015144561734,0.13888888888888884,0.046465968586387296,0.01292407108239102,0.014285714285714237,-0.033009072029730024
11,1996-09-30,-0.04382517549795406,-0.08598531184645375,-0.0971458526048069,-0.1267380865062424,0.234470891113068,-0.05205524671213047,-0.3912903895907692,-0.3912903895907692,-0.4,-0.3823529411764707,-1.0566451554673044,0.59185956039681,-0.9104326823360964,-2.050008882572393,-0.2362952361153311,0.0009216589861751334,-0.025339043540328343,0.03828828828828823,0.16326530612244894,-0.07046979865771807,-0.05309734513274345,0.12195121951219524,0.2914321450906818,0.015948963317384383,0.014084507042253502,0.04668249123996815
12,1996-12-31,0.13993519478522898,0.1750495462100179,0.1541909099519967,0.28460085778369826,0.08994505883441972,0.229006666962132,0.8822635187540719,0.8822635187540719,0.7857142857142858,0.7380952380952381,-55.48765137029955,0.9913548190010693,20.56166430118772,-6.401235090093901,1.6711773728321129,0.09944751381215466,-0.034419626510435834,0.026030368763557462,0.08333333333333348,-0.05415162454873645,0.047663551401869286,0.10869565217391307,-0.04406779661016946,0.04709576138147553,-0.01388888888888895,-0.08531317494600432
13,1997-03-31,0.00015138279803239563,-0.026367173405196342,0.0035523227605189773,-0.12752997126167798,-0.010306265440039541,-0.10287178086990567,-0.3395856339931763,-0.3395856339931763,-0.33333333333333337,-0.31506849315068497,-1.695494707783995,1.3208001595410126,-2.2119412706221464,-1.8843096103245207,-0.5532534927792705,0.020938023450586263,-0.03526734926052322,0.02114164904862581,-0.02024291497975716,-0.0572519083969465,-0.028991971454058962,0.0980392156862746,-0.010638297872340384,0.005997001499250532,0.014084507042253502,0.11593860684769774
14,1997-06-30,0.07024035407366402,0.06514445933897918,0.06994662754767632,0.09671098037269,0.061960359705511836,0.12886443279063187,0.6571578316861335,0.6571578316861335,0.6200000000000001,0.6200000000000001,-1.5038545711408564,-0.07956453340031466,-1.0612111302319465,-1.234028911787522,0.2898227759256009,0.15012305168170625,-0.011006289308176155,0.031055900621117963,0.06611570247933883,0.17206477732793513,0.1056499770326138,0.08928571428571419,-0.007680491551459334,0.028315946348733245,0.0,-0.028776978417266338
15,1997-09-30,0.0107308756369644,-0.01680455406158765,0.02354082640558564,0.011850585885811782,-0.025820979768871988,-0.05023520330238407,-0.37512613141764173,-0.37512613141764173,-0.3703703703703704,-0.3703703703703704,-1.0111779628486073,-0.20041077494272846,-4.597627609396161,-1.844205969607072,-0.18969281837103946,0.21611982881597736,0.019077901430842648,-0.0060240963855420215,-0.019379844961240456,0.14162348877374795,0.15164104694640626,0.09836065573770504,-0.036119711042311715,0.005797101449275255,-0.01388888888888895,-0.028322440087145906
16,1997-12-31,0.13164393804213634,0.2086089380662326,0.15008920682874005,0.2911238560573046,0.05726180659578727,0.19845910564392066,0.7945337543081632,0.7945337543081632,-0.03921568627450989,-0.0980392156862745,-289.3299738708473,-0.3464281223617324,-5.958577807778182,-6.704760197220978,1.3354837084947513,0.10498533724340177,0.04485179407176298,0.012121212121211977,0.011857707509881577,0.1270801815431164,0.06601731601731609,0.08955223880596996,-0.06584582441113496,0.02593659942363113,-0.014084507042253502,-0.06390134529147984
17,1998-03-31,0.15670867380772635,0.06077236030809829,0.15294383243154575,0.0593075969862964,0.1807026105898084,-0.03807582989220781,-0.31634366144217463,-0.31634366144217463,-0.36734693877551017,-0.32608695652173914,-1.8148946967774675,2.4206403737804045,-2.5694666600347134,-1.8744778947963907,-0.5000467259487165,0.12685774946921444,-0.019410227696901927,-0.041916167664670656,0.17578125,0.11275167785234876,0.04873096446700509,0.09589041095890427,0.021203438395415608,-0.004213483146067286,-0.02857142857142847,0.0013173652694611349
18,1998-06-30,0.0707976680725595,0.08868363191283303,0.07477170851338899,0.036667101000568136,0.05410993774435413,0.2213000130084928,0.6893306877787164,0.6893306877787164,0.6451612903225807,0.6129032258064517,-1.3990204208726928,-0.6434115378434839,-1.1867997511338255,-1.2146533258578802,0.2146934491286594,0.1229392369288742,0.015987818804720444,-0.008333333333333305,0.05647840531561465,-0.04463208685162834,0.07583091319780587,0.07499999999999996,-0.015712682379348974,0.0028208744710860323,-0.014705882352941237,0.05023322569070698
19,1998-09-30,0.011992864405826252,-0.02946274533211945,0.015858426476440757,-0.04184837644328876,-0.01052899924448547,-0.06650721343591592,-0.3744534375290725,-0.3744534375290725,-0.3725490196078432,-0.36,-1.142898094877869,0.4670467091773507,-2.425993392267167,-1.4132873455446542,-0.0730473073349156,0.07214765100671139,-0.015361558636193484,-0.0357142857142857,-0.006289308176100628,0.015151515151515138,0.005398920215956782,0.06976744186046524,-0.022234891676168652,-0.015471167369901397,-0.0149253731343284,0.012868693770641038
20,1998-12-31,0.11016803878067648,0.18863081728446815,0.12859442782481054,0.2736661811547925,0.017885901607398225,0.22046360091974448,0.7545545806067817,0.7545545806067817,0.8124999999999998,0.71875,-25.67317711961216,-0.3582146861417008,-3.763708773489797,-14.562712688381138,1.0687920213003697,-0.05555555555555547,0.01940639269406419,-0.006535947712418389,-0.034810126582278555,-0.04975124378109441,-0.09427207637231516,0.08695652173913038,-0.08338192419825075,-0.004285714285714447,-0.015151515151515138,-0.06667416235664493
21,1999-03-31,2.547011169218294e-05,-0.026091178465961432,0.015303115272676804,-0.06750941809328881,-0.066914994275027,-0.04265684123010505,-0.30534747459764144,-0.30534747459764144,-0.3620689655172413,-0.3272727272727274,-1.7284610042403266,0.4203082372086344,-1.965134721177462,-2.00993482325812,-0.5205781956001087,0.4130074565037283,0.05375139977603571,0.0043859649122806035,-0.07213114754098349,0.4633507853403143,0.3376152832674573,0.07000000000000006,-0.06679389312977102,-0.017216642754662725,0.030769230769230882,0.04433200819178418
22,1999-06-30,0.04578121499757759,0.05416758115568898,0.05099151017692982,0.05935177082266652,0.017985395066124617,0.10767676045469576,0.6342088404868673,0.6342088404868673,0.6486486486486487,0.5945945945945945,-1.2643837633800197,0.3221368515055014,-1.0609576306201405,-0.9882197404379666,-0.012820554087416669,0.11492231017296994,0.0825363088912503,0.028384279475982543,0.028268551236749095,0.20214669051878345,0.07633587786259555,0.0747663551401867,-0.026584867075664542,0.018978102189781017,0.0,-0.004844849463605971
23,1999-09-30,0.0325483855121258,0.03612717257968479,0.030575971758019405,0.03472683034726831,0.027412790697674442,-0.0468281263160546,-0.34400141867801604,-0.34400141867801604,-0.34426229508196715,-0.3389830508474576,-0.6920199355027852,-0.4784592347150094,-1.963336671031349,1.6801405975395431,-0.0348071342397861,-0.02866158296082044,0.053337696335078684,0.00424628450106157,0.027491408934708028,-0.0558035714285714,-0.07641272020132706,0.0608695652173914,-0.004901960784313819,0.0014326647564470993,0.0149253731343284,0.001390981801321356
24,1999-12-31,0.20850547099235595,0.11268594355396068,0.16451089259927576,0.2257030227571644,0.4645974214601665,0.2407662196088796,0.705812050935477,0.705812050935477,0.7249999999999999,0.6923076923076923,24.188154437802233,4.016371811162154,-26.05408970976253,-27.26810304449649,0.9472898332854752,0.2097996751488902,-0.03199751475613555,0.0021141649048626032,0.4682274247491636,0.17809298660362494,0.16522169928164487,0.07377049180327866,0.211822660098522,0.011444921316165813,-0.014705882352941237,-0.09225604815372146
25,2000-03-31,-0.02377463186863693,-0.04076290170200525,-0.0219014421482352,-0.15423369666784992,-0.03337888257953836,-0.08213687393463476,0.19721751895440096,0.19721751895440096,0.1884057971014492,0.18181818181818188,-1.681953511363662,-0.6514418627307711,-2.3181889986165696,-1.7951335891473974,-0.38680526762278655,0.004251510405012482,0.09980744544287544,0.14345991561181434,-0.03872437357630976,-0.3163879598662207,-0.05059523809523814,0.06870229007633566,-0.009872241579558572,0.1626591230551626,-0.0149253731343284,0.1341494516704922
26,2000-06-30,0.06540155756183562,0.08699833371531929,0.09660575212458178,0.14201055710812294,-0.07819453401054187,0.1024136793290864,-0.11252072621884103,-0.11252072621884103,-0.1097560975609756,-0.10256410256410264,-1.3499064003537833,1.9076940277127543,-0.7812430018653622,-1.3782925571278004,0.23862819765632515,-0.0008912655971479166,-0.021009629413481168,-0.01845018450184499,-0.07819905213270129,0.04011741682974557,-0.1701746529332735,0.06428571428571428,-0.13489736070381242,0.0,-0.015151515151515138,-0.04812232966044516
27,2000-09-30,-0.00282301125749973,0.02797218025724701,0.013253863657201714,-0.010064614081534806,-0.09432177317301793,-0.04454676713292927,-0.32752949673043563,-0.32752949673043563,-0.3287671232876712,-0.3142857142857143,-0.6957225484792621,-0.6760429007769337,-0.8091723015969632,-1.0327697816138288,-0.006313269743814631,-0.10548617305976817,-0.001788375558867461,-0.02067669172932329,-0.08997429305912596,-0.03010348071495772,-0.14436049649217486,0.05369127516778538,-0.09152542372881343,-0.009732360097323587,-0.015384615384615441,0.03838884951570986
28,2000-12-31,0.0576298460895277,0.06255343075433628,0.028356031945247606,0.15306871382764808,0.23564109459398,0.24090771712392844,0.6600438924168845,0.6600438924168845,0.6938775510204079,0.5,11.245999937539688,1.5261041793391987,-23.014208664385553,-30.585021707670045,0.18796489550482254,0.027923211169284427,0.04777545535980887,0.02303262955854124,0.18644067796610164,0.12997090203685735,-0.007568590350047422,0.0573248407643312,0.1679104477611939,-0.004914004914004844,0.03125,-0.07848936412239782
29,2001-03-31,-0.06715564546890218,-0.10654359336695064,-0.0741785161323032,-0.2253511368665484,-0.023757537244660454,-0.11168872094436066,-0.32998607653685497,-0.32998607653685497,-0.3734939759036144,-0.2777777777777777,-1.7767925376775706,-0.8390733377577569,-2.1623115405792026,-2.175351277316474,-0.18596911479305056,0.04365753092408453,-0.09860359076660008,-0.10694183864915564,-0.02857142857142858,-0.12017167381974247,0.020336828725770584,0.054216867469879526,0.04664536741214054,-0.12716049382716055,0.015151515151515138,0.1533144056289346
30,2001-06-30,0.0648482876061709,0.0709415241802216,0.05338691235154691,0.08493071729660184,0.10418545084339437,0.090969275525971,0.5886439966414778,0.5886439966414778,0.596153846153846,0.5576923076923077,-1.427852132327997,4.199357675954818,-1.1023451789765708,-1.0472365573497586,0.010791409657598505,0.023704392284452647,0.0031615554852988392,0.042016806722688926,0.10294117647058833,0.0536585365853659,0.1336032388663968,0.05714285714285716,0.037240537240537115,0.016973125884017115,0.02985074626865658,-0.012843840308252141
31,2001-09-30,0.0545024277909163,0.013645889602951877,0.04666623344488796,0.017098180105787453,0.08394156429634814,-0.10062812430586887,-0.3898563746151712,-0.3898563746151712,-0.3975903614457831,-0.3827160493827161,-0.7102159517299413,0.057319341592671824,-3.1092902225667145,-1.9030837004405288,-0.00964150078190218,-0.15822928490351873,-0.07217144658052321,-0.012096774193548264,0.0822222222222222,-0.23703703703703705,-0.19478021978021973,0.054054054054053946,0.027663331371394984,-0.00417246175243402,-0.014492753623188246,-0.003361162311612209
32,2001-12-31,0.024736326716865875,0.005475742994524246,-0.01129653849340806,0.17315835691114656,0.20401271431642853,0.254269222641202,0.7772833089708191,0.7772833089708191,0.72,0.8400000000000001,9.460095678576472,0.018578513055081517,-5.261562286734212,-13.440487804878051,0.12111268090562645,0.024271844660194164,-0.046535326086956534,0.026530612244897837,0.1848049281314168,-0.05339805825242727,0.016376663254861867,0.05128205128205132,0.1752577319587627,0.019553072625698283,0.014705882352941124,-0.14295039164490875
33,2002-03-31,0.03309873760220716,0.04019145466106622,0.07397312746773532,-0.09751953215839104,-0.12110388313726606,-0.1208065884722036,-0.21673439299139152,-0.21673439299139152,-0.1976744186046512,-0.32608695652173914,-1.6397741262877743,-0.5394920794241003,-2.1546123665748933,-0.42046033799945104,0.06260708968105533,0.17877830437072162,0.009618810117563159,0.02186878727634212,-0.11265164644714032,-0.00512820512820511,0.09298422289358864,0.048780487804878085,-0.14961013645224175,0.046575342465753344,-0.02898550724637672,0.1525767961411526
34,2002-06-30,0.05531270088159768,0.045069605536482094,0.03295948449159236,0.05548619320440951,0.15258089923555995,0.1062919859203222,0.4569559603627709,0.4569559603627709,0.463768115942029,0.46774193548387105,-1.4819266461616383,0.4115957002639568,-1.2609215648828491,-4.103518267929635,-0.18285427267889287,-0.2720571811480902,-0.0038814396612560924,0.023346303501945442,0.146484375,-0.1791237113402061,-0.29760442260442266,0.046511627906976834,0.09226361031518636,0.041884816753926746,-0.0149253731343284,-0.009911894273127664
35,2002-09-30,-0.030516555019012962,-0.06599753301933052,-0.04828022076170646,-0.06338454916484383,0.04593616998136607,-0.07727872046349492,-0.3267810906761338,-0.3267810906761338,-0.3267326732673267,-0.3296703296703297,-0.5617708153731209,-0.5968797938578461,-0.3529426196327297,-0.4296708088074994,-0.12762366118579116,-0.2012887388769562,-0.0021253985122210444,0.03802281368821303,0.04599659284497437,-0.3045525902668761,-0.2282466112811544,0.044444444444444516,0.07922350472193074,0.03015075376884413,0.015151515151515138,-0.002780867630700845
36,2002-12-31,0.05324172650062065,0.060785276766308176,0.038319904728659315,0.15387427597363645,0.1130026580246566,0.19813068892182395,0.5976812789443633,0.5976812789443633,0.588235294117647,0.6229508196721312,6.701939110070258,2.257436700989902,3.1346014092072423,-6.911509498872367,0.8648199771284135,0.13714944295044185,0.015264465743698885,0.034798534798534675,0.10912052117263847,0.08803611738149009,0.09631728045325794,0.042553191489361764,0.0563928050559066,0.04146341463414638,-0.0149253731343284,-0.0806469604015615
37,2003-03-31,-0.0003966225491763842,-0.011220375989920985,-0.01542510183893919,-0.08556896649532919,0.050257558895211885,-0.08570707154133506,-0.3617836544665813,-0.3617836544665813,-0.3611111111111112,-0.3030303030303031,-1.5382376813568448,-0.8177538873851347,-1.6215076114201872,-2.009977303735508,-0.4683822349767824,-0.030743243243243287,-0.08006993006993003,-0.019469026548672663,0.05139500734214408,-0.12655601659751048,-0.05271317829457378,0.04081632653061207,0.051081454210768484,-0.02693208430913363,0.015151515151515138,0.08129094879883514
38,2003-06-30,0.06555848720545576,0.06193548549144778,0.05394175226532028,0.05040633819470308,0.10656125661824256,0.10956951753650168,0.4834427300441735,0.4834427300441735,0.4782608695652175,0.4782608695652175,-1.4527383495482031,2.683620671596456,-0.8899222899862286,-1.539294082999347,0.4751454607502757,0.12896479609620082,-0.06879513492968459,-0.016245487364620947,0.0977653631284916,0.07363420427553424,0.1042007637752318,0.03921568627450989,0.03809106830122588,-0.02406738868832714,0.0,0.0109964093357271
39,2003-09-30,0.007228292663166158,-0.0006376041491912288,-0.0048766672084124,-0.007329750326050877,0.04417155885650215,-0.0562477553002827,-0.2908459897141239,-0.2908459897141239,-0.2941176470588236,-0.2941176470588236,-0.1743049663089593,-0.2287014131763769,-2.6724230373977926,-0.757474668930189,0.07811759127548612,0.16393948749614085,-0.0579591836734693,-0.01467889908256881,0.04325699745547063,0.06194690265486735,0.1254940711462451,0.03773584905660377,0.03669337832138342,-0.017262638717632672,0.0,0.006770255271920211
40,2003-12-31,0.1434273683851921,0.2317203693025107,0.15700787606526154,0.1903100189760596,0.11183681875090824,0.2353565483241422,0.6358737035093036,0.6358737035093036,0.6388888888888888,0.6111111111111112,3.7124992947586466,0.2504700322202478,-0.706763201132766,22.613980126291057,1.7110074659951409,0.057029177718832764,-0.045060658578856105,-0.024208566108007368,0.10975609756097572,0.012500000000000178,0.022827041264266826,0.036363636363636376,-0.02766476810414975,-0.016311166875784155,0.0,0.03472605004960872
41,2004-03-31,-0.03180505530690258,-0.09140132131109968,-0.05607119125661497,-0.082404052943024,0.044327289293113685,-0.10959407002579358,-0.3872100432477867,-0.3872100432477867,-0.3898305084745762,-0.3793103448275862,-1.6724994420067576,-0.5218160377358491,6.329628279883383,-2.046205509836032,-0.6603018231057558,0.025595984943538097,-0.06034482758620696,-0.03053435114503822,0.05164835164835169,-0.0761316872427984,-0.02274678111587991,0.038596491228070066,0.0786610878661087,-0.022959183673469385,-0.0149253731343284,-0.0098018325165139
42,2004-06-30,0.02699757093095312,0.040090634441087625,0.034303909981539205,0.07261189419891045,0.008536619056827899,0.07905350900779773,0.5199115044247788,0.5199115044247788,0.5277777777777779,0.5277777777777779,-1.6644201424211598,0.8988902589395809,0.4462399005593536,-1.1376064989102437,0.2674754477180821,-0.030340102764864093,-0.02655721873491068,-0.011811023622047223,0.01880877742946696,-0.07795100222717166,-0.03820816864295129,0.04054054054054057,-0.01784328937160584,-0.00652741514360311,0.0,-0.030342156229825726
43,2004-09-30,-0.019962128831334525,-0.05635111976065299,-0.026366735605481084,-0.04009162303664926,-0.0015613871692324865,-0.03688013954647396,-0.29500242600679283,-0.29500242600679283,-0.28181818181818186,-0.28181818181818186,-0.7869856459330143,-0.2733766233766234,-0.04426299957026214,-2.649388048956084,-0.3480704952901853,-0.1004289679535706,-0.02281746031746024,-0.01195219123505986,0.0030769230769229767,-0.1159420289855071,-0.12009132420091315,0.03571428571428559,0.018957345971564173,-0.01708278580814715,0.0,-0.016866400355082245
44,2004-12-31,0.1325524611628155,0.2458983593437376,0.13762500121242693,0.19229038548072586,0.1190156108535214,0.20267356619232424,0.6276668960770819,0.6276668960770819,0.6455696202531644,0.620253164556962,11.939802336028752,2.680965147453083,-0.8471223021582734,-5.459624618070712,1.7163831274761128,0.09340813464235607,-0.020304568527918843,-0.0040322580645161255,0.12883435582822078,0.0901639344262295,0.07317073170731714,0.034482758620689724,-0.012015503875968949,-0.008021390374331583,0.015151515151515138,0.044920993227991035
45,2005-03-31,-0.0595473179023146,-0.10839890798137143,-0.06158345269763321,-0.08006724688068256,-0.05545884718170002,-0.1384008605234851,-0.3636363636363637,-0.3636363636363637,-0.3692307692307693,-0.359375,-1.497847521177614,-2.2935178441369257,10.455882352941176,-1.5652344132328473,-0.4954529855868223,0.11800923550538744,0.005181347150259086,0.004048582995951343,-0.04891304347826075,-0.010025062656641605,0.08365570599613159,0.03333333333333344,0.0043154178109061645,0.0026954177897573484,0.0,-0.03078418664938432
46,2005-06-30,-0.02228645469949164,-0.04078918199955661,-0.02521237450597369,-0.04109997762251672,-0.011680726800778696,0.08855597170203923,0.5003322259136214,0.5003322259136214,0.5121951219512195,0.5121951219512195,-1.204741980474198,-1.1480855855855856,-0.22053915275994865,-0.5764502164502164,-0.4159156606019384,-0.0530059660394675,0.015979381443298912,0.020161290322580742,-0.004761904761904856,-0.0050632911392405324,-0.07675145024542608,0.032258064516129004,0.010937499999999822,0.006720430107526987,0.0149253731343284,0.00033433634236046395
47,2005-09-30,0.008114665524904696,0.005517679685694389,0.008090222760742005,0.0038894362910335545,0.007458962573867467,-0.0355149476259653,-0.2838795394154119,-0.2838795394154119,-0.27419354838709675,-0.27419354838709675,0.8106267029972751,0.2433460076045628,-0.6455862977602108,-1.2130008176614882,0.1516739446870452,0.001696147322510333,0.009132420091324091,0.009881422924901129,0.0181818181818183,0.007633587786259444,-0.03238279362010643,0.03409090909090917,-0.0007727975270478415,0.001335113484646211,0.0,0.0015597147950090484
48,2005-12-31,0.07323962652105043,0.1445111615479644,0.09089480204885447,0.1236052278127906,0.029223910946583494,0.16508779579055854,0.5627705627705628,0.5627705627705628,0.5888888888888888,0.5666666666666664,3.874341610233258,4.281345565749237,1.9377323420074348,7.449136276391554,1.1127401415571283,-0.004837929366231286,0.02966314731020625,0.02348336594911937,0.03759398496240585,-0.02272727272727271,-0.03046953046953049,0.030219780219780112,-0.04098994586233562,0.005333333333333412,0.014705882352941124,0.01868743047830912
49,2006-03-31,0.046539237055509115,0.08233551723272338,0.07743094695268192,-0.011505350390216385,-0.04521276595744683,-0.12808736476832006,-0.3442817570241393,-0.3442817570241393,-0.3426573426573427,-0.34042553191489355,-0.9220438406915714,-1.5458405713182783,-2.919962037329958,1.2423898228078143,1.1810241684613545,0.007535245503160094,0.02490234375,-0.007648183556405286,0.0009057971014494461,-0.03100775193798455,-0.0226687274600722,0.03200000000000003,-0.0879032258064516,0.003978779840848823,0.0,0.09488971391133427
50,2006-06-30,-0.012454383943148016,-0.049620799220725036,-0.0064346116027531606,0.003546429152810449,-0.035999469425653234,0.10164267041242336,0.4731442365721184,0.4731442365721184,0.5212765957446808,0.5268817204301073,-0.1524752475247525,-1.5247524752475248,-2.1084198385236452,-1.7404518285887955,-0.4009545230127818,0.07647768395657395,0.03430204859456887,-0.005780346820809301,-0.04253393665158378,0.07733333333333325,0.05007907221929386,0.03359173126614978,-0.023430592396109676,0.0039630118890356955,-0.014492753623188246,-0.05295701605664693
51,2006-09-30,-0.0077431275184917095,-0.021816850710755897,-0.013649283095948705,-0.0015062509414068836,0.014695360228961453,-0.017390380392434682,-0.2744776730848013,-0.2744776730848013,-0.2657342657342656,-0.2676056338028169,1.3796728971962615,-0.40229110512129385,-0.5011149100639215,-0.6118484060747025,-0.2597985347985348,0.0022411474675034797,0.028558268079226238,-0.003875968992248069,0.0198487712665405,0.04702970297029707,-0.03664658634538154,0.030000000000000027,0.022181982797645942,-0.005263157894736858,0.0,-0.02032434709351305
52,2006-12-31,0.11261247465683355,0.20333803185849544,0.13131807710522292,0.1947619434419856,0.04992948578867429,0.1593194679739034,0.564652738565782,0.564652738565782,0.5619047619047617,0.5576923076923077,5.63181148748159,1.6437429537767758,-0.4573897497020262,-4.282340500528727,1.1520475071136955,0.11292486583184268,0.034482758620689724,-0.005836575875486361,0.07321594068582038,0.08983451536643018,0.08077123501823857,0.0315533980582523,-0.05624446412754647,0.003968253968253954,-0.014705882352941237,0.0070944856497903155
53,2007-03-31,-0.05617581643214198,-0.10737239291785873,-0.05621421425682727,-0.08285661561173653,-0.059489060522305175,-0.11681124273233225,-0.3395885961746662,-0.3395885961746662,-0.323170731707317,-0.3271604938271605,-1.2563476201051151,-1.4187633262260129,1.481054365733114,-1.7637457044673541,-0.4088531187122736,0.04219409282700415,0.029004329004328918,0.013698630136986356,-0.0492227979274612,-0.02819956616052055,-0.0014464802314366756,0.028235294117647136,-0.003284842796809073,-0.003952569169960452,0.0149253731343284,-0.026683744262994916
54,2007-06-30,0.01272748483434438,0.003123911276274427,0.013276199067809413,0.011902996928942144,0.012331776984344955,0.1005069351545449,0.5120218579234972,0.5120218579234972,-0.2342342342342343,-0.2293577981651377,-1.8628356915968811,-3.0570264765784114,-0.2222222222222222,-0.640185601799775,-0.2488573373529126,0.014459224985540862,0.03323517038283552,0.02316602316602312,0.019981834695731227,0.06696428571428559,-0.016900048285852343,0.029748283752860424,-0.0004708097928437517,0.01058201058201047,0.014705882352941124,-0.00866323061739227
55,2007-09-30,0.04440681480457554,0.04756943238518629,0.041851527606724837,0.048998472068149994,0.05040831275943458,-0.00790121877099259,-0.2692446693169498,-0.2692446693169498,-0.2705882352941177,-0.26190476190476186,-0.2764390896921017,0.20099009900990092,-0.6052931132612407,-0.2372020320437671,-0.2527187985499741,-0.0226149752945648,0.014657980456026062,0.0,0.05431878895814779,-0.04184100418410042,-0.06974459724950878,0.03333333333333344,0.005652378709373629,0.0,0.0,-0.0014380530973452375
56,2007-12-31,0.06278538812785395,0.16083900627707548,0.06374842444828976,0.12007661917873813,0.056822584394452084,0.16911717288966274,0.5519287833827893,0.5519287833827893,0.5645161290322579,0.532258064516129,5.617021276595745,-0.6121187139323989,-0.2876712328767124,-7.229508196721312,2.1067221067221067,-0.03849893058526144,0.024077046548956597,0.02452830188679256,0.07770270270270263,-0.08733624454148481,-0.07233368532206974,0.032258064516129004,-0.005620608899297497,0.00654450261780104,0.028985507246376937,0.036446216904841185
57,2008-03-31,-0.04329145845981408,-0.09861769577883127,-0.05447218149806865,-0.07878188684623055,-0.01339296624874742,-0.11872914310929705,-0.3349267049075845,-0.3349267049075845,-0.3298969072164948,-0.3157894736842105,-1.3548161610513072,0.4335812964930925,2.446356275303644,-1.8053453947368419,-0.5461186705331251,-0.1019211324570274,0.0007836990595613269,0.007366482504604033,-0.012539184952978122,-0.16746411483253587,-0.14456459874786576,0.03125,0.031559114460668836,-0.002600780234070066,0.0,-0.021483539974348043
58,2008-06-30,0.013353292763621738,0.0068966974008004564,0.0022231347616148427,0.0002513850348555557,0.05576060838762409,0.08809538711898357,0.4710110206037375,0.4710110206037375,0.4923076923076921,0.4769230769230768,-1.819739952718676,0.246108228317272,-0.5908957415565346,-1.1040539160624936,0.1251996559773929,0.05719432560234194,-0.006264682850430693,0.01279707495429605,0.06111111111111112,0.07183908045977018,0.02062541583499677,0.03030303030303028,0.041552511415525295,0.003911342894393766,0.014084507042253502,0.006553795740032786
59,2008-09-30,-0.07195615406024536,-0.12402450281111023,-0.051414281273842184,-0.06723826278599943,-0.14096668230877518,-0.046219333314159165,-0.3042345276872964,-0.3042345276872964,-0.2886597938144331,-0.28125,-0.2167748137466955,0.29268292682926833,1.5448671931083993,-4.7801766437684,-0.4206158549901725,-0.12438764643237488,0.024034672970843163,0.021660649819494667,-0.11892296185489905,-0.1769436997319035,-0.15710560625814862,0.029411764705882467,-0.07409031126698817,-0.0051948051948051965,0.0277777777777779,-0.060879001627780815
60,2008-12-31,-0.0011995939835748315,0.025589136890506792,0.010217608245580044,0.010829352207840648,-0.03780181361302304,0.016645558168988606,0.2687265917602997,0.2687265917602997,0.2898550724637683,0.2608695652173913,2.5587603559374044,-0.2650713299585826,-0.3808180535966149,-2.471183800623053,1.0680361854504334,-0.2648990513257116,-0.005771450557906843,-0.01590106007067138,-0.03820033955857383,-0.1628664495114006,-0.2807424593967517,0.02857142857142869,-0.03693181818181823,-0.022193211488250708,0.0,0.014675294661428362
61,2009-03-31,-0.10149320953436802,-0.1897278427068617,-0.1123332104681165,-0.1499251604437063,-0.05436016804814348,-0.18532360443732576,-0.3929889298892989,-0.3929889298892989,-0.4044943820224719,-0.3908045977011494,-1.1969305052595276,-0.8584846587351284,0.6879271070615034,-2.20857596611964,-0.6241684133782921,-0.1909331568497683,0.001547987616098867,-0.003590664272890453,-0.053839364518976085,-0.15953307392996094,-0.17096774193548392,0.027777777777777683,0.05260570304818102,-0.010680907877169464,0.0135135135135136,-0.04680560300649117
62,2009-06-30,0.02086667052253444,-0.005778181241804625,-0.02015579842540616,0.0044742999107552075,0.15855671959895545,0.045183135512997914,0.4188449848024316,0.4188449848024316,0.4150943396226414,0.4150943396226414,-2.4789842381786342,3.389380530973451,0.06882591093117417,-0.9817491604613812,-0.0303103782735209,0.14969325153374236,-0.051004636785162094,-0.03783783783783778,0.15858208955223874,0.21296296296296305,0.1958495460440988,0.0270270270270272,0.13498365249883215,-0.032388663967611316,-0.013333333333333308,-0.010274790919952316
63,2009-09-30,0.019892479887192,0.03042117162816305,0.011043776751281877,0.03314963560614248,0.04539448115040812,-0.01153028877974016,-0.2904884318766067,-0.2904884318766067,-0.2933333333333333,-0.2933333333333333,0.0174659561870929,-0.3145161290322581,-0.7679292929292929,-16.8,0.4938734683670918,0.2130914265385984,-0.0785830618892509,-0.03745318352059923,0.04347826086956519,0.04961832061068705,0.3026030368763557,0.02631578947368407,0.024691358024691468,-0.015341701534170247,-0.013513513513513488,-0.002655721873491057
64,2009-12-31,0.10612045872578912,0.2361281066711676,0.12902387499161685,0.17170249854735609,0.0396807693260961,0.15090217084860447,0.38586956521739135,0.38586956521739135,0.3773584905660377,0.35849056603773577,2.719813791096887,-0.4676470588235294,1.933623503808488,4.010632911392405,1.6565115500502174,0.08856304985337228,-0.09102960671674776,-0.05836575875486383,0.04243827160493829,0.040000000000000036,0.15320566194837634,0.02564102564102577,-0.05983935742971891,-0.04107648725212465,-0.013698630136986356,0.055071411280561484
65,2010-03-31,-0.060890478608536476,-0.10667349377026793,-0.05964552751356932,-0.08404661542276226,-0.06508057595117768,-0.10588523485822764,-0.28801742919389983,-0.28801742919389983,-0.273972602739726,-0.2777777777777777,-1.217364098552992,0.20718232044198887,0.22106824925816013,-1.6938156831042843,-0.4326402016383113,0.0078125,-0.03840544482255703,-0.02066115702479343,-0.05403404885270169,-0.031468531468531465,0.06787003610108311,0.03333333333333344,-0.004698846646732147,-0.016248153618906747,-0.01388888888888895,-0.024779167144659886
66,2010-06-30,-0.029727561721976326,-0.05046490892879885,-0.02746237544020336,-0.001678379227079252,-0.039395175684634576,0.04150684931506854,0.4889840881272949,0.4889840881272949,0.5094339622641509,0.5192307692307692,-1.3861101115509176,1.2151029748283753,0.038578371810449534,-0.4659190212642004,-0.4072634384717904,0.04597701149425304,0.01870576339737107,0.0063291139240506675,-0.021909233176838797,0.10469314079422376,0.0500338066260988,0.032258064516129004,-0.009871244635193288,-0.0015015015015015232,0.014084507042253502,-0.04881778614280674
67,2010-09-30,0.11963231511647845,0.22502280409937225,0.1270053910106521,0.06123909931016525,0.09287818862315178,-0.015322898855714806,-0.28236744759556104,-0.28236744759556104,-0.2750000000000001,-0.2784810126582279,0.9953401677539608,-0.2902892561983471,-3.7154138637028367,-4.151349877283884,2.1652613827993257,-0.06082289803220042,0.0059553349875929315,-0.018867924528301886,0.0935999999999999,-0.03921568627450989,-0.07533805537669025,0.031249999999999774,-0.02384048547897688,-0.00300751879699257,-0.02777777777777779,0.15434083601286175
68,2010-12-31,0.07019750912064415,0.11626862893247035,0.12908919321955747,0.12662251384885834,-0.1303555814631303,0.1977225672877847,0.4112256586483392,0.4112256586483392,0.4310344827586208,0.456140350877193,5.746847267631948,0.22998544395924306,-1.8558810857389056,-0.4813084112149533,0.3548215237080448,0.1757823129251701,0.061667488899852074,-0.0042735042735042575,-0.07754206291148502,0.0748299319727892,0.15738161559888586,0.03030303030303028,-0.1873889875666075,-0.004524886877827927,0.014285714285714237,-0.009213627598028795
69,2011-03-31,-0.02032086108115572,-0.1008622634661226,-0.031187392330759955,-0.05680797597771948,-0.015612344644602703,-0.12139292385758492,-0.18060064935064932,-0.18060064935064932,-0.15662650602409645,-0.1686746987951807,-1.1224645205953616,1.8331360946745563,-0.5091870123332494,-2.295462128795462,-0.33927557128500896,0.10877111779680626,0.0738847583643123,0.012875536480686513,-0.0055511498810467685,0.20253164556962025,0.06377858002406732,0.03676470588235303,0.004918032786885407,0.027272727272727115,-0.014084507042253502,-0.04671280276816603
70,2011-06-30,-0.0006155932910765216,-0.014346654447462859,-0.003576085667996942,-0.004049283921168767,0.008426488112126096,0.1066543965982294,0.36255572065378905,0.36255572065378905,0.4000000000000001,0.3913043478260869,-0.5155455059355568,-0.5714285714285714,-0.06641025641025644,-0.322730199613651,-0.34777145880174576,-0.014819453141306503,0.05192557334487247,0.0,0.014354066985646119,-0.010526315789473715,-0.07296380090497734,0.035460992907801366,0.008700380641653016,0.0014749262536872811,-0.014285714285714348,-0.01032214156079858
71,2011-09-30,-0.011520773410869323,-0.006608075799167668,-0.0070456513261819564,-0.014862672383821997,-0.030245055285147537,-0.03053851006480468,-0.2595419847328244,-0.2595419847328244,-0.2551020408163265,-0.25,-4.070011668611436,-0.3109161793372319,-0.4765174402636638,-0.8370412625974519,-0.0868903984588868,-0.1014830508474578,0.08144796380090512,0.02330508474576276,-0.01808176100628933,-0.1143617021276595,-0.151921903599756,0.03424657534246567,-0.018867924528301886,0.002945508100147265,0.028985507246376937,0.008366762177650422
72,2011-12-31,0.08287917194761296,0.16120873121107104,0.09999800310184837,0.144114734974365,0.016682139955901176,0.13960779674051293,0.3348060873834069,0.3348060873834069,0.3287671232876712,0.3333333333333333,3.9973394146712273,1.28995756718529,0.36935991605456464,-11.275379229871644,0.9777925827226293,-0.04503654798396595,0.0330924305819702,0.014492753623188468,0.02882305844675725,-0.027027027027026973,-0.08920863309352522,0.0331125827814569,-0.06098901098901099,0.008810572687224738,0.0,0.014889747669925013
73,2012-03-31,-0.03325465487139978,-0.07686033680372306,-0.045692743379968086,-0.06887156199126042,0.02131666809348509,-0.14160762023410933,-0.2475174696579625,-0.2475174696579625,-0.24742268041237114,-0.25,-1.0003802859750532,-0.6466954910438543,-0.033333333333333326,-1.3162616397910516,-0.15635526611273298,0.17555555555555544,-0.0011045655375553354,-0.00612244897959191,0.02178988326848264,0.1450617283950617,0.1295418641390207,0.03846153846153855,0.056173200702164916,-0.008733624454148492,0.014084507042253502,-0.0085115914436108
74,2012-06-30,0.01427598557267884,0.024634894236266414,0.03810278684886348,-0.016324352179034163,-0.0863649063984353,0.07670909805581583,0.381720430107527,0.381720430107527,0.4109589041095891,0.4166666666666667,-316.6,1.6555944055944054,-1.7808164883075703,-1.5838420107719928,0.10820523058494702,0.027515227893299743,0.028750460744563226,-0.004106776180698103,-0.062452399086062475,0.005390835579514919,0.01818181818181808,0.0370370370370372,-0.09916897506925204,0.002936857562408246,-0.01388888888888895,0.0415678301140856
75,2012-09-30,0.03439186332777955,0.05474004565051982,0.035421527786261515,0.0011599842840839258,0.02712621181075869,-0.043358607132827916,-0.2787407145383799,-0.2787407145383799,-0.27184466019417475,-0.27450980392156865,-0.09505703422053237,-0.6148782093482554,-0.1639593908629442,0.7896678966789668,0.17474328949738793,0.04026982829108738,0.006807595843783654,-0.02268041237113405,0.03249390739236402,0.1072386058981234,0.0219780219780219,0.03571428571428559,-0.006765067650676415,-0.0014641288433382413,-0.014084507042253502,0.053573365144778284
76,2012-12-31,0.06509760553899424,0.12160121572361525,0.07340439966256285,0.10965969613724293,0.030429345560650363,0.15789937180766755,0.5061304561059343,0.5061304561059343,0.5199999999999998,0.5405405405405403,7.061624649859944,0.41538461538461546,-3.0006071645415906,1.4810996563573884,0.36906404948116345,-0.03537040675967773,0.03985765124555152,0.016877637130801704,0.041699449252557086,-0.06537530266343827,-0.040994623655914116,0.034482758620689724,-0.03281733746130033,0.029325513196480912,-0.014285714285714348,0.0107050952135872
77,2013-03-31,-0.05613965393487697,-0.09091532749069577,-0.0519576161269758,-0.07852102595193589,-0.0831310679611651,-0.13831917860311824,-0.33213936828394663,-0.33213936828394663,-0.3333333333333333,-0.3333333333333333,-1.182157748436414,-0.5603864734299517,-0.13717754172989385,-1.8400277008310248,-0.2264496135608408,0.12487268282745954,0.030800821355236208,-0.012448132780082943,-0.07326283987915416,0.08031088082901561,0.06867554309740709,0.044444444444444516,-0.02816901408450712,-0.005698005698005715,-0.014492753623188246,-0.013443324167430435
78,2013-06-30,-0.01833243257462347,-0.029524959438554155,-0.013594045286431487,0.025933676313360632,-0.036998518798651125,0.07005207567154081,0.4115065821550463,0.4115065821550463,0.4342105263157896,0.4342105263157896,-2.3171196948020985,0.12362637362637365,1.918044319380936,0.10783182192910146,-0.3243073655758277,0.10485331401666054,0.02357237715803451,0.0021008403361344463,-0.03178484107579449,0.1918465227817745,0.0931147540983608,0.042553191489361764,-0.01910408432147559,0.0014326647564470993,0.0,-0.05398988334881805
79,2013-09-30,0.01684774665042621,0.017223615404055037,0.0027680318764435885,0.0007392826286396481,0.09313741532218467,-0.040280450921088784,-0.3229706390328152,-0.3229706390328152,-0.32110091743119273,-0.32110091743119273,0.062273714699493166,0.34963325183374083,-0.7945998071359691,-1.1809793123976782,0.08686334738195578,0.06703819046058013,-0.006487187804086969,-0.008385744234800763,0.09259259259259256,0.10261569416499006,0.046790641871625516,0.04081632653061207,0.0745466756212223,-0.01430615164520743,0.014705882352941124,0.016477520733304333
80,2013-12-31,0.058833394024186976,0.11341181416859357,0.05673160325386229,0.09276928280257037,0.0724785198934228,0.16261280618822527,0.5331632653061225,0.5331632653061225,0.5405405405405403,0.5135135135135136,3.9389911383776415,0.7336956521739131,-0.20481220657277,8.777960526315791,0.7814656588892541,0.043317972350230605,-0.01599738818152141,-0.0063424947145878105,0.06856702619414468,-0.045620437956204414,0.04355300859598854,0.03921568627450989,0.013124999999999831,-0.013062409288824406,0.0,0.01889425657541599
81,2014-03-31,-0.04574024716386027,-0.0923165383658162,-0.06373538611708851,-0.06755336911636545,0.03799129075480123,-0.13698528868189552,-0.3161397670549085,-0.3161397670549085,-0.3157894736842104,-0.3125,-1.2969429300945414,-0.5559038662486938,0.15793357933579344,-1.5285113540790582,-0.2318391440693599,0.0855418138987043,-0.039150630391506236,-0.002127659574468144,0.03749098774333093,0.017208413001912115,0.09115870400878644,0.03773584905660377,0.08760024676125866,-0.007352941176470562,0.0,-0.02655146981350753
82,2014-06-30,0.006235803470236556,-0.0028459051112833533,0.023054686759548915,0.03169029462889683,-0.0705123033481242,0.10527668322768546,0.5824817518248175,0.5824817518248175,0.5897435897435896,0.5974025974025974,-1.56425749477109,1.1105882352941174,3.6876991714467815,-0.1288987905792489,-0.2629076413236636,-0.062254170622541787,0.0065607734806627524,0.02771855010660995,-0.04378040305767905,-0.09774436090225568,-0.0644187216909915,0.04545454545454541,-0.07600680657969383,0.019259259259259087,0.014492753623188468,-0.03355341487173935
83,2014-09-30,-0.05894605879525339,-0.09285544967524773,-0.04710841420200573,-0.062297330477262935,-0.12093857593380207,-0.031336381720013406,-0.2503075030750308,-0.2503075030750308,-0.2338709677419355,-0.22764227642276424,-0.0914332784184514,-0.2764771460423634,-0.04133242692046224,0.2732919254658386,-0.4541604222323581,0.030228521839745563,0.06929674099485418,0.058091286307053965,-0.11046511627906974,0.07916666666666661,-0.007530930607853703,0.04347826086956519,-0.06568446899938607,0.02906976744186052,0.02857142857142869,-0.03259043565908837
84,2014-12-31,0.07968009775347283,0.16967346768124436,0.10823226308241997,0.08900887560607829,-0.061975446795905616,0.11881267335182423,0.35151763740771114,0.35151763740771114,0.3789473684210527,0.368421052631579,5.5430643699002715,0.07550077041602465,-1.481350163097433,-3.2243902439024392,1.850781902829175,0.0004211708549768378,0.08469682386910504,0.03333333333333344,-0.05637254901960776,0.12355212355212375,-0.050948509485094766,0.04166666666666674,-0.13140604467805514,0.01836158192090398,0.013888888888888841,0.0740912248205603
85,2015-03-31,-0.06905012592939608,-0.11488315982306417,-0.05483485393455567,-0.08621933322831253,-0.16157894736842104,-0.17303520774236614,-0.36540212443095604,-0.36540212443095604,-0.3587786259541985,-0.3615384615384616,-1.1648884578079537,-0.07020057306590255,-2.23305833824396,-1.5555985552115583,-0.3607051631003727,0.07325287678922265,0.1168293404318248,0.015180265654648915,-0.1532467532467534,0.13745704467353947,0.027984009137635543,0.040000000000000036,-0.09909228441754923,0.0055478502080443795,0.013698630136986356,-0.03136451821513242
86,2015-06-30,0.035100393602710334,0.060121757917798176,0.026290295446766757,0.13860559648677095,0.1076794308432727,0.09688112533148853,0.501195600191296,0.501195600191296,0.5119047619047621,0.5180722891566265,-1.7815126050420167,-0.11402157164869033,-0.1698924731182796,-0.8018342233573252,-0.11180978581253688,-0.030465481171548126,0.06302966101694918,-0.005607476635514086,0.11349693251533766,0.14501510574018114,-0.044444444444444516,0.03846153846153855,0.06968933669185562,-0.006896551724137946,0.0,-0.06887726716368092
87,2015-09-30,-0.015316117542297447,-0.023580054093177427,-0.00778905123929574,-0.01290163202856054,-0.06377512467885749,-0.025937508212230287,-0.2376553042370182,-0.2376553042370182,-0.2362204724409449,-0.23015873015873026,1.6494623655913978,-0.19478260869565225,-0.26280944156591823,-1.418863503222027,0.052728613569321466,-0.06351989211058673,0.0498256103637269,-0.009398496240601515,-0.06060606060606066,-0.15831134564643803,-0.06976744186046513,0.03703703703703698,-0.049450549450549615,-0.0013888888888887731,-0.013513513513513488,-0.010874760994263877
88,2015-12-31,0.08082200485890123,0.16851006554307113,0.09499991454793012,0.14795469407196316,-0.010330912025827256,0.12051475745966655,0.3857083159214376,0.3857083159214376,0.3917525773195878,0.3917525773195878,2.513595779220779,1.0475161987041035,0.5896134322530262,15.47132867132867,0.8250087565674256,0.02246543778801846,0.04176554342667305,-0.0037950664136622288,0.0009775171065493637,0.08777429467084641,0.017500000000000068,0.03571428571428581,-0.08422791081750625,0.005563282336578546,0.0,0.017880874713060324
89,2016-03-31,-0.04717173133369812,-0.1197863194357498,-0.05519397751452815,-0.09003066190328846,-0.03135703800358836,-0.15751330267498131,-0.3413751507840772,-0.3413751507840772,-0.33333333333333337,-0.33333333333333337,-1.2663586485706035,0.22679324894514766,-0.12011790714812087,-1.7284537658147237,-0.3293029325963458,0.06140845070422541,0.010022779043280305,-0.0038095238095238178,-0.0244140625,0.060518731988472574,0.04975429975429968,0.034482758620689724,0.017132551848512145,0.005532503457814642,-0.013698630136986356,-0.03264094955489627
90,2016-06-30,-0.006289248470407349,-0.021924251332334443,9.36102729014454e-05,-0.10808847396324406,-0.039402231109240134,0.11025692320882508,0.4931318681318682,0.4931318681318682,0.5111111111111111,0.5111111111111111,-1.151994796183868,2.816852966466036,-0.8908431044109436,-0.485254691689008,-0.25273278772964003,0.07192144373673037,0.0493910690121786,0.009560229445506607,-0.034034034034034044,0.09918478260869557,0.05500292568753662,0.03666666666666663,-0.03368794326241131,0.006877579092159579,0.0,0.09656441717791432
91,2016-09-30,0.02229259811227013,0.05019293789145052,0.022745167133756627,0.03637529460695976,0.018405714536132267,-0.02414476563103296,-0.22171113155473776,-0.22171113155473776,-0.22058823529411764,-0.22058823529411764,9.095577746077034,-1.3937823834196892,5.654731457800512,-2.4286684782608696,0.4831890939725818,0.036395147313691416,0.029658284977434057,0.001893939393939448,0.020725388601036118,0.07292954264524099,0.01386577925679422,0.03536977491961424,-0.0036697247706422025,0.006830601092896238,0.0,0.013315430233859171
92,2016-12-31,0.08239922623692286,0.17449385611019294,0.09308109737714808,0.17142116616223269,-0.06966736950815444,0.11888370130041405,0.3802206461780929,0.3802206461780929,0.3962264150943395,0.3773584905660377,1.2814752013565072,-1.5503432494279177,0.22828593389700225,0.6890156918687589,0.5502426933801507,0.005255613951266058,0.04884157795867239,0.003780718336483968,-0.06395939086294411,-0.016129032258064613,-0.01422319474835898,0.03416149068322971,-0.14088397790055252,0.01085481682496603,-0.01388888888888895,0.0026501766784452485
93,2017-03-31,-0.04006406105657578,-0.07806948592988527,-0.0455324514139932,-0.06714772070316677,-0.012673450508788207,-0.15427412890753922,-0.3097345132743363,-0.3097345132743363,-0.3040540540540541,-0.3013698630136986,-1.1209587513935342,-0.5301455301455301,0.20963704630788493,-1.5255255255255256,-0.18652987808940116,0.016516159695817434,0.04796019900497517,0.005649717514124353,-0.005422993492407935,0.08665105386416871,-0.006659267480577213,0.033033033033033066,0.02893890675241173,0.014765100671140896,0.0,-0.011674008810572678
94,2017-06-30,-0.003323245178146639,-0.019072709910647245,-0.00852954380098758,-0.0157917689994721,0.0569193291483181,0.056503317165635274,0.35897435897435903,0.35897435897435903,0.3689320388349513,0.3725490196078429,-0.3051715309779825,-0.6283185840707964,0.3349715468184169,0.08607142857142858,-0.2490377528457948,-0.026534190531852686,0.005127231295100732,-0.011235955056179804,0.06652126499454747,-0.021551724137930942,-0.05027932960893844,0.03197674418604657,0.06041666666666656,0.007936507936507908,-0.02816901408450712,-0.0033429908624916797
95,2017-09-30,0.001989766913018665,-0.007622706451921313,-0.012417770005829,-0.01885149684771881,0.11807987234608384,-0.0186274768475766,-0.1978088861838101,-0.1978088861838101,-0.1914893617021277,-0.19285714285714284,-2.28960943257185,-0.07738095238095233,-0.5752761092811471,-1.0147977638934558,0.004907306434023928,-0.06784341978866483,-0.013791800491214756,0.0,0.11860940695296528,-0.12555066079295152,-0.0758823529411764,0.030985915492957705,0.1159135559921416,0.013123359580052396,-0.014492753623188246,0.011404293381037656
96,2017-12-31,0.12264775413711583,0.23635854047331264,0.13811275413948287,0.19710487116914388,0.036709613478691734,0.12289286194380965,-0.03490136570561453,-0.03490136570561453,-0.0350877192982455,-0.0265486725663715,11.45657142857143,1.4451612903225808,0.006843065693430628,216.0,1.0596852957135106,-0.07239469277341226,-0.12471264367816105,-0.0984848484848484,0.038391224862888366,-0.17128463476070532,-0.08529598981540433,0.03278688524590145,-0.07658450704225361,-0.07642487046632129,-0.014705882352941237,0.032832191023656865
97,2018-03-31,-0.05688053523296111,-0.1259209407764239,-0.06832556976561123,-0.09994771293740777,0.00432105846812747,-0.13096777282957428,0.03812893081761004,0.03812893081761004,0.045454545454545185,0.03636363636363616,-1.284783705674572,4.474934036939313,0.934299954689624,-1.628725038402458,-0.3234720758693361,0.06235245104846542,-0.029546946815495637,0.006302521008403339,0.01760563380281699,0.022796352583586588,0.14474599860821158,0.03174603174603185,0.06482364156339382,0.016830294530154166,-0.0149253731343284,-0.0288986406935674
98,2018-06-30,-0.05714261411723676,-0.08983263767881022,-0.04914765667710352,-0.07213136453216462,-0.11612854096862625,0.0633678642274631,0.3790230973116244,0.3790230973116244,0.4000000000000001,0.4035087719298247,-1.0771585051546393,-0.5874698795180723,0.11384399156711167,-0.4667318185519993,-0.254974494762665,-0.0428758169934641,0.025259359494812728,0.03131524008350728,-0.10467128027681673,-0.059435364041604766,-0.06686930091185406,0.030769230769230882,-0.06266786034019689,0.027586206896551783,0.0,-0.019067563099305573
99,2018-09-30,0.014348541915695012,0.030738817998058776,0.00946576695710344,0.05248099921540028,0.02597570431636087,-0.03764638822675925,-0.17929708951125756,-0.17929708951125756,-0.17391304347826084,-0.17500000000000004,5.979123173277662,-2.8820093457943923,-0.4233438485804416,-1.2837507635919363,0.09710970574400246,-0.015159792406446269,0.04553453585569733,0.02834008097165985,0.02705314009661852,0.10110584518167444,-0.0547231270358306,0.02985074626865658,0.011461318051575908,0.0308724832214764,0.0,-0.020674157303370744
100,2018-12-31,0.09469218591579363,0.1858785517437993,0.10110183708551657,0.1498557992786198,0.06944619389511697,0.10026115284171988,0.3355637336901973,0.3355637336901973,0.3308270676691729,0.3484848484848484,4.865689500448699,-1.5574177529484792,-0.03537563822027712,7.360064585575888,0.7399838025820589,0.004160310636527553,0.13023353671365445,0.12598425196850396,0.07149576669802449,-0.022955523672883785,-0.03308063404548589,0.028985507246376937,-0.022662889518413557,0.12890625,0.0,0.03132170720513994
101,2019-03-31,0.02413779095746849,-0.047694672504352775,0.03354211927131834,-0.02338541734882316,-0.05253032860900631,-0.15117331832529912,-0.3406813627254509,-0.3406813627254509,-0.33333333333333337,-0.3426966292134832,-1.2017440970982711,-1.4120267260579065,-1.5001890359168242,-1.130496362582888,-0.055497754900887035,0.037563872393315816,0.02140729709605349,-0.019230769230769273,-0.03775241439859522,-0.03083700440528636,-0.08339272986457591,0.030516431924882518,-0.07536231884057976,0.01038062283737018,-0.03030303030303028,-0.024808098787406863
102,2019-06-30,-0.0067073364219076845,-0.02060861981915818,-0.007011206100340782,0.010393546613380213,-0.001284548129117824,0.07232840381677197,0.4084346504559271,0.4084346504559271,0.4322033898305084,0.4358974358974359,-0.7540444893832153,-1.3324324324324324,-4.242630385487528,1.7212629501726688,-0.15989796214163554,0.04685212298682306,-0.004373974849644524,-0.024955436720142558,0.010948905109488871,0.08787878787878789,0.04199066874028001,0.02961275626423698,0.005224660397074254,0.014840182648401925,-0.03125,-0.030686744239105668
