,Quarter end,Assets,Current Assets,Liabilities,Current Liabilities,Shareholders equity,Revenue,Earnings,Earnings available for common stockholders,EPS basic,EPS diluted,Cash from operating activities,Cash from investing activities,Cash from financing activities,Cash change during period,Cash at end of period,Price,ROE,ROA,Book value of equity per share,P/B ratio,P/E ratio,Equity to assets ratio,Net margin,Asset turnover,Current ratio
0,1993-11-30,0.0808517284464807,0.05542054465061375,0.060931522179922926,0.0571558245083208,0.1022195020788863,0.06771789371254178,0.12270422535211267,0.12270422535211267,0.1428571428571428,0.0,0.5674028881321731,-0.04130302800333918,-0.8539362394274561,1.5209841780638238,0.3063871742993005,0.14285714285714302,-0.13763029142735594,-0.10161360662887052,0.09999999999999988,-0.125,0.0871008939974458,0.01968911917098448,-0.08333333333333326,-0.019480519480519543,-0.0016620130301820968
1,1994-02-28,0.0808517284464807,0.05542054465061375,0.060931522179922926,0.0571558245083208,0.1022195020788863,0.06771789371254178,0.12270422535211267,0.12270422535211267,0.1428571428571428,0.0,0.5674028881321731,-0.04130302800333918,-0.8539362394274561,1.5209841780638238,0.3063871742993005,0.14285714285714302,-0.13763029142735594,-0.10161360662887052,0.09999999999999988,-0.125,0.0871008939974458,0.01968911917098448,-0.08333333333333326,-0.019480519480519543,-0.0016620130301820968
2,1994-05-31,0.2004058089687395,0.2812668628966839,0.2658780895771817,0.22016407166776372,0.1328065127506184,0.0,0.0,0.0,0.0,0.0,0.5674028881321731,-0.04130302800333918,-0.8539362394274561,1.5209841780638238,0.5912467865313407,-0.03749999999999998,-0.13763029142735594,-0.10161360662887052,0.18181818181818188,-0.125,0.0871008939974458,-0.056300813008130175,-0.08333333333333326,-0.019480519480519543,0.05007657987614023
3,1994-08-31,0.017166316401920012,0.006729192310982013,-0.014194241547883957,-0.014653255163091685,0.05334932138550519,0.15262122247768173,-0.12255548546194872,-0.12255548546194872,-0.125,0.0,-0.4880385421957586,-0.5342265144168926,9.697550111358575,-0.6161343509826344,0.14262987574417618,0.2467532467532467,-0.13763029142735594,-0.10161360662887052,0.0,0.05499999999999994,0.0871008939974458,0.03553736808098207,-0.08333333333333326,-0.019480519480519543,0.02168812226520389
4,1994-11-30,0.07523280842030511,-0.04244816918317407,0.09425230588042544,0.07426507128339876,0.05469572251400856,0.20451269960501306,0.5337581699346405,0.5337581699346405,0.523809523809524,0.0,-0.3649437142688749,11.011046906866078,0.028855762824783412,-5.181838650455506,-0.5220020408692719,0.09375,-0.13763029142735594,-0.10161360662887052,0.0769230769230771,0.09343263371699397,0.0871008939974458,-0.019134775374376026,-0.08333333333333326,-0.019480519480519543,-0.10862143876854324
5,1995-02-28,0.09515489111274288,0.11489991657705526,0.049580554024554864,0.07118362372233468,0.14621131918607255,0.07752730202303515,0.11624017216031368,0.11624017216031368,-0.25,0.0,1.3363341067285384,-0.629172385493753,-1.238819863207738,-1.2311814819570015,0.2524638507080603,0.0,-0.13763029142735594,-0.10161360662887052,0.1428571428571428,-0.07120743034055721,0.0871008939974458,0.046649703138252674,-0.08333333333333326,-0.019480519480519543,0.040804957872014436
6,1995-05-31,0.2691088662166059,0.3989289140440977,0.25405369085890905,0.3642709744820381,0.28455312141112743,0.4093264750880934,0.7339206123481299,0.7339206123481299,0.7083333333333333,0.0,0.6630121024337279,-0.19192025183630645,3.539908490086426,2.641089951450223,0.7339482008984675,0.17142857142857126,-0.13763029142735594,-0.10161360662887052,0.3125,0.02533333333333343,0.0871008939974458,0.012155591572123205,-0.08333333333333326,-0.019480519480519543,0.02542316183849613
7,1995-08-31,-0.03097895374625137,-0.11336302261818933,-0.13984399406837855,-0.17066404839506075,0.07804794288723893,-0.2417536858506758,-0.7040704554836934,-0.7040704554836934,-0.7073170731707317,0.0,-0.3523695399461758,1.2056757682001158,-0.01903695408734607,-1.0224953503704943,-0.009521865719200773,0.18292682926829285,-0.13763029142735594,-0.10161360662887052,0.04761904761904767,-0.0988296488946685,0.0871008939974458,0.11248999199359487,-0.08333333333333326,-0.019480519480519543,0.06909375611665691
8,1995-11-30,0.07699173579046302,0.10987583201754147,0.02404490247300917,0.092961387221409,0.11929991683908893,0.2531487957419185,1.5463794803117388,1.5463794803117388,1.5833333333333337,0.0,-0.5074903028701045,-0.7593673900826888,-1.5811643835616438,-5.84251968503937,0.046553094498156034,0.06529209621993126,-0.04366058214109525,0.005339805825242738,0.13636363636363644,0.016594516594516717,0.0871008939974458,0.039402662828355466,0.0051319648093841605,0.0,0.015440009764432938
9,1996-02-29,0.0919810472542113,0.11593296766203065,0.0966519651468234,0.11875209766410387,0.08856629559087525,0.0548551258085328,0.06858240626438072,0.06858240626438072,0.06451612903225823,0.0,2.514765351972042,2.099130357420876,0.6184115759837623,4.191553748870821,0.2309322800094831,0.129032258064516,-0.03946350270827959,-0.004828585224529225,0.08000000000000007,-0.006387508871540049,0.02796052631578938,-0.003115804050545345,0.001458789204960009,-0.006622516556291425,-0.0025241901556584123
10,1996-05-31,0.21505758890957472,0.2863644963590457,0.2687265494133779,0.3597819809008989,0.17553057436965513,0.43503041934291853,0.8205277189144848,0.8205277189144848,0.18181818181818188,0.0,0.29528804735745,0.2942586479115832,2.017234404078,-0.10323557303312136,0.1682398431774521,-0.008571428571428563,0.040279269602578,0.06453178068898603,0.18518518518518512,-0.08214285714285717,-0.08479999999999999,-0.032644556346587805,0.04005826656955569,0.026666666666666616,-0.0539856600590467
11,1996-08-31,-0.007930912358741994,-0.02180904500616121,-0.10225357379704247,-0.1009983752175312,0.06704486462876025,-0.281238516632356,-0.5765662254763917,-0.5765662254763917,-0.5641025641025641,0.0,-0.3582055998925312,0.200591099133868,-1.0438455349959774,-0.7329808391947611,0.03845380039176138,0.18731988472622474,-0.011615900877645855,0.007748404740200555,0.0625,0.0023346303501945442,0.0327172827172828,0.07556991563453573,0.030112044817927064,-0.025974025974025983,0.0880835615565887
12,1996-11-30,0.03911527503762824,0.04149029621286271,-0.007345867883760682,-0.007831714468106266,0.07018703281253669,0.24617321727231256,0.5916858057479317,0.5916858057479317,0.588235294117647,0.0,-0.9374452688819688,-0.2680528549721269,-12.252599388379204,-7.680994077680485,-0.24739628530873914,0.14077669902912615,-0.030295116218333806,-0.012211668928086785,0.0588235294117645,0.07298136645962727,0.0367593712212817,0.030040053404539524,-0.01155676410605033,0.0,0.049754155935378234
13,1997-02-28,0.08076494663952527,0.10654952673824702,0.26231604147750986,0.032279192554002245,-0.031854418858991984,0.04669838406006521,-0.057065338503364926,-0.057065338503364926,-0.07407407407407418,0.0,16.37319038514067,-0.1999823320439932,-2.8702032829655404,-1.9613935099330544,0.3160297756103143,0.04042553191489362,-0.028279019660651824,-0.04029304029304026,-0.02777777777777779,-0.01736613603473225,-0.02239328201539537,-0.10418016850291643,-0.03713892709766154,0.0,0.07193041150886592
14,1997-05-31,0.2363110072842205,0.27016181953592106,0.3480299452860569,0.434794000277682,0.14595262723433522,0.4192146068954665,1.1266210938653969,1.1266210938653969,1.12,0.0,1.07280288350045,1.1737336929944946,-2.3428853754940717,-0.12889321310993196,0.20918651499797591,-0.07157464212678932,0.06263858093126395,0.03435114503816794,0.14285714285714302,-0.0449189985272459,-0.0973514674302075,-0.07325013564839933,0.03214285714285703,0.0,-0.11475239284228055
15,1997-08-31,-0.0058927646581169455,-0.04165301171228242,-0.04560891651434862,-0.05653441296389072,0.03189417110602477,-0.2973268905884968,-0.9764653258764728,-0.9764653258764728,-0.981132075471698,0.0,-0.1526676881300394,0.2364449798439037,-1.2019759338614031,-0.24316216005610536,0.13093122375477728,0.3348017621145374,-0.1703182055294732,-0.19418819188191885,0.049999999999999815,0.16808018504240566,0.1816019032513878,0.03805620608899307,-0.17301038062283736,-0.026666666666666727,0.015748031496062964
16,1997-11-30,0.03603429579525197,0.056636931012538076,-0.026783029622548526,-0.04928832648091619,0.09131138530694892,0.17891058707844446,21.113563923975924,21.113563923975924,18.0,0.0,-0.6173633008757069,-0.3473528522756285,1.1522100187516742,-1.1068296868296867,-0.012367986077448156,-0.05445544554455428,-0.04558314995284507,-0.06353749284487697,0.0714285714285714,-0.0996699669966996,0.08322147651006717,0.0533934950178605,-0.037656903765690315,-0.0273972602739726,0.1114196459562653
17,1998-02-28,-0.002721345820043464,0.0065982508718016595,0.0375237209320094,0.04602488618626999,-0.034303326681843334,0.08367586338953248,0.14815506822403954,0.14815506822403954,0.1578947368421053,0.0,1.1121027974522888,-0.6893227457081448,-8.36658285828085,0.3464781945225284,-0.016861769696286943,-0.26876090750436304,0.009552042160737795,0.006112469437652868,-0.022222222222222254,-0.3174486803519061,-0.2788104089219331,-0.031590219525254426,0.0034782608695651533,0.007042253521126751,-0.037684780345617286
18,1998-05-31,0.2251178797395066,0.2965588352879465,0.3169899324441876,0.37745918910526544,0.1476596738731426,0.37958161139597996,0.8729245804990771,0.8729245804990771,0.9545454545454546,0.0,0.7601911824568497,3.2010304802153584,-0.8453685587129084,-18.666865493587828,0.30300379745799466,0.10023866348448696,-0.0026101141924957942,-0.007897934386391192,0.15909090909090914,0.12567132116004287,0.024341351660939425,-0.06321415407298192,-0.012998266897746968,0.0,-0.058740804846386885
19,1998-08-31,-0.02191918867312681,-0.04364372375984549,-0.08778372386336597,-0.10039590767924034,0.04180509731339166,-0.27499623842460663,-0.5159114549069939,-0.5159114549069939,-0.5348837209302325,-0.09090909090909084,-0.05989849632340216,-0.3990236541654896,0.30741493476693105,0.19655620642503835,0.2782502055067164,-0.12581344902386116,0.15996074582924424,0.1653398652786282,0.03921568627450989,-0.2461832061068703,-0.20464076041375467,0.06511902419830817,0.16681299385425796,0.0,0.06309619583955882
20,1998-11-30,-0.00788408885377978,-0.01124788843588487,0.008051675999056096,0.007920743344378424,-0.021384207900885355,0.17542292937551096,0.4055035332970944,0.4055035332970944,0.4000000000000001,0.4000000000000001,-0.951789587126486,-1.167172084864397,4.912111790860161,-1.788184039593456,-0.17157233384293058,0.14143920595533488,0.054145516074450166,0.04308985811875998,-0.018867924528301886,0.09873417721518972,-0.0671353251318102,-0.01366826745474692,0.0263355906696765,0.013986013986013957,-0.01902702702702708
21,1999-02-28,0.08071011341179135,0.0608130438494543,0.0491768077981789,0.011253000045283734,0.10822734644199096,0.011174915270065757,0.06999883244063687,0.06999883244063687,-0.2857142857142857,-0.2857142857142857,14.43469054809261,-15.236060626843152,-1.3793462219181336,-1.5564199130789664,0.11523789823013765,0.7282608695652175,0.0058855002675226595,0.009571788413098137,0.1153846153846152,0.7615207373271888,0.5904295403165034,0.025468164794007372,0.029325513196480912,-0.013793103448275891,0.04904121666299322
22,1999-05-31,0.18965319464964847,0.2561542582225309,0.29112692928080364,0.33743331871404725,0.10582140733512113,0.4157737747358121,0.7984628027593168,0.7984628027593168,0.8499999999999999,0.7499999999999998,0.6553486049952997,-0.4175362276949166,-2.530572242014101,0.8113905563383452,0.18717158098520392,-0.04654088050314464,0.044680851063829685,0.042415169660678716,0.12068965517241392,-0.145192936559843,-0.1094527363184079,-0.07048940832724615,0.04059829059829068,0.0,-0.0607731904611829
23,1999-08-31,-0.09370350157183804,-0.12092158389682615,-0.13619817376732654,-0.16317530428308868,-0.05271391755994903,-0.32574621705927304,-0.5511424503099054,-0.5511424503099054,-0.5405405405405406,-0.5428571428571428,-0.1086155551691157,0.04638333243731685,1.4168764577845083,-1.2398815084233443,-0.03782014487194208,0.0699208443271766,0.0005091649694501932,-0.0038295835327908367,-0.061538461538461535,-0.04514154552410099,-0.007980845969672856,0.045186640471512884,0.005475701574264136,-0.006993006993006978,0.05050053129019627
24,1999-11-30,-0.030879720168969893,-0.08117749287314968,-0.0335347673407983,-0.03083172702389103,-0.028544411829823143,0.16999904762720594,0.6241044876993782,0.6241044876993782,-0.2352941176470589,-0.1875,-0.8293350566058441,-1.4026724420713994,0.2720913411653776,4.93801824212272,-0.23340408653580336,0.7743526510480889,0.05292620865139952,0.05333974050937052,-0.016393442622950838,0.8902243589743588,0.7213730222579781,0.002443609022556359,0.05241660993873376,0.0,-0.05195911413969345
25,2000-02-29,0.15261967535984033,0.16944668189140732,0.13086316944099696,0.1370607458062867,0.17165781125204238,0.05492740159603216,0.984935654019413,0.984935654019413,1.0769230769230769,0.9230769230769228,7.662802743445023,4.875224513431546,-0.060009249492386625,-3.3702865122310053,0.7216768945654592,0.9041000694927029,0.26752054132431113,0.2655109489051093,0.16666666666666674,0.9359898261975416,0.7602430285091135,0.016501031314457126,0.27490297542043995,-0.007042253521126751,0.028470350404312676
26,2000-05-31,0.7793068437050429,1.1151592384416595,0.9658724208257814,1.08668020948536,0.6217359287280437,0.3775966372419897,5.436794396050191,5.436794396050191,5.481481481481482,5.56,0.22207652166024405,9.767609574864396,3.1483208845200563,4.42998097955302,2.276090144000212,0.3770072992700729,0.0,1.7198990627253066,0.6428571428571428,0.1802058243923801,0.051685989910611685,-0.08854454897620367,2.153729071537291,-0.14184397163120566,0.013650013650013726
27,2000-08-31,-0.27256345006671745,-0.33305409904722216,-0.3739333087036205,-0.4358623788389349,-0.1687798877746417,-0.32967777115914065,-0.8980790883165829,-0.8980790883165829,-0.9485714285714286,-0.951219512195122,-1.737112445442475,-0.9771201634358262,-0.24355609386778965,-1.5022006195484607,-0.3489079452097573,0.08163265306122458,0.0,-0.042147117296222565,-0.16521739130434776,-0.3415584415584415,-0.6728940503239923,0.1426836672738312,0.01415701415701398,-0.04958677685950419,0.18222461621330452
28,2000-11-30,-0.06189312261610401,-0.05994700076254422,-0.034847399416992664,-0.04217701926365292,-0.08274873214870215,0.17581475545730862,0.2439397056385655,0.2439397056385655,0.22222222222222232,0.375,-1.6957726362915382,-1.1699486011093478,-0.34665054390169125,-0.7409804140180833,-0.1388037080918576,-0.15927468757657434,0.0,-0.031686730316867306,-0.08333333333333326,0.0070442378134685235,-0.19012091587342414,-0.022139567835635757,0.003807106598984866,-0.034782608695651966,-0.0185438308729724
29,2001-02-28,0.059052752049666875,0.0931459446404348,0.03236281253564899,0.04357681228049404,0.08070881685298348,0.005572755650776529,-0.06438379478879662,-0.06438379478879662,-0.09090909090909084,-0.09090909090909084,0.6591695985499308,28.365678490204683,-0.7676192057252608,-0.9458569839158664,-0.008726525497576687,-0.21946954240746144,0.0,-0.07645041440411549,0.07954545454545459,-0.14857302742025744,-0.2506353240152478,0.020286180039847727,-0.04661820480404566,-0.03603603603603611,0.04749083143772337
30,2001-05-31,0.16712130478671505,0.2016489517018405,0.1516286262912354,0.1848220930162208,0.1791296210870177,0.2204323490381088,0.4670927197436816,0.4670927197436816,0.5999999999999999,0.4999999999999998,0.42380148444524623,-0.12889814019717605,0.5670381281453687,-9.798085387323944,0.07745260862637071,-0.35362210604929056,-0.10810295519542412,-0.5927587807519727,0.17894736842105274,-0.4012487676634901,-0.33912674862229764,0.01029646724658262,-0.6091496767777225,0.04672897196261694,0.01422620102818639
31,2001-08-31,0.014123095222553506,-0.043049151247050436,0.04507795973772355,0.038324125987235336,-0.009310310936795909,-0.31307454554144704,-0.4026779928271809,-0.4026779928271809,-0.4375,-0.4,-0.12021706875027414,0.7228882400284499,0.6104321685613114,-2.668356116412572,-0.11992966771750035,-0.08261120739456951,-0.03356135100470281,-0.037234042553191404,0.0,-0.22173435784851805,1.31494547787043,-0.023018801616587647,0.005937234944868529,-0.044642857142857206,-0.07839195979899483
32,2001-11-30,-0.08050105757763759,-0.11549656570009148,-0.07777708649569715,-0.08213498839359479,-0.08267636204133477,0.05142180464709667,0.07601141297217051,0.07601141297217051,0.11111111111111116,0.11111111111111116,-0.8052443556658605,-0.36068568738485496,0.34080003587604835,1.7138292349701172,-0.3698211682103719,-0.170654911838791,-0.06060606060606055,-0.06037884767166535,-0.07142857142857151,-0.17066290550070518,-0.18897201440842348,-0.0023381294964029964,-0.0008431703204047071,-0.06542056074766356,-0.03631880897065098
33,2002-02-28,0.008697909476095278,0.057383723980267476,-0.04259673106380157,-0.04502906743108204,0.04987947693410066,-0.05429521048132746,-0.07550476648066651,-0.07550476648066651,-0.10000000000000007,-0.10000000000000007,1.6354216191834596,-1.8077776534778107,-0.8281351907286318,-1.6848288473437638,0.4018925923449299,0.17539863325740312,-0.0567459383093949,-0.05081898362032755,0.04807692307692313,0.2653061224489797,0.2019132217287325,0.04074274382549148,0.013080168776371305,-0.06000000000000005,0.10720787207872062
34,2002-05-31,0.04097168152203934,0.08800852057268549,0.06790512952482898,0.11091785379647767,0.021252980741442773,0.2758364235561777,0.29123677346326104,0.29123677346326104,0.3333333333333333,0.22222222222222232,0.6726755203587118,-2.573664963869615,2.8328792449158318,-1.36708057873741,-0.10528213099536854,-0.2273901808785529,-0.07588617074388426,-0.07699115044247784,0.0366972477064218,-0.2627688172043011,-0.20949403069926095,-0.018880997748137892,-0.042482299042065914,-0.03191489361702116,-0.020618556701030855
35,2002-08-31,-0.03592592592592592,-0.02108157653528875,-0.0012812299807815064,0.005555555555555536,-0.06244891286578391,-0.2869892770640834,-0.477067185432281,-0.477067185432281,-0.5,-0.4545454545454546,0.1227855405871301,-1.3018920050976304,0.17096761909597502,-3.1427099787102533,0.2520193861066236,-0.22658862876254185,-0.056455969746083134,-0.05848513902205187,-0.053097345132743216,-0.25341841385597097,-0.14706939949658393,-0.02754237288135608,-0.05437146585471941,-0.01098901098901095,-0.02645190562613431
36,2002-11-30,-0.063388398002305,-0.0884831460674157,-0.04768013683985461,-0.05600200904068309,-0.07619877942458586,0.13856015779092698,0.5597667638483965,0.5597667638483965,0.6666666666666667,0.6666666666666667,-0.7939244663382594,-1.5129151291512914,0.3387533875338753,-2.105128205128205,-0.2224516129032258,0.06918918918918915,0.010592613799026651,0.006109979633401208,-0.056074766355140186,0.1282051282051282,0.15809443507588528,-0.01361655773420467,-0.0018399264029439481,0.011111111111111072,-0.0344409749732022
37,2003-02-28,0.02009844134536509,0.058551617873651825,-0.02020655590480469,0.01596169193934549,0.05398263495658728,-0.0008661758336941937,0.06728971962616814,0.06728971962616814,0.09999999999999988,0.09999999999999988,1.9003984063745019,-6.1366906474820135,-0.5587044534412955,-2.247099767981439,0.3567872552273481,0.1951466127401416,0.04929178470254958,0.04149797570850211,0.059405940594059466,0.26623376623376616,0.19512195121951212,0.0331308669243513,0.022119815668202758,0.0219780219780219,0.04194420310840808
38,2003-05-31,0.11218335343787687,0.1192382338670548,0.08707607699358387,0.08876669285153183,0.13180515759312314,0.2271348071087993,0.5026269702276707,0.5026269702276707,0.5454545454545456,0.4545454545454546,0.13461538461538458,-0.931372549019608,-0.3302752293577982,-0.39627906976744187,0.15875733855185906,0.01269035532994933,0.0861231101511879,0.08892128279883371,0.1308411214953269,-0.043589743589743546,-0.04051172707889117,0.017637626937466733,0.09783588818755627,-0.010752688172043,0.02797980265900768
39,2003-08-31,0.01364786695589304,0.020158231277771717,-0.006534569983136618,0.006734006734006703,0.02879746835443031,-0.26810314376545386,-0.4871794871794872,-0.4871794871794872,-0.5294117647058824,-0.5,0.5145278450363195,-31.42857142857143,-0.4554794520547946,-1.765793528505393,-0.1049187249313912,0.041771094402673466,0.008451404424558717,0.02231146809460061,0.024793388429751984,-0.0786416443252903,-0.07936507936507943,0.015056022408963532,0.03696098562628336,-0.010869565217391351,0.013338740931007951
40,2003-11-30,0.050111457868925464,0.0949750345267184,-0.028644175684277576,-0.04491161012900147,0.10719778529683176,0.2055984555984556,0.40227272727272734,0.40227272727272734,0.5,0.5,-0.7210231814548361,-0.6727028839704896,-0.5974842767295597,-0.8651911468812877,-0.01580188679245287,0.002405773857257376,-0.04264234656149857,-0.013531209079004736,0.11290322580645153,-0.022308438409311404,-0.042068965517241375,0.05432907899275618,0.014257425742574268,-0.03296703296703296,0.1464401654289147
41,2004-02-29,-0.0052644985989640505,-0.007082565246919526,-0.058759283529925765,-0.06453226613306651,0.028753993610223683,0.004403522818254625,0.029173419773095725,0.029173419773095725,0.0,0.0,0.6017191977077363,-1.1086065573770492,10.140625,-1.2835820895522387,0.004553079319434382,0.09119999999999996,-0.042481977342945454,-0.014159292035398232,0.03623188405797095,-0.019841269841269767,0.04463642908567311,0.034189432357271336,0.004685669660288827,-0.011363636363636355,0.0614429790535298
42,2004-05-31,0.08945795988049499,0.1076802814148916,0.10652123462520313,0.14224598930481291,0.0795301107210371,0.2263850139497807,0.55748031496063,0.55748031496063,0.5833333333333335,0.5,0.8211091234347048,-12.981132075471699,-0.5049088359046283,-3.842105263157895,-0.01288167938931295,-0.10850439882697947,-0.009142242538316749,0.013913824057450563,0.08391608391608396,-0.13967611336032393,-0.12715368711233632,-0.009174311926605559,0.02603964244073076,-0.011494252873563204,-0.030258734103201342
43,2004-08-31,-0.005876361357047721,-0.005204657727593487,-0.020134228187919437,-0.0058520599250936325,0.00262664165103188,-0.2801429964250893,-0.4853387259858442,-0.4853387259858442,-0.4736842105263158,-0.4444444444444444,0.3889980353634577,1.6125984251968504,0.5354107648725213,13.611111111111109,-0.19067182213629771,-0.10279605263157897,-0.02496607869742196,-0.004869411243913158,0.006451612903225712,-0.17176470588235293,-0.1385708645874456,0.0086206896551726,0.011363636363636465,-0.023255813953488413,0.0006406391317455018
44,2004-11-30,0.035387767969735195,0.02624811563359053,-0.02868150684931503,-0.0619260654579703,0.07272954091816364,0.24424379232505644,0.6011787819253438,0.6011787819253438,0.5999999999999999,0.5999999999999999,-0.7277227722772277,-2.4930681133212778,-0.23616236162361626,-4.239543726235741,0.7632128993729472,0.06599450045829514,0.025048705816866246,0.042704626334519664,0.05769230769230771,0.05965909090909083,0.025206232813932198,0.03608736942070268,0.04569288389513093,0.0,0.09400067788950396
45,2005-02-28,0.8091649539468677,0.03006999049511805,2.0623622741295726,2.0715361445783134,0.14780788463774866,0.07039187227866472,-0.33742331288343563,-0.33742331288343563,-0.3125,-0.375,0.9688311688311688,-3.7747274929350016,-18.818840579710145,-0.485133020344288,0.22286198137171895,0.17282889079965602,-0.10127613358674993,-0.21928327645051196,0.16363636363636358,0.10857908847184984,0.0889584264640142,-0.3655667583256951,-0.07091690544412599,-0.15476190476190474,-0.6646356156838445
46,2005-05-31,-0.12959145033028985,-0.288734166596762,-0.2912139310642585,-0.3410966740214105,0.0979736575481256,0.3145762711864406,0.8925925925925926,0.8925925925925926,0.7272727272727273,0.8999999999999999,0.3126649076517149,-1.0439400552888114,-1.6150196556865934,-3.528115501519757,-0.4607395097631906,-0.07844574780058655,-0.06555891238670697,-0.1021857923497268,0.09895833333333326,-0.2079806529625151,-0.04433497536945808,0.26149771249699016,-0.057054741711642265,-0.05633802816901401,0.0794498049681791
47,2005-08-31,-0.05273843476579498,-0.1521405826158745,-0.1609137055837564,-0.18801934763735584,0.045584571375842035,-0.28623001547189275,-0.4921722113502936,-0.4921722113502936,-0.4736842105263158,-0.4736842105263158,0.4653266331658292,-1.8443708609271523,-0.7141282785981926,-0.9687406071535918,-0.02670775552131488,0.050119331742243256,-0.07824118978338179,-0.08642726719415694,0.042654028436019065,-0.04427480916030535,0.030927835051546282,0.1036457339186867,-0.04129190515126746,-0.044776119402985086,0.04421833396728792
48,2005-11-30,-0.01275770565421519,-0.12839059674502715,-0.12510586811857227,-0.15029784634183596,0.06919071573559266,0.1893063583815029,0.5375722543352601,0.5375722543352601,0.4999999999999998,0.4999999999999998,-0.7956104252400549,1.2392156862745098,-0.5312259059367772,8.163461538461537,-0.2514511873350923,-0.02954545454545443,-0.08523325149070515,-0.07994670219853439,0.06818181818181812,-0.07028753993610215,-0.029583333333333406,0.08301625735039764,-0.047334754797441314,-0.03125,0.025771787633184662
49,2006-02-28,0.4713118991005894,0.7872646026172998,0.8560365094731021,0.054467014200970665,0.24168386297977704,0.05407047387606312,-0.04135338345864658,-0.04135338345864658,0.0,-0.06666666666666654,2.7114093959731544,2.723292469352014,-9.330592105263158,-5.285414480587618,1.4395488191751848,-0.012490241998438734,-0.03489263803680975,0.020275162925416312,0.2,-0.0756013745704468,0.006011163589523472,-0.15602044075375274,0.036257833482542516,-0.016129032258064502,0.6948686079545454
50,2006-05-31,0.01984963462619449,0.06920260737565864,0.04440801728634236,0.18138424821002386,-0.0020607591570830364,0.3976945244956773,0.6980392156862745,0.6980392156862745,0.6666666666666667,0.7857142857142856,0.5180831826401446,-0.8085606773283159,-1.3224086870681144,-1.0641527913809992,-0.03785580118479992,0.08142292490118573,0.004370282081843646,-0.004968062455642297,0.0177304964539009,-0.0985130111524164,0.006828851899274513,-0.021570482497634717,0.01555075593952471,-0.016393442622950838,-0.09496621444659792
51,2006-08-31,-0.006235144166178652,-0.02363454150659761,-0.0278946992937148,-0.03347763347763344,-0.007527311484145981,-0.2595876288659794,-0.4842186297151655,-0.4842186297151655,-0.48,-0.48,-0.033353186420488345,4.066339066339067,-0.5248009797917943,3.6297709923664123,-0.1821594834059168,0.0584795321637428,-0.02056962025316467,-0.04636233951497848,0.0,0.04123711340206193,-0.04069520983467578,-0.0011603171533552947,-0.01190982560612508,-0.033333333333333326,0.010186364162518837
52,2006-11-30,0.002738491403216914,-0.002480540586776159,-0.046088360487303685,-0.08987757539564045,0.04127793811665215,0.1592871066555277,0.4432835820895522,0.4432835820895522,0.4615384615384615,0.3846153846153846,-0.8502772643253235,-0.7192046556741027,-0.3917525773195877,-0.3718054410552349,-0.13991920675725303,0.2140883977900552,-0.011308562197092087,-0.03964098728496657,0.04181184668989557,0.21386138613861386,0.1595227574016791,0.03833494675701843,-0.00904003443822654,-0.0344827586206895,0.09608112753523533
53,2007-02-28,0.01527984236180724,-0.08557708797804843,0.024157562701954127,0.03838582677165348,0.01785484078896471,0.060293057890943975,0.06825232678386772,0.06825232678386772,0.05263157894736836,0.11111111111111116,4.9218106995884785,-1.2366148531951642,1.156779661016949,-1.7427821522309708,0.12083689154568746,0.011945392491467643,0.05923202614379086,0.06464174454828653,0.026755852842809347,-0.029363784665579092,-0.0316310975609756,0.0026104792093977203,0.013032145960034658,0.05357142857142838,-0.1193873817364487
54,2007-05-31,0.1771595900439238,0.2080832708177045,0.3260967548076923,0.4829383886255925,0.07143309480083593,0.3203443588581785,0.5527589545014522,0.5527589545014522,0.5499999999999998,0.4999999999999998,0.5392633773453788,-19.007299270072988,-2.1070726915520632,0.7102473498233215,0.1843809523809523,0.006183249016301184,0.04435017354415738,0.02779809802487221,0.07817589576547235,-0.0201680672268908,-0.07319952774498227,-0.0898270411009856,0.018439108061749643,0.0,-0.18537425060841692
55,2007-08-31,-0.007433761425430951,-0.0551113870992781,-0.06361524953265729,-0.2759134973900075,0.05118505821857089,-0.22288949897048727,-0.4763092269326683,-0.4763092269326683,-0.4838709677419355,-0.4666666666666667,0.21941309255079,-0.6076205918119173,-2.34871339840284,-0.7551652892561984,0.03811514956577677,0.10391061452513983,-0.00553914327917282,-0.004982206405694023,0.04833836858006048,0.02401372212692965,0.03609341825902335,0.05905190028606455,-0.011789473684210459,0.016949152542372836,0.30494025065578545
56,2007-11-30,0.03899169459420082,0.11377639037213515,-0.010405323653962515,-0.03648668530233923,0.08490300815293783,0.17310664605873272,0.5511904761904762,0.5511904761904762,0.5625,0.5625,-0.7771195853387634,-0.4638429752066116,-0.9842105263157894,0.1729957805907174,0.0430673896204492,0.06983805668016196,0.017452655031563458,0.02145922746781115,0.0835734870317002,0.0201005025125629,0.03155737704918038,0.04418290565309668,0.014060502769492887,0.0,0.15595510637109822
57,2008-02-29,0.04664404117465582,0.1602743767517334,0.008741899987773527,0.04290731409375481,0.07877688520342052,0.006775832862789377,0.028396009209516567,0.028396009209516567,0.040000000000000036,0.040000000000000036,1.9966777408637872,-0.3217726396917149,-3.625,5.028776978417267,0.248923214020496,-0.00898770104068125,-0.007299270072992692,0.004201680672268893,0.07446808510638303,-0.08538587848932666,-0.08541914978148601,0.03067257945306712,0.016806722689075567,-0.01666666666666672,0.11254951212443244
58,2008-05-31,0.266695251366706,0.15078507405759334,0.469183685837222,0.4683748169838946,0.10617343262070622,0.3533370723499721,0.5208955223880598,0.5208955223880598,0.5769230769230769,0.5,0.2721729490022173,19.55965909090909,74.58730158730158,-1.0877088305489258,-0.01748127006778455,-0.01479713603818611,0.0033088235294116424,-0.0034867503486750717,0.10643564356435632,-0.0825852782764811,-0.07558644656820146,-0.1267479383291502,0.01694214876033073,-0.016949152542372947,-0.21626432789162908
59,2008-08-31,-0.0003173394262503404,-0.01392034469424952,-0.03324671039062821,-0.07797387576029513,0.03435396308360472,-0.2635723166183175,-0.471540726202159,-0.471540726202159,-0.4878048780487805,-0.4615384615384616,0.411764705882353,-0.6564874948182948,-1.0396892062158756,-2.9795918367346936,0.035221496005809705,0.06007751937984485,-0.029314767314034262,-0.03778866340097964,0.033557046979865834,-0.043052837573385634,-0.030075187969924814,0.034695134469308275,0.0069077610727346075,-0.05172413793103437,0.06946983546617935
60,2008-11-30,-0.05186972255729794,-0.15198028121673854,-0.0621239919784955,-0.13885584513896398,-0.04177863621095057,0.051772650534609,0.20334261838440115,0.20334261838440115,0.19047619047619047,0.19047619047619047,-0.7685185185185185,-1.1122284794851167,8.201058201058201,-5.123711340206184,-0.14030164854437044,-0.15539305301645334,-0.040015100037750106,-0.053090909090909084,-0.0216450216450218,-0.1820040899795501,-0.1933139534883722,0.010714285714285676,-0.013317191283293006,-0.036363636363636376,-0.015281015281015331
61,2009-02-28,0.003281103522164264,0.031245871317215013,-0.00495882807879533,0.0011302273012683273,0.01121773804828896,-0.027465667915106073,0.025462962962963017,0.025462962962963017,0.08000000000000007,0.040000000000000036,2.009333333333333,-0.8494623655913979,-0.2564692351926394,-1.715,0.11668706650346805,-0.08387445887445888,-0.026346834447503083,-0.043010752688172116,0.02433628318584069,-0.0625,-0.08408408408408398,0.007852375343541329,-0.0065439672801635975,-0.03773584905660377,0.03008942661756975
62,2009-05-31,0.05488442457006837,0.19025046441611693,0.02075713240673016,0.14764174611138992,0.08722970923430262,0.2582064918393545,0.4228743416102332,0.4228743416102332,0.37037037037037024,0.4230769230769229,-0.11032343819229062,-11.333333333333336,-0.07115235885537508,-0.08624708624708621,0.0954816709292412,-0.006497341996455908,-0.04684975767366717,-0.026484751203852297,0.08207343412527003,-0.03200000000000003,-0.006557377049180357,0.030580444098169183,-0.009880609304240506,-0.019607843137254943,0.03712593197834746
63,2009-08-31,0.1177239750295258,0.3155911953070341,0.18744961031980645,0.0012023171931359045,0.041968911917098506,-0.2633726861973473,-0.4056054997355897,-0.4056054997355897,-0.4054054054054054,-0.4054054054054054,0.8615537848605577,1.1820276497695854,-4.504579517069108,8.059948979591837,0.7896609227348528,0.2491082045184305,-0.01567796610169481,-0.022258862324814558,0.03992015968063867,0.15426997245179086,0.2726072607260725,-0.06766206766206763,0.020790020790020902,-0.040000000000000036,0.314047959032941
64,2009-11-30,0.015755311521189475,0.032317447330742384,-0.02236807362981408,-0.06834061135371182,0.053092606051333036,0.15908191531460236,0.2971530249110321,0.2971530249110321,0.3181818181818181,0.3181818181818181,-0.8258426966292135,0.73389651531151,-1.0869565217391304,-1.1659862030128114,-0.07323891166604546,0.02808186577820093,-0.01894102453723645,-0.01770657672849907,0.053742802303262886,-0.009546539379474916,0.01867219917012441,0.03669166835596993,0.017515274949083448,-0.02083333333333337,0.10803012702814097
65,2010-02-28,0.10315234150056662,-0.04977214186645529,0.178138745273555,0.6699086008905555,0.034324942791762014,0.09320587231136912,-0.1844993141289437,-0.1844993141289437,-0.1724137931034483,-0.2068965517241378,1.7357910906298004,3.372716199756395,-0.9781420765027322,3.7396098388464805,-0.3745559353844091,0.09398148148148144,-0.07327775340061428,-0.09012875536480693,0.03278688524590168,0.0361445783132528,0.055498981670061065,-0.06237778646851778,-0.06244995996797442,-0.04255319148936165,-0.4309773419005748
66,2010-05-31,0.03691105647795778,0.12615204971016314,-0.005108891436056973,0.03087502631394279,0.0815423514538558,0.4840724547158026,1.0681244743481921,0.9882253994953742,0.9583333333333331,1.043478260869565,0.4098820887142054,-0.9233983286908078,145.375,-1.1043307086614174,0.062479905690708375,0.024121878967414245,0.028882575757575687,0.03207547169811331,0.08112874779541435,-0.006976744186046546,0.051616015436565466,0.042961418143899976,-0.02348420153714781,0.04444444444444429,0.0924164982764768
67,2010-08-31,0.059712884471726964,0.12072285587320385,0.07781691299911131,-0.06064937716969576,0.04247029027858962,-0.2106481481481481,-0.4501830012200081,-0.42808798646362106,-0.42553191489361697,-0.42553191489361697,0.5201115093588211,6.12,-2.673783091374893,2.608919382504288,0.2122251361710712,-0.04752066115702469,-0.015186378278877144,-0.01645338208409508,0.04241435562805873,-0.11943793911007015,-0.12614678899082565,-0.016196760647870345,-0.04940970703978997,0.042553191489361764,0.19307981067406568
68,2010-11-30,0.030465098459888207,0.08125165212794072,-0.010689307638273804,-0.033623188405797144,0.07182458107518852,0.14396161023727005,0.3838757396449704,0.3838757396449704,0.37037037037037024,0.3333333333333333,-0.7526853549908306,-0.29060265577119515,-0.9346938775510204,-1.7595057034220534,-0.13296721584290228,0.12841648590021704,0.007009345794392496,0.007434944237918238,0.06572769953051649,0.08244680851063846,0.08346456692913384,0.040243902439024426,-0.02575896964121449,0.020408163265306145,0.11887824897400813
69,2011-02-28,0.0062906176107551115,-0.008067719952327135,-0.05513536875250824,-0.15401919616076787,0.06407648494711138,0.021090654859007296,0.13041154462854102,0.13041154462854102,0.1351351351351351,0.13888888888888884,1.8347457627118648,-1.3714902807775378,-19.9921875,-1.903629536921152,0.13857965451055665,0.1787773933102652,0.06728538283062657,0.09963099630996307,0.06314243759177685,0.10565110565110558,0.11676356589147295,0.05724892536146941,0.058545797922568525,0.040000000000000036,0.17255573215959566
70,2011-05-31,0.08673484467827275,0.2068763671092764,0.08765968569281535,0.2579329906045027,0.08627140399268107,0.2296017345657879,0.5631205673758866,0.5172576832151301,0.5,0.5365853658536586,0.41143497757847536,-1.4060077519379846,-1.353352529823118,1.977146814404432,0.3623567093728928,0.0854533594259621,0.040000000000000036,0.05956375838926165,0.08425414364640882,0.022222222222222143,-0.04381778741865516,-0.00036961744594343765,0.0700267618198036,0.0,-0.04059643390914458
71,2011-08-31,0.004406065139049398,0.0008168683310358915,-0.02012616401321721,-0.08004509582863584,0.028057119871279124,-0.222830626450116,-0.44343617664851787,-0.4266126519164849,-0.4285714285714286,-0.4285714285714286,0.4352660841938045,14.090692124105013,-3.5739231664726425,-1.6980693184461502,-0.18567097692260104,-0.11538461538461542,-0.004180602006689016,0.024544734758511492,0.03312101910828025,-0.1847826086956521,-0.2000907441016334,0.023479386208171468,0.03209670696123368,0.0,0.0878889975727275
72,2011-11-30,-0.012848806509700885,-0.0184665612406264,-0.060606989576946664,-0.1519607843137255,0.02513939156803291,0.049916407929305066,0.19130434782608696,0.19130434782608696,0.1944444444444444,0.1944444444444444,-0.7684928979893009,-1.0594654436185356,-0.5386702849389416,-1.041319560146618,0.009421060629083657,0.013586956521739024,-0.013014273719563318,0.014683153013910431,0.028360049321825013,-0.01866666666666661,-0.038570618264322176,0.03865606936416177,0.029483037156704524,-0.019230769230769273,0.15741449931732654
73,2012-02-29,0.0199012481141132,-0.024530949534847468,0.01475051398361771,0.050578034682081,0.022733778625954267,0.028093721565059186,0.13959854014598538,0.13959854014598538,0.16279069767441867,0.13953488372093026,1.398406374501992,-2.5691489361702127,1.077450980392157,2.9919354838709675,0.03725726328466061,-0.0382037533512064,0.0012760527435133895,0.01675552170601691,0.033573141486810565,-0.0652173913043479,-0.07492625368731565,0.002782608695652167,0.0333464103570027,-0.019607843137254943,-0.07149844631142821
74,2012-05-31,0.05333440916609522,0.06619958442111984,0.10114166264672786,0.3229023383768914,0.01900963310241877,0.20765571412766887,0.38150520416333067,0.38150520416333067,0.3999999999999999,0.3877551020408165,0.3478405315614619,2.12542372881356,-0.6465313827277017,1.3717171717171723,0.08518975400914308,-0.027177700348431918,0.0012744265080713026,-0.0014981273408239961,0.03828306264501169,-0.05813953488372081,-0.06760204081632659,-0.032604925424904674,0.020880789673500155,0.0,-0.19404418828049952
75,2012-08-31,-0.022584804728893012,-0.046248407165879635,-0.0414135514018692,-0.09312451260722644,-0.008217359457974749,-0.2505496518871382,-0.4106056215589684,-0.4106056215589684,-0.4,-0.3970588235294118,0.3978309095390682,-0.7234273318872018,5.0347129506008015,-0.39352640545144796,0.04760949515212309,0.04226361031518633,0.005091217649554558,0.010502625656414022,0.004469273743016755,0.003086419753086433,0.015731874145006763,0.014700609537468878,0.024544440312384008,-0.020000000000000014,0.051712868622399766
76,2012-11-30,0.040479113874448025,0.07746515770721983,0.1043507403570776,-0.1152275170189896,-0.007985413926007934,0.11160004889377828,0.268928220255654,0.268928220255654,0.2857142857142858,0.29268292682926833,-0.8598130841121495,4.003921568627451,-1.4325221238938053,-0.6558988764044944,0.01563796514967764,0.07697594501718208,0.031658927817644684,0.015590200445434466,0.010011123470522687,0.0738461538461539,0.04983164983164978,-0.04664310954063622,0.029764065335753157,-0.020408163265306145,0.2177743657234774
77,2013-02-28,-0.0025986416761866193,-0.01077098883999128,-0.016194443678097525,-0.03490726492265328,0.008491729288323313,-0.014954915328788232,-0.029833397907787718,-0.029833397907787718,-0.01851851851851849,-0.018867924528301886,3.0176100628930818,-0.7394200626959248,-2.181074168797954,-0.2285714285714285,0.0118778280542986,0.08200382897255888,-0.0020458265139116087,-0.01535087719298256,0.013215859030836885,0.06876790830945545,0.03078896728672232,0.01111934766493694,0.00281988015509338,-0.02083333333333337,0.025006754525532138
78,2013-05-31,0.02972938955317805,0.024725949958216642,0.02823892316320808,0.08022826451829479,0.029989849589369788,0.22203616878767574,0.5199680511182108,0.5199680511182108,0.5283018867924529,0.5576923076923077,0.4289292423293676,2.35187969924812,0.570376786487657,-8.873015873015873,-0.09241662008570893,-0.0032438808611029435,0.027880278802787872,0.0215293244246475,0.047826086956521914,-0.01608579088471851,-0.017423771001866872,0.00018328445747806119,0.032688927943760986,0.0,-0.05137066541705726
79,2013-08-31,0.05615313156994084,0.09030509450254254,0.15689857364933044,0.12849596022374146,-0.0247939437376814,-0.23522426235498306,-0.4243300052548608,-0.4243300052548608,-0.40740740740740733,-0.4197530864197532,0.3786152497808939,0.5706594885598923,-1.6456150027578602,-4.394489247311828,0.3456511325532061,-0.047928994082840126,0.013163143199042882,-0.015988372093023284,-0.009336099585062207,-0.08991825613079019,-0.10196326789107024,-0.07659886384460313,0.009189925119128528,-0.021276595744680767,-0.033837604198826754
80,2013-11-30,-0.013517579797699186,-0.026508568537298997,-0.02942008486562941,-0.09748038000826108,0.0005052708940997963,0.10785953177257523,0.16522136010953892,0.16522136010953892,0.16666666666666674,0.19148936170212785,-0.8178639542275906,-0.10625535561268208,-2.2246903032891927,-1.944367451989705,-0.24257526444263636,0.045991298943443004,-0.0059055118110236116,-0.019202363367799014,0.014659685863874115,0.05389221556886237,0.01904090267983061,0.014288549315340402,-0.007082630691399583,-0.021739130434782598,0.07860931808014326
81,2014-02-28,0.015532978249137797,0.003434873000090377,0.0037646944525404624,-0.0013729977116704315,0.02626081766636834,0.0034501347708895125,0.004700352526439522,0.004700352526439522,0.017857142857142568,0.0,1.6413612565445028,-1.2230744646852028,-0.3944890129054761,-1.4062893081761008,0.13011951121256882,0.07456922162804536,-0.001980198019801982,-0.015060240963855387,0.0350877192982455,0.05965909090909083,0.0608996539792388,0.01056544707493634,-0.003736413043478271,0.0,0.004829057296912964
82,2014-05-31,0.043691227097340635,0.08409152328619053,0.03798969196893065,0.0990681332111214,0.048560628089560964,0.2163962608789083,0.4214424951267057,0.4214424951267057,0.4210526315789476,0.4107142857142856,0.4720845721836802,-3.302292263610316,0.040322580645161255,-0.5165118679050568,0.05566777566539916,0.1017417749516174,-0.026984126984127,-0.038990825688073334,0.048853439680957234,0.06434316353887404,0.08284409654272684,0.004646660212971998,-0.024207296283668574,-0.022222222222222254,-0.013621487749506224
83,2014-08-31,0.10384751616045328,0.2088994141842204,0.20742709280369254,-0.07033150323163527,0.010154016809590828,-0.24070311809910785,-0.40098738343390017,-0.40098738343390017,-0.3950617283950618,-0.3924050632911393,0.5098743267504489,3.1692594897324198,-4.610188261351052,5.840981856990394,0.3607406156789914,0.03412797992471761,-0.021207177814029362,-0.037390612569610286,0.01615969581749055,-0.012594458438287215,0.04337349397590362,-0.08498747350163817,-0.0062893081761007386,-0.02272727272727271,0.3003437453295472
84,2014-11-30,-0.014249042376110575,-0.10574973364951712,-0.02803359397625249,-0.1040592061000224,0.0039912151032648335,0.11656584457887398,0.14560439560439553,0.14560439560439553,0.16326530612244894,0.16666666666666674,-0.8421521997621879,-0.07328358208955221,-1.3763803680981594,-2.25210608424337,-0.3319409404855453,-0.029847124484348564,-0.02625,-0.038842975206611514,0.013096351730589316,-0.04591836734693866,-0.034064665127020784,0.018534119629317614,-0.013009845288326272,-0.046511627906976834,-0.0018849274762658965
85,2015-02-28,0.00519810792940345,-0.014335126825518853,-0.0011719603519854127,0.15077179808093444,0.011610542035630944,-0.028235048968535126,-0.0027977617905675656,-0.0027977617905675656,0.0,0.0,1.1308851224105465,-0.6112095345466259,-0.2322738386308069,-0.6944928980812359,-0.1517984275366805,0.07778889444722381,-0.02396234488660676,-0.037833190025795334,0.016620498614958512,0.06417112299465244,0.07770472205618661,0.00641025641025661,-0.007125044531528291,-0.02439024390243893,-0.14347896179268105
86,2015-05-31,0.12231824805699487,0.23178149491168565,0.22911860631612435,0.10868619489559173,0.011809959455244769,0.14774311139701934,0.10501002004008007,0.10501002004008007,0.10526315789473696,0.08928571428571419,0.892620415377817,0.5426677713338857,-5.070063694267517,-4.2687601957585635,0.5849937960732794,0.00023207240659073317,-0.09074967119684353,-0.12868632707774794,0.019073569482289,-0.017587939698492372,0.0,-0.09841791658105603,-0.06709723717258698,-0.07500000000000008,0.11102148369229116
87,2015-08-31,-0.010793215692992963,-0.01679249165123531,0.005873311220774946,0.006539794650447961,-0.03218050675050865,-0.21083605791686133,-0.3663402248821183,-0.3663402248821183,-0.365079365079365,-0.34426229508196715,0.3672659350922252,1.0061761546723953,-1.4264475743348983,-1.6209606986899563,-0.2291858537483883,-0.06751740139211149,-0.04243008678881388,-0.06666666666666676,-0.01693404634581119,-0.0843989769820972,0.0088740987243483,-0.021649954421148587,-0.04038461538461546,-0.027027027027027084,-0.02316069699903189
88,2015-11-30,-0.029378520773704286,-0.056405138276295015,-0.03244434435722554,-0.10636086024299918,-0.024906044971017227,0.06451231060606055,0.2575844304522037,0.2575844304522037,0.30000000000000004,0.2749999999999999,-0.9144467213114754,-1.5532057288180967,0.14862385321100913,-1.1350210970464134,0.04014576736961595,-0.05598407564070662,-0.024169184290030232,-0.05054945054945048,-0.009066183136899329,-0.03910614525139666,-0.020890599230346533,0.004658746797111535,-0.016432865731462853,-0.02777777777777779,0.05589277308426044
89,2016-02-29,-0.014922569799874162,-0.026425330103381217,-0.026483350235241288,-0.14025010905918278,-0.001175855761693212,0.002112754364505643,-0.025034137460172908,-0.025034137460172908,-0.019230769230769273,-0.019607843137254943,5.934131736526946,-1.1664650375030243,0.2414802981895634,-3.7202380952380953,-0.10499109758198844,-0.035846072746441686,-0.026831785345717285,-0.05208333333333337,0.010978956999085243,-0.026162790697674358,-0.012352610892756856,0.01391143055877575,-0.030154849225753955,-0.02857142857142847,0.13238227081817988
90,2016-05-31,0.06946059831830231,0.1269340622754911,0.0995935653540081,0.4552219873150105,0.03093525179856105,0.17554371948513106,0.3141923436041083,0.3141923436041083,0.3529411764705881,0.3400000000000001,0.07369027058146238,0.6395348837209303,-1.3930945743083851,-3.49945295404814,0.29320413270872114,0.08501913613996727,0.013785790031813459,0.00366300366300365,0.038009049773755736,0.07164179104477597,0.11711199545196127,-0.036130802652641236,0.009663865546218677,0.0,-0.2255858767949276
91,2016-08-31,0.09844000713139599,0.15763531478861206,0.17084951079360144,-0.12006043700604375,0.0030873987608111,-0.1886917122899755,-0.3492007104795737,-0.3492007104795737,-0.3623188405797101,-0.35820895522388063,0.5750670241286864,3.6125886524822697,3.207310420076378,0.8520463996498141,0.4199086939261612,0.010582010582010692,0.007845188284518745,-0.020681265206812568,0.006974716652136115,-0.02506963788300831,-0.01882951653944009,-0.08659549228944241,0.00540990428630872,-0.029411764705882363,0.31559372826028786
92,2016-11-30,0.003059493763339693,-0.13051537252689693,-0.008436020214614426,0.0795799762250693,0.0216506798777274,0.05119255381035481,0.10917030567685583,0.10917030567685583,0.13636363636363644,0.11627906976744184,-0.8151489361702128,0.8675763982317894,-1.1261670124481329,-2.184353580713779,-0.3502481302858741,-0.012964348042881936,-0.031655422937208244,-0.05465838509316767,0.022510822510822592,-0.01999999999999991,-0.026970954356846488,0.01844155844155848,-0.01945364238410596,-0.03030303030303028,-0.1946144928715248
93,2017-02-28,0.014417475728155438,0.019726882318410688,-0.005297304528125157,-0.03407353031137217,0.04442656101687925,0.018815716657443197,0.1018700787401574,0.1018700787401574,0.10000000000000007,0.10416666666666674,1.485267034990792,-0.9250797571266852,-0.033915724563206566,-1.1153462382757933,0.06217728055077454,0.03081586259156355,-0.013397642015005262,-0.032851511169513785,0.04149026248941578,0.008746355685131045,0.04584221748400852,0.029584289722009768,0.005909666525960367,-0.03125,0.055707070707070816
94,2017-05-31,0.0766377948987893,0.1288270136795382,0.08588066004115169,0.531222292590247,0.06411142941815663,0.1833785985877241,0.4435015631978563,0.4435015631978563,0.4181818181818182,0.4528301886792452,0.6546869210818822,7.030219780219781,-4.496808510638298,0.7612456747404843,0.10309904800486124,0.08012741975006121,0.012493210211841356,0.0,0.05853658536585349,0.03468208092485558,0.06472986748216103,-0.011642308645033572,0.03818715904322279,-0.03225806451612912,-0.2628091661483998
95,2017-08-31,-0.010326614366883756,-0.015835737770918627,-0.043519722583441715,-0.16345438001488954,0.038971407352395016,-0.15661433948407233,-0.3162128712871287,-0.3162128712871287,-0.3205128205128205,-0.3246753246753247,0.4702194357366771,-0.6890181320561067,-2.655308792211743,-1.2274066797642436,-0.02125413147264044,0.0843920145190562,-0.0021459227467811592,0.020380434782608647,0.02995391705069128,0.025139664804469275,0.03542364767831496,0.04987468671679207,0.024656426839126944,0.0,0.17648204029981507
96,2017-11-30,0.03866104777801893,0.07104383991272932,0.06773186932708364,-0.2339562938791654,-0.0016261906038349536,0.047240666158702586,0.010407239819004488,0.010407239819004488,0.018867924528301886,0.0,-0.8705452330185806,2.140814081408141,-1.9075537585002755,-0.976241900647948,-0.0005159232681394288,0.054184100418410035,-0.014516129032258076,-0.009320905459387574,0.0067114093959730345,0.02452316076294281,0.012944983818770295,-0.03891143470995462,0.00512820512820511,-0.033333333333333326,0.3981466159192455
97,2018-02-28,-0.004042893587581586,-0.010350754344643165,0.09055079915597486,0.1596747127920486,-0.14460872055559534,0.015590894917368203,-2.8020600089565613,-2.8020600089565613,-2.814814814814815,-2.8846153846153846,2.8941176470588235,-0.7798598949211909,-1.8140947752126368,164.72727272727272,-0.08554669169404039,-0.020440563603889683,-0.6268412438625204,-0.6397849462365589,-0.13259259259259248,-0.02659574468085102,-0.03742583295298951,-0.14108296075509194,-0.6369701726844584,0.0,-0.14662484712194734
98,2018-05-31,-0.00677997988437129,-0.022744815519991742,0.012354190528083286,0.06828806767586815,-0.04316893008851408,0.1515709753351755,-1.8464214711729623,-1.8464214711729623,-1.8673469387755104,-1.8163265306122451,0.4078549848942599,-3.5139220365950674,0.3579601990049752,-2.170049369171695,0.10945758710935503,-0.00972447325769843,0.08918128654970747,0.04104477611940305,-0.018787361229718247,0.139344262295082,1.7923186344238975,-0.03672643146327359,0.037837837837837895,0.0,-0.0852037632047341
99,2018-08-31,-0.06488227066091623,-0.11788478753093568,-0.013686291739894552,0.01911956238603807,-0.16749770371342346,-0.1829896907216495,-0.33499706400469764,-0.33499706400469764,-0.3176470588235294,-0.2875000000000001,0.4424892703862662,0.11772151898734172,1.44238871588203,-2.4838255977496484,-0.1463922294172063,-0.05605564648117845,0.11140939597315436,0.025089605734766932,-0.12532637075718012,-0.035971223021582836,-0.08897945321786382,-0.10957670369258488,0.01458333333333339,0.0,-0.1344283006948831
100,2018-11-30,-0.07821873198398233,-0.1502932441910788,-0.02818673853486875,0.03849299662611183,-0.19688969448603774,0.040139236375503096,0.030022075055187614,0.030022075055187614,0.0862068965517242,0.07017543859649122,-0.9187741743528712,-0.4563986409966026,-0.2482562064051601,1.4110584518167455,-0.41349227851530745,0.06697009102730811,0.18599033816425115,0.06643356643356646,-0.15223880597014938,0.21890547263681606,0.008387698042870541,-0.12879298718813206,0.02772073921971252,0.034482758620689724,-0.18178368121442126
101,2019-02-28,-0.0750519785662368,-0.1637043802030278,-0.023641176672816618,-0.1146443514644352,-0.2243229098521523,0.005438192846684897,0.17659665666523794,0.17659665666523794,0.2380952380952381,0.24590163934426235,4.239926739926741,5.874479166666666,0.22109148957397995,-1.5105490761368103,0.35994087213599396,-0.03067235425553516,2.1710794297352343,1.8557377049180328,-0.18544600938967126,0.1428571428571428,-0.11792975970425144,-0.16137770897832826,1.7102897102897099,0.06666666666666665,-0.0554445554445554
102,2019-05-31,-0.0066613059449185386,-0.02585211164080059,0.013450704225352215,0.035805626598465416,-0.08134435354642823,0.15841481173288965,0.3624772313296905,0.3624772313296905,0.4102564102564104,0.4078947368421053,0.5456134218804614,-0.4010152284263959,-0.4720973935779067,0.4871663244353184,0.39361413043478266,0.11106454316848292,0.2472703917790624,0.09529276693455803,-0.059077809798270924,0.3642857142857143,-0.5945096395641241,-0.07521919704660829,0.03391079985256185,0.0625,-0.0594923320994184
