,Quarter end,Assets,Liabilities,Shareholders equity,Revenue,Earnings,Earnings available for common stockholders,EPS basic,EPS diluted,Cash from operating activities,Cash from investing activities,Cash from financing activities,Cash change during period,Cash at end of period,Price,ROE,ROA,Book value of equity per share,P/B ratio,P/E ratio,Cumulative dividends per share,Equity to assets ratio,Net margin,Asset turnover
0,1993-12-31,0.0638065143412736,0.06314970005037313,0.029255079006772045,0.0861517588913654,0.16055045871559634,0.16055045871559634,0.1607142857142856,0.0390625,-0.4852507374631269,5.282758620689656,-27.714285714285715,-1.0737704918032789,0.2186379928315412,-0.019538188277087087,0.03746397694524495,0.034423407917383735,0.03202846975088969,-0.1428571428571429,0.0,inf,-0.0323922734026747,0.02941176470588225,-0.008620689655172377
1,1994-03-31,0.0638065143412736,0.06314970005037313,0.029255079006772045,0.0861517588913654,0.16055045871559634,0.16055045871559634,0.1607142857142856,0.0390625,-0.4852507374631269,5.282758620689656,-27.714285714285715,-1.0737704918032789,0.2186379928315412,-0.019538188277087087,0.03746397694524495,0.034423407917383735,0.03202846975088969,-0.1428571428571429,0.0,inf,-0.0323922734026747,0.02941176470588225,-0.008620689655172377
2,1994-06-30,0.028990060550668332,0.025887319090282638,0.033423984560049025,0.0861517588913654,0.16055045871559634,0.16055045871559634,0.1607142857142856,0.0390625,-0.4852507374631269,5.282758620689656,-27.714285714285715,-1.0737704918032789,-0.013235294117647012,-0.11775362318840575,0.03746397694524495,0.034423407917383735,0.031034482758620863,-0.1428571428571429,0.0,1.5,0.004299754299754266,0.02941176470588225,-0.008620689655172377
3,1994-09-30,0.05570821883587307,0.06423982869379019,0.037945670628183326,-0.0049964311206280865,0.051383399209486084,0.051383399209486084,0.053846153846153884,0.0390625,0.997134670487106,0.14928649835345764,0.3921568627450979,-12.944444444444445,0.16020864381520128,-0.012320328542094527,0.03746397694524495,0.034423407917383735,0.04013377926421402,-0.04166666666666652,0.0,0.4000000000000001,-0.016819571865443472,0.02941176470588225,-0.008620689655172377
4,1994-12-31,0.032812746489982565,0.07342091766283976,-0.039420953627218425,-0.07971664275466284,0.07330827067669166,0.07330827067669166,0.07299270072992692,0.0390625,1.3256814921090387,0.9675262655205348,-0.27016645326504485,-1.0023255813953489,-0.00032113037893388707,-0.11642411642411632,0.03746397694524495,0.034423407917383735,-0.03858520900321538,-0.1490683229813664,0.0,3.2857142857142856,-0.06998444790046665,0.02941176470588225,-0.008620689655172377
5,1995-03-31,0.0124484496716053,0.008784181123199009,0.02809706257982114,0.10065283055636742,-0.04903677758318736,-0.04903677758318736,-0.04761904761904767,0.0390625,-0.7877853177051203,-0.7436893203883495,-0.5350877192982456,39.0,-0.012849341471249607,0.030588235294117583,0.03746397694524495,0.034423407917383735,0.026755852842809347,0.06569343065693413,0.0,0.06666666666666665,0.015384615384615332,0.02941176470588225,-0.008620689655172377
6,1995-06-30,0.028890397525835443,0.019637847487885773,0.049937888198757774,0.0684313031161472,0.19889502762430933,0.19889502762430933,0.19285714285714284,0.0390625,0.17441860465116288,1.4981060606060606,1.2830188679245285,5.875,-0.08948909860071598,0.052511415525114284,0.0477777777777777,0.034423407917383735,0.04885993485342022,0.027397260273972712,0.0,0.09375,0.020421607378129147,0.04693877551020398,-0.017391304347826098
7,1995-09-30,0.052932551319648136,0.053991281354963234,0.04590629436819693,-0.04863700389427461,0.04915514592933956,0.04915514592933956,0.05389221556886237,0.0390625,1.7623762376237622,1.6300227445034117,1.3239669421487603,2.48,-0.3420300214438885,0.08242950108459858,0.04347826086956519,0.034423407917383735,0.04658385093167694,0.03333333333333344,0.014234875444840034,0.05714285714285716,-0.006455777921239525,0.0584795321637428,-0.01769911504424759
8,1995-12-31,0.019008494638629747,0.053124046513204785,-0.056410256410256425,-0.03675317888869534,-0.046852122986822835,-0.046852122986822835,-0.05113636363636365,0.0390625,0.0026881720430107503,-0.456615739406169,-0.4502133712660028,-0.9989550679205852,-0.0005431830526887449,-0.09819639278557113,0.0167682926829269,0.0033277870216306127,-0.05637982195845692,-0.13548387096774195,-0.15438596491228074,0.8648648648648647,-0.07407407407407418,0.014732965009208066,-0.009009009009009028
9,1996-03-31,-0.012982576016399072,-0.015902652588205002,0.02022058823529416,-0.07061482820976495,-0.4516129032258065,-0.4516129032258065,-0.4491017964071856,0.0390625,-0.613941018766756,-1.0312997347480106,-2.478654592496766,631.0,-0.34347826086956523,0.044444444444444516,-0.08595702148925533,-0.09286898839137647,0.018867924528301886,0.10447761194029836,0.012448132780082943,0.04347826086956519,0.03368421052631576,-0.05263157894736836,-0.045454545454545525
10,1996-06-30,0.009622706818968485,-0.000948642459927984,0.034939287113200164,0.010312287187469682,0.4481792717086833,0.4481792717086833,0.44565217391304346,0.0390625,1.0439814814814814,-10.932203389830509,-0.7226596675415573,-0.9224683544303798,-0.040562913907284726,0.025531914893617055,-0.06670311645708049,-0.07312614259597805,0.03703703703703698,0.0067567567567568,0.1079234972677594,0.0277777777777779,0.02511880515953835,-0.021072796934865967,-0.05714285714285716
11,1996-09-30,0.014833607606509425,0.007792803117121272,0.0311104382711378,0.009340394800192664,-0.011605415860735048,-0.011605415860735048,-0.015037593984962403,0.0390625,0.23216308040770106,0.1843003412969284,-0.2460567823343849,-4.387755102040817,0.1432269197584124,0.029045643153526868,-0.08435852372583474,-0.08481262327416184,0.02976190476190488,-0.0067114093959731455,0.09001233045622703,0.04054054054054057,0.015894039735099508,-0.05675146771037176,-0.03030303030303028
12,1996-12-31,0.19339654512285764,0.2803534877676337,-0.0030832476875641834,0.16122877313489806,0.22309197651663412,0.22309197651663412,0.2290076335877862,0.0390625,0.08455882352941169,4.279538904899137,-15.301255230125525,4.445783132530122,0.6822641509433962,0.20564516129032276,-0.0326295585412667,-0.06034482758620685,-0.00289017341040454,0.16891891891891886,0.3099547511312217,0.22077922077922074,-0.16460234680573682,-0.03734439834024905,-0.02083333333333337
13,1997-03-31,-0.01736242168038049,-0.030196914332115358,0.019882179675994042,0.1875616168255012,-0.0736,-0.0736,-0.07453416149068326,0.0390625,-0.7889830508474576,-0.9978165938864628,-1.144528964306612,-1.356194690265487,-0.14445939883355766,0.13377926421404673,0.08796296296296302,0.05963302752293576,0.020289855072463725,0.1387283236994219,0.14680483592400684,0.021276595744680767,0.03784627389777629,0.012931034482758674,0.042553191489361764
14,1997-06-30,0.013539986171928977,0.004003349207179818,0.039855595667870114,0.10031131096506396,0.2348877374784111,0.2348877374784111,-0.3825503355704698,0.0390625,3.0240963855421694,26.5,-0.23076923076923075,-2.158385093167702,0.19559517566858944,0.2861356932153394,0.06565349544072951,0.04112554112554112,0.039772727272727286,0.2588832487309645,0.15813253012048212,0.03125,0.02593984962405993,-0.025531914893617055,0.0714285714285714
15,1997-09-30,0.027116138934682562,0.02051028120194931,0.04471601166504646,0.030619302106255963,0.15384615384615374,0.15384615384615374,0.15217391304347827,0.0390625,0.6726546906187625,6.463636363636364,-1.0105263157894735,-0.9088471849865952,0.01491228070175432,0.1295871559633026,0.1009697661152309,0.07692307692307687,0.04371584699453535,0.08467741935483875,0.03771131339401812,0.03030303030303028,0.017222425796995292,0.017467248908296984,0.05714285714285716
16,1997-12-31,0.03302339310751967,0.047448797180652764,-0.004519473614249647,0.10065885797950223,0.6084848484848484,0.6084848484848484,0.6037735849056602,0.0390625,-0.1306682577565632,-0.5596833130328867,-22.25,30.323529411764714,0.4602420051858254,-0.008121827411167515,0.2253886010362693,0.23745173745173756,-0.007853403141361182,-0.048327137546468335,-0.1221804511278196,0.32352941176470584,-0.0363832853025936,0.14163090128755362,0.09009009009009006
17,1998-03-31,0.026484980533628688,0.013921396528184138,0.060889304312992325,-0.02876621217159958,-0.2434061793519217,-0.2434061793519217,-0.2411764705882352,0.0390625,-0.3864104323953329,0.4481327800829875,2.117647058823529,-1.4206572769953052,-0.13258360461675056,0.1555783009211873,0.08541226215644815,0.09516380655226198,0.06068601583113443,0.1640625,-0.07780157030692357,0.022222222222222143,0.03364485981308407,0.07142857142857162,0.016528925619834656
18,1998-06-30,0.04815839379229958,0.044436963474162594,0.05789804908747631,0.05541288592136051,0.044820717131474064,0.044820717131474064,0.03875968992248069,0.0390625,1.0033557046979866,1.7564469914040113,-4.720754716981132,-0.7433035714285714,-0.03923575571477311,-0.006200177147918429,0.04479937670432421,0.05128205128205132,0.057213930348258835,-0.06375838926174493,-0.11377708978328185,0.021739130434782702,0.009041591320072095,0.047368421052631504,0.008130081300812941
19,1998-09-30,0.06105070960245663,0.06084954529757103,0.061570493753718036,0.04828593057207753,-0.07912297426120117,-0.07912297426120117,-0.0746268656716419,-0.07518796992481214,0.03964265773310993,-0.22453222453222452,0.2545638945233266,-9.234782608695653,0.33629261363636354,-0.180926916221034,-0.010812826249067877,-0.008130081300813052,0.061176470588235166,-0.22580645161290314,-0.2436681222707423,0.021276595744680767,0.0007168458781363629,-0.008375209380234505,0.0
20,1998-12-31,0.0629663814276551,0.09175745475064012,-0.01137573550014015,0.21442203538453608,0.18944099378882,0.18944099378882,0.18548387096774202,0.1869918699186992,0.06928034371643399,0.532171581769437,0.7518189167340339,-0.4076029567053854,0.14908317831517404,-0.059847660500543916,-0.0784018092725216,-0.08743169398907102,-0.011086474501108556,-0.11111111111111116,-0.08775981524249421,0.2361111111111112,-0.07020057306590255,-0.10810810810810813,0.024193548387096756
21,1999-03-31,0.024960263731088398,0.017989901800977925,0.04483618637342701,-0.08549949031600412,0.040034812880765935,0.040034812880765935,0.04081632653061229,0.04109589041095885,0.052235057759919545,-0.3764946048410616,-0.8841716658975542,-0.9411764705882352,0.0076318223866789206,-0.01041666666666663,0.008179959100204526,-0.002994011976047761,0.04484304932735439,0.0,0.03417721518987338,0.022471910112359602,0.019645608628659383,-0.005681818181818232,0.0
22,1999-06-30,0.040218827178220666,0.03161430161488732,0.0641241252102207,0.05452603223259489,0.16736401673640167,0.16736401673640167,0.1633986928104576,0.16447368421052633,0.026252983293556083,0.4616463985032742,3.8645418326693233,3.212121212121212,0.03190268533394547,0.18947368421052624,0.038133874239350884,0.03153153153153143,0.0622317596566524,0.13541666666666674,0.13708690330477347,0.0219780219780219,0.023044956554590046,0.02857142857142869,0.0
23,1999-09-30,0.05664987231693019,0.05076660988074955,0.07249553912821828,-0.00017617264919622674,0.037275985663082434,0.037275985663082434,0.0393258426966292,0.033898305084745894,0.07162790697674426,0.2982400000000001,0.6781326781326782,2.2158273381294964,0.09942170818505347,0.04129793510324475,0.05666275889019135,0.0538573508005824,0.07272727272727253,-0.01834862385321101,-0.034445640473627415,0.021505376344086,0.014771048744460781,0.06111111111111112,-0.007874015748031482
24,1999-12-31,0.03632967119100194,0.048854301772589766,0.003279935351998775,0.025197127879829084,0.24326192121630966,0.24326192121630966,0.24324324324324295,0.2513661202185793,-0.1957465277777778,-0.25856544244515656,-0.14885309907271838,-0.2371364653243848,0.06898644547845434,-0.14919735599622286,0.07655325443786998,0.08149171270718214,0.011299435028248705,-0.20560747663551404,-0.2274247491638797,0.18947368421052624,-0.031659388646288145,0.12914485165794054,-0.039682539682539764
25,2000-03-31,0.03487961679062135,0.04298914536960696,0.012508291481095446,0.0017187298586345268,-0.13896609227348522,-0.13896609227348522,-0.13478260869565206,-0.1353711790393013,0.6200755531570425,0.09507978723404252,-0.8222477064220184,-1.3782991202346042,-0.024413323239969698,-0.015538290788013387,0.02335967021642027,0.019157088122605304,0.027932960893854556,-0.029411764705882363,-0.1255411255411255,0.026548672566371726,-0.021796317173994884,0.040185471406491535,-0.01652892561983477
26,2000-06-30,0.021096995018088368,0.013684193192484484,0.04216190921853058,-0.08167117059151552,-0.1536475145255003,-0.1536475145255003,-0.13567839195979906,-0.13636363636363635,-0.9263824117255164,-0.4927140255009107,3.45483870967742,-0.22480620155038755,-0.019398642095053376,0.043968432919955,-0.04431017119838865,-0.04887218045112785,0.04166666666666674,0.0181818181818183,-0.016501650165016483,0.02586206896551735,0.020745293891663463,0.0,-0.05042016806722693
27,2000-09-30,-0.012394278829522043,-0.021898047369960042,0.013874545372906557,-0.1707693026297351,-0.2898550724637681,-0.2898550724637681,-0.2906976744186046,-0.29239766081871343,1.0995475113122173,-0.2160383004189108,-0.7081824764663287,5.06,-0.11988130563798215,-0.1220302375809934,-0.1008078679311556,-0.10144927536231883,0.013913043478260834,-0.1607142857142857,-0.11577181208053698,0.021008403361344685,0.02634550244636813,-0.031203566121842607,-0.07079646017699104
28,2000-12-31,-0.000978379031283949,0.00013286829430336766,-0.003941541186891051,-0.05824367712499301,-0.326530612244898,-0.326530612244898,-0.3278688524590164,-0.3223140495867769,2.2521551724137927,-1.3809160305343509,-4.258064516129032,-2.5148514851485153,0.20633850303438986,0.07011070110701079,-0.22187500000000004,-0.2184750733137829,-0.003430531732418585,0.05673758865248235,0.1631878557874764,0.10699588477366252,-0.0029336266960030555,-0.14417177914110413,-0.08571428571428574
29,2001-03-31,-0.04442080063838272,-0.05211066458533997,-0.023831754924191872,-0.08595011663376995,-0.2934609250398724,-0.2934609250398724,-0.29268292682926833,-0.29268292682926833,-0.6560636182902584,3.6452905811623246,1.4722010662604723,-1.7363834422657949,-0.1259549096329421,0.10689655172413803,-0.2550200803212851,-0.24390243902439024,-0.02409638554216864,0.11409395973154356,0.3898858075040783,0.02230483271375472,0.0216991541007725,-0.16666666666666674,-0.09375
30,2001-06-30,-0.013057506168153377,-0.01991941135248776,0.004782509678888713,-0.0032063865986127205,-0.108352144469526,-0.108352144469526,-0.10344827586206884,-0.1206896551724137,1.5298651252408482,-0.8589301121656601,-0.6176833025261861,-1.4585798816568047,0.06608399062033676,-0.024922118380062308,-0.2749326145552561,-0.26302729528535984,0.0017636684303350414,0.0,0.29107981220657275,0.021818181818181737,0.017998560115190854,-0.20645161290322575,-0.06896551724137923
31,2001-09-30,0.015678884145481575,0.014282394580197756,0.01922030825022669,-0.014573623055209041,-0.002531645569620267,-0.002531645569620267,0.0,0.0,-0.33739527798933744,-0.2232415902140673,-0.8509266720386784,2.5032258064516135,0.21715656868626265,0.13312034078807233,-0.22304832713754646,-0.2154882154882155,0.01936619718309873,0.12650602409638556,0.5690909090909093,0.021352313167259718,0.003536067892503602,-0.18970189701897025,-0.03703703703703709
32,2001-12-31,-0.0010981243531164029,-0.002273448239399345,0.0018679950186799574,-0.2822596762374259,0.2791878172588833,0.2791878172588833,0.25,0.2941176470588236,3.0862068965517233,-9.456692913385826,3.6108108108108112,-0.5718232044198894,0.07639231148348946,0.08082706766917291,-0.06698564593301426,-0.055793991416309134,-0.003454231433506094,0.06417112299465244,0.3939745075318655,0.03832752613240409,0.0028188865398168783,0.03010033444816052,-0.08974358974358987
33,2002-03-31,-0.0017564032904130444,-0.010757246568809277,0.020864778478203002,0.29636161128643024,-0.06349206349206349,-0.06349206349206349,-0.061538461538461535,-0.0757575757575758,-0.5808720112517579,-1.324953445065177,0.5216881594372802,0.756989247311828,0.1246947496947497,0.21043478260869564,0.00512820512820511,0.0181818181818183,0.01906412478336228,0.2110552763819096,0.2959268495428098,0.020134228187919545,0.02283907238229088,0.04220779220779214,-0.014084507042253502
34,2002-06-30,0.0517341772151898,0.04706806656667384,0.06309793007479557,0.21343166034223526,0.5614406779661016,0.5614406779661016,0.049180327868852514,0.03278688524590168,0.18657718120805367,-3.6719197707736386,-0.38443759630200297,-1.4663402692778458,-0.05170308047224858,-0.028017241379310387,0.16326530612244916,0.1741071428571428,0.06292517006802734,-0.045643153526971125,-0.040731237973059664,0.019736842105263275,0.01064926142219158,0.15887850467289732,0.014285714285714237
35,2002-09-30,0.03520406321085123,0.0326398362892224,0.04135476745612965,0.1128746754779324,0.7489823609226594,0.7489823609226594,0.7343750000000002,0.7619047619047621,0.921945701357466,0.5689008042895443,-1.0300375469336671,-2.2860892388451437,0.07012020606754432,-0.17590539541759045,0.3793859649122806,0.3954372623574145,0.04159999999999986,-0.22608695652173905,-0.3075894349715814,0.019354838709677358,0.006118286879673862,0.3333333333333335,0.042253521126760514
36,2002-12-31,0.011777426405617852,0.007662582158073804,0.02156493047372132,-0.041196118975664116,-0.05197827773467801,-0.05197827773467801,-0.04504504504504503,-0.03603603603603611,-0.6180105944673338,-0.3721804511278195,19.08333333333333,-0.4857142857142858,0.03369884995988226,0.0690582959641255,0.1955484896661368,0.209809264305177,0.019969278033794117,0.0280898876404494,-0.24915499758570736,0.08227848101265822,0.009459459459459252,0.10483870967741947,0.09459459459459474
37,2003-03-31,0.03148520540074684,0.020403815267626024,0.05748452339754673,-0.002875470028754657,-0.09328968903436984,-0.09328968903436984,-0.10377358490566048,-0.1121495327102805,0.4699537750385208,-0.8606423516603157,-2.568464730290456,3.4484126984126986,0.14501940491591192,0.18036912751677847,0.12034574468085113,0.1351351351351351,0.05572289156626509,0.1584699453551912,-0.05080385852090041,0.017543859649122858,0.02543507362784481,0.1058394160583942,0.024691358024691246
38,2003-06-30,0.03716370523032353,0.021473427236079257,0.07268562286379178,0.05096495119787048,0.12003610108303242,0.12003610108303242,0.11578947368421065,0.11578947368421065,-0.07966457023060791,1.421875,-0.7619047619047619,0.19982158786797502,0.15196023048243146,0.2956645344705047,0.06350148367952513,0.08333333333333348,0.06990014265335233,0.2264150943396226,0.10840108401084003,0.02011494252873569,0.03426892950391647,0.08415841584158401,0.0
39,2003-09-30,0.018893459790979783,0.0053301886792451745,0.04813396156062511,0.023798216452957544,0.06768734891216767,0.06768734891216767,0.07547169811320731,0.06603773584905648,0.7129840546697039,0.5629032258064517,4.811111111111111,-0.23197026022304834,0.10131424087877594,0.2567196928140427,-0.040736607142857095,-0.016483516483516536,0.046666666666666634,0.1730769230769229,0.12775061124694376,0.016901408450704203,0.02871568318081419,0.0,-0.012048192771084376
40,2003-12-31,0.047817836812144236,0.04681024101096365,0.0499013615342323,0.07339449541284404,0.20075471698113206,0.20075471698113206,-0.20175438596491213,-0.20353982300884946,-0.496343085106383,-0.4344685242518059,-1.6453154875717018,1.169409486931268,0.19957253539941225,0.0331732867743344,0.017452006980802848,0.039106145251396766,0.04840764331210212,-0.00983606557377048,0.02872628726287263,0.11634349030470915,0.0018404907975460016,0.038051750380517564,0.0
41,2004-03-31,0.016851784780071544,0.003481145042729894,0.044418432725480635,0.1400653029866512,0.1451917033312382,0.1451917033312382,0.1428571428571428,0.14444444444444438,0.5504950495049505,1.4708029197080292,-2.0207407407407407,-0.9482373940205264,0.008611729769858911,0.02746092099704267,0.07833047455688957,0.10394265232974907,0.043742405832320815,-0.019867549668874163,-0.03688092729188619,0.017369727047146233,0.02725045927740366,0.05718475073313777,0.03658536585365857
42,2004-06-30,0.0408920461853548,0.050830045410556135,0.021205686309207827,0.11755043591795468,0.29802414928649834,0.29802414928649834,0.29807692307692313,0.30097087378640786,0.6649638143891017,4.781388478581978,-2.824383164005805,-26.051724137931036,-0.21389665832474605,0.02097039473684204,0.142099681866384,0.15097402597402598,0.032596041909196634,-0.02364864864864857,-0.0984682713347922,0.021951219512195363,-0.01907600596125192,0.08876560332871009,0.058823529411764726
43,2004-09-30,0.0625356450325083,0.05644738519956372,0.07494584837545126,0.045714931785633565,0.04312896405919653,0.04312896405919653,0.051851851851851816,0.05223880597014907,-0.07133725389925849,-0.5645120081757793,0.3214001591089897,-1.7147281486579489,0.19447565543071169,0.09383809907370133,0.10770659238625813,0.11424541607898453,0.07328072153325826,0.058823529411764726,-0.07827669902912626,0.01909307875894961,0.011850501367365318,0.062420382165605075,0.05555555555555558
44,2004-12-31,0.09390515552454316,0.1353620428362592,0.010854379365932363,0.0924784661404836,-0.02148358329955413,-0.02148358329955413,-0.02816901408450712,-0.021276595744680882,-1.270374449339207,-1.1554708125550015,0.7664057796508128,0.6321617717862302,0.26573645841498794,0.1737849779086893,0.060352053646269825,0.04303797468354431,0.011554621848739677,0.09477124183006548,0.009216589861751112,0.2295081967213115,-0.07597597597597594,0.0035971223021582506,0.03157894736842115
45,2005-03-31,0.009878966306836823,-0.0056463806463806785,0.04481182224112268,0.04067561772176953,0.13504556752278374,0.13504556752278374,0.13768115942029002,0.1304347826086958,-2.8747454175152747,-3.5849056603773586,-1.6407634628493524,-1.5466076696165192,-0.11475815941041677,0.04485570890840673,0.061264822134387435,0.04733009708737868,0.04361370716510904,0.032835820895522394,-0.05283757338551864,0.017142857142857126,0.03444913877153088,0.027479091995221028,0.020408163265306145
46,2005-06-30,0.024885009069707253,0.04241013091306512,-0.012643093360468094,0.06920053255563308,-0.11861313868613145,-0.11861313868613145,-0.10828025477707016,-0.10897435897435903,0.8109722976643128,3.823357664233576,-1.9808510638297872,0.112790070156503,-0.1442563313278299,-0.08015610927649364,-0.02271880819366856,-0.03939745075318657,0.0009950248756218636,-0.11849710982658967,-0.1652892561983471,0.01685393258426959,-0.03644360666038349,-0.05348837209302315,0.020000000000000014
47,2005-09-30,0.030609745498218155,0.027430824634179674,0.037796614536366624,-0.008153221263601074,0.2621118012422361,0.2621118012422361,0.2785714285714287,0.28057553956834536,-0.5173965206958608,-0.5231537530266344,-0.4810195227765727,-0.6925315227934045,-0.0518312622629169,0.035900783289817266,0.03734756097560976,0.0193003618817853,0.05069582504970183,0.03606557377049202,0.0264026402640265,0.018416206261510304,0.006847081838930791,0.011056511056511065,0.009803921568627416
48,2005-12-31,0.051512247479587485,0.08860296156619163,-0.03150446871896728,0.0239433251629102,0.02657480314960625,0.02657480314960625,0.033519553072625774,0.033707865168539415,0.9167184586699813,0.2367502380196762,5.571577847439916,-9.503154574132493,0.4648215209518882,-0.0415879017013232,0.058045554739162286,0.0366863905325443,-0.02838221381267747,-0.08860759493670889,-0.09967845659163987,0.18083182640144654,-0.07901554404145084,0.03523693803159178,0.0
49,2006-03-31,0.031132887119588167,0.025717575374708312,0.04475660711081497,0.06238505327689393,0.09300095877277093,0.09300095877277093,0.0972972972972972,0.09782608695652173,0.5544747081712063,0.06928406466512692,-1.6123390046112258,-1.5726210350584306,-0.1817058096415327,0.0437212360289283,0.05034722222222232,0.02397260273972601,0.058422590068159634,0.07291666666666674,-0.029464285714285717,0.016845329249617125,0.013361462728551432,0.023474178403755985,0.0
50,2006-06-30,0.04239025907908145,0.025241638272720968,0.08474617857055232,0.08172125741921299,0.08157894736842097,0.08157894736842097,0.09359605911330073,0.09405940594059414,-0.04860241969128076,0.1041516678665706,-0.8610750454427422,-0.8979591836734694,-0.0226586102719033,0.06708661417322848,0.07041322314049593,0.06577480490523979,0.08739650413983457,0.009708737864077666,-0.002759889604415755,0.01957831325301207,0.040596807772380165,0.06307339449541294,0.0
51,2006-09-30,0.0485690446957312,0.04101426246027429,0.06620524303906272,0.005740994767057917,0.09110570424439036,0.09110570424439036,-0.2702702702702703,-0.2714932126696832,-0.19842139881604914,-0.2512497283199304,-5.22803738317757,-8.942857142857143,0.1841466107308456,0.08028335301062572,0.031192093885114236,0.029288702928870206,0.07106598984771573,-0.006410256410256388,-0.032287822878228734,0.020679468242245317,0.016672224074691492,0.030204962243797207,0.0
52,2006-12-31,0.04201735035160015,0.08442773242989167,-0.05464805464805467,0.0022984441301272533,-0.0572348860257681,-0.0572348860257681,-0.05555555555555558,-0.05590062111801242,0.5087527352297594,0.7555878084179971,0.1268788682581785,-0.026378896882493952,0.151407794145068,0.14699453551912556,0.014375561545372896,0.0060975609756097615,-0.0545023696682464,0.07096774193548372,0.06101048617731175,0.2112879884225758,-0.09248934076746472,0.010471204188481577,0.0
53,2007-03-31,0.00014279151197582607,-0.025619678659708826,0.06750145864189228,-0.062444875639442565,-0.03915900131406047,-0.03915900131406047,-0.03921568627450989,-0.039473684210526334,-0.2516316171138506,-0.23197751322751325,-2.696743821106316,-2.95935960591133,-0.2576518218623481,0.1231538828013341,-0.0218482432831415,-0.016161616161616155,0.06683375104427736,0.18674698795180733,0.0682839173405212,0.016726403823178027,0.06722081676906401,0.010362694300518172,-0.029126213592233
54,2007-06-30,0.021999168203008068,0.0016295682965286053,0.0706117300819844,-0.0782421717511087,-0.18408096280087527,-0.18408096280087527,-0.18367346938775508,-0.18493150684931506,0.38032945736434104,-0.057911733046286384,-0.7491329479768787,-1.0817096165933375,0.028359511343804437,0.16670201484623548,-0.08089345004527615,-0.0728952772073922,0.06969459671104161,0.09390862944162426,0.14465937762825898,0.018801410105757862,0.04740941415509648,-0.015384615384615441,-0.06000000000000005
55,2007-09-30,0.033448533475865634,0.039380188546503485,0.020204598558777983,0.005569487373884741,0.013409319477036608,0.013409319477036608,-0.31666666666666665,-0.3193277310924369,-0.1635661635661636,-0.8601462522851919,1.6580645161290324,3.728205128205128,0.13039174091359065,0.034175604435557234,-0.09293924466338256,-0.0919158361018826,0.03294289897510971,-0.03480278422273775,0.08449669360764145,0.02076124567474036,-0.012609117361784716,-0.03645833333333337,-0.05319148936170204
56,2007-12-31,0.012542022239462105,0.03351383365766991,-0.035163016282381936,-0.004784688995215336,-0.13628845517697652,-0.13628845517697652,-0.13414634146341464,-0.1234567901234569,0.2509441879983214,4.4493464052287575,-0.9684466019417476,0.40726681127982656,0.1623295383460528,-0.0762875725083495,-0.11404779145546705,-0.10365853658536596,-0.031183557760453562,-0.10576923076923073,-0.008130081300812941,0.1322033898305084,-0.04715127701375232,-0.054054054054054064,-0.0561797752808989
57,2008-03-31,0.020350355811982638,0.013311393275535988,0.037501745426981266,0.05506993006993,0.11949444657219455,0.11949444657219455,0.12676056338028174,0.11267605633802825,-0.38443475343844347,-1.1409295352323838,64.62637362637362,-1.4566473988439306,-0.06377482374468546,-0.08011417697431011,-0.08009807928075198,-0.08027210884353743,0.04169714703730798,-0.048387096774193616,0.004781420765027411,0.017964071856287456,0.01683848797250853,-0.053714285714285714,-0.02380952380952384
58,2008-06-30,0.024557990306505628,0.01746689611155539,0.0414335429043855,0.04446285556476104,0.0725282244269585,0.0725282244269585,0.07499999999999996,0.08860759493670889,0.05340599455040862,-9.14468085106383,-0.8881446751507033,-0.5645569620253165,-0.02966199126235913,-0.015515101365328963,-0.0022212350066637128,-0.008875739644970237,0.0470505617977528,-0.05649717514124297,0.0428280081577157,0.017647058823529568,0.016221696519094442,-0.010869565217391242,0.0
59,2008-09-30,-0.0432358901751756,-0.055693629455530025,-0.014270944873167712,-0.026414595452141757,-0.046251993620414655,-0.046251993620414655,-0.046511627906976834,-0.046511627906976834,-0.467408173823073,-0.4482758620689655,1.609281437125749,4.664728682170543,-0.17316350710900474,-0.13658331582265182,-0.009795191451469345,-0.005970149253731294,-0.012743125419181768,-0.17365269461077848,-0.15514993481095174,0.01734104046242768,0.0305952776854006,-0.019536019536019574,0.012195121951219523
60,2008-12-31,-0.056987662345199024,-0.041151986546142494,-0.09225928492499014,-0.2872273974090872,-0.6217391304347826,-0.6217391304347826,-0.6219512195121951,-0.6219512195121951,0.6775133559980573,-2.397253787878788,-0.8290304073436603,-2.9141293191926096,0.4008741133481408,-0.2703820880992943,-0.12005395683453225,-0.11561561561561573,-0.09239130434782616,-0.26086956521739124,-0.2723765432098766,0.02651515151515138,-0.03743142949338496,-0.07596513075965128,-0.04819277108433728
61,2009-03-31,-0.07272089502640032,-0.09350965965395376,-0.023810015061794587,-0.3406744141741284,-0.7674624226348364,-0.7674624226348364,-0.7741935483870968,-0.7741935483870968,-0.7371163867979155,0.193154862758387,12.771812080536911,-1.0541554959785522,-0.015497135842880485,-0.11741160773849235,-0.2442514052120593,-0.2325976230899831,-0.02470059880239517,-0.029411764705882363,0.00954400848356318,0.016605166051660403,0.05263157894736836,-0.1428571428571428,-0.10126582278481022
62,2009-06-30,-0.009662797565718306,-0.031953796145809184,0.039037896561198826,-0.07402912621359226,0.00760456273764265,0.00760456273764265,0.0,0.0,2.515418502202643,-0.6089179210451576,0.4702729044834309,0.8217821782178218,-0.02867681437996783,0.17082388510959934,-0.3657876943881001,-0.3517699115044247,0.038372985418265504,0.202020202020202,0.5798319327731092,0.016333938294010864,0.04904458598726125,-0.2421383647798743,-0.14084507042253513
63,2009-09-30,-0.008383313787904134,-0.024184280217858345,0.02377949552481695,0.09748486550583536,-0.5094339622641509,-0.5094339622641509,-0.4285714285714286,-0.4285714285714286,0.4223057644110275,-1.6913580246913582,-0.18793503480278415,0.2771739130434783,-0.03770658394394821,0.1116849580374435,-0.6098081023454158,-0.6006825938566553,0.023651145602365142,0.0714285714285714,0.8031914893617023,0.008035714285714368,0.032483302975106154,-0.5186721991701245,-0.16393442622950816
64,2009-12-31,-0.015435144011785806,-0.030641609913461987,0.014067436269347587,0.1290872903042366,2.546153846153846,2.546153846153846,2.25,2.25,0.12180616740088103,-0.11764705882352945,-0.3624489795918368,-2.6,0.06269453090262345,0.08885017421602792,-0.3825136612021859,-0.35897435897435903,0.011552346570397054,0.06274509803921569,1.8219026548672568,0.007971656333038313,0.029991179064980944,-0.3189655172413792,-0.058823529411764726
65,2010-03-31,-0.03974191777060887,-0.05999809831701052,-0.002174892724885913,-0.0006043817678166308,0.4815618221258136,0.4815618221258136,0.4615384615384615,0.4615384615384615,-0.4396230119772237,-1.4821428571428572,0.1229193341869399,-1.5079787234042552,-0.029968619246861894,0.0325333333333333,0.35398230088495586,0.4133333333333333,-0.0035688793718771095,0.01845018450184499,0.6320397229844505,0.007908611599297009,0.03910933485583778,0.3291139240506329,0.04166666666666674
66,2010-06-30,-0.04057898498927803,-0.052768224425112975,-0.019282881043082067,0.12120143123519632,0.4582723279648608,0.4582723279648608,0.42105263157894735,0.42105263157894735,0.8013314646110721,-2.320987654320988,-0.07782212086659067,-1.7574171029668408,0.023400010783415137,0.11647727272727272,0.4673202614379086,0.5094339622641509,-0.01862464183381096,0.12318840579710155,-0.19511609287429946,0.007846556233652935,0.02225274725274717,0.3571428571428572,0.1200000000000001
67,2010-09-30,0.041811015995768315,0.028429383357657205,0.0643921191734742,0.035688601222581884,0.2038152610441768,0.2038152610441768,0.2222222222222221,0.2222222222222221,-0.2933281462750438,1.6878504672897194,-0.4219474497681608,2.665898617511521,0.08382066276803113,0.0043950959981495785,0.44988864142538976,0.4937500000000001,0.06423357664233588,0.022580645161290214,-0.31443350243708346,0.007785467128027745,0.02176834184359033,0.3789473684210527,0.08928571428571419
68,2010-12-31,0.017921121321557543,0.024089991346985862,0.007863054928517688,0.6403090009547783,0.4161801501251043,0.4161801501251043,0.393939393939394,0.393939393939394,0.06963941646022563,1.1578581363004172,-0.4700534759358289,-1.1030798240100566,-0.007972000777756172,0.20704744357438964,0.3548387096774193,0.37656903765690375,0.006172839506172867,0.13249211356466886,-0.1733894370284388,0.03605150214592268,-0.009994739610731164,0.13231552162849858,0.21311475409836067
69,2011-03-31,0.06320034283867604,0.06855333866588564,0.05433200194109533,-0.19499417927823048,0.13839811542991765,0.13839811542991765,0.15217391304347827,0.15217391304347827,0.18193515182707154,1.7415404447309055,-0.8950554994954592,20.40853658536585,-0.1720403763230106,-0.012783819881701852,0.23922902494331064,0.2462006079027357,0.0538513974096797,-0.01671309192200554,-0.2734772687379322,0.009942004971002394,-0.008235919234856559,0.15280898876404492,0.08108108108108114
70,2011-06-30,0.07713249238454578,0.09512061403508776,0.0469294906973039,0.2169526063235392,0.24004138644593895,0.24004138644593895,0.2452830188679245,0.2264150943396226,-0.2756368386675375,-0.3520630069354649,-36.875,-1.5209342067786955,0.10824406699414092,-0.05353691534596061,0.18938700823421795,0.18292682926829265,0.04657179818887447,-0.1019830028328612,-0.2558589031166949,0.009844134536505456,-0.02812751138494507,0.09746588693957126,0.07499999999999996
71,2011-09-30,0.0032697380528801108,0.03594878213151054,-0.05412580317889748,0.07840224700893939,0.17480183562786822,0.17480183562786822,0.18181818181818188,0.18461538461538465,0.07995190862639022,-0.30442670537010164,-0.5990351112302332,-0.9617277200656096,0.0037381181245328405,-0.13028384725342035,0.20846153846153825,0.17525773195876293,-0.034610630407911014,-0.17034700315457418,-0.298051948051948,0.01462225832656383,-0.05733186328555673,0.08170515097690934,0.09302325581395343
72,2011-12-31,0.05004188500883555,0.09738485558157683,-0.04102683280001429,0.40668670172802396,0.16370738636363644,0.16370738636363644,0.15384615384615374,0.18181818181818188,0.2282215418870026,0.6528429838288994,1.899732620320856,31.442857142857147,0.12082357948499678,-0.11505048133364648,0.17823042647994902,0.12631578947368416,-0.037772087067861726,-0.08365019011406838,-0.276595744680851,0.07045636509207354,-0.08654970760233928,0.04597701149425304,0.07446808510638303
73,2012-03-31,0.05736430497242706,0.053386177519202604,0.06612109462381621,-0.1962292367676121,-0.0012206286237412822,-0.0012206286237412822,0.022222222222222143,0.0,-0.7138001359619306,-0.4238598706012309,-0.9483633010603963,-1.808454425363276,-0.08715051977025677,0.14566197930485547,0.12533765532144805,0.07788161993769482,0.06653359946773141,0.1908713692946058,-0.034526854219948944,0.013462976813762184,0.008322663252240625,0.03610675039246458,0.03960396039603964
74,2012-06-30,0.004791329346066186,0.007557059821363898,-0.0012239688062807286,-0.07167696635435361,-0.09196455850901307,-0.09196455850901307,-0.09782608695652184,-0.08791208791208792,1.5154394299287413,0.9591892632155574,9.794642857142858,0.10675381263616557,-0.10566273204721544,-0.030106530801296882,0.058089294287085876,0.020231213872832443,0.008109794135994886,-0.09059233449477357,-0.14370860927152318,0.014760147601476037,-0.006031746031746055,0.02121212121212124,0.0
75,2012-09-30,0.024538498640708672,0.02375385990249512,0.02626004446700869,-0.15375438429052035,-0.21399730820995969,-0.21399730820995969,-0.2048192771084336,-0.2048192771084336,0.4875668870003147,-0.18663497833077025,-0.5210918114143921,-1.1505905511811023,0.01779173207744633,-0.06160458452722072,-0.05036297640653353,-0.07082152974504241,0.02784653465346532,-0.06896551724137923,-0.11136890951276103,0.014545454545454415,0.0015969338869370464,-0.014836795252225587,-0.05714285714285716
76,2012-12-31,-0.003461281262538418,-0.003858024691357985,-0.0025929274492075827,0.35280683452223194,0.08518835616438357,0.08518835616438357,0.09090909090909084,0.09090909090909084,0.2746508675412611,0.5912684771399106,-2.472366148531952,-16.624183006535947,-0.2731219651528135,0.08396946564885499,-0.08170090778786432,-0.0807926829268294,-0.004214328717640048,0.053497942386831136,0.12010443864229757,0.07168458781362007,0.0009566326530612289,-0.01807228915662662,-0.06060606060606055
77,2013-03-31,0.011074845123954624,0.008238856418562035,0.017274111067403286,-0.1820967069612338,-0.06863905325443788,-0.06863905325443788,-0.06944444444444431,-0.06944444444444431,-0.3625498007968128,-0.6311298336573774,-0.7806451612903226,-0.9769922610332566,-0.008645080163470653,0.136150234741784,-0.09105098855359006,-0.08955223880597019,0.01692865779927466,0.14453125,0.2051282051282053,0.013377926421404672,0.00605288308378471,-0.04907975460122693,-0.05376344086021512
78,2013-06-30,0.01953371809643145,0.015846409337120226,0.02752231880159384,0.09586423056341252,0.2350698856416773,0.2350698856416773,0.22388059701492516,0.22388059701492516,1.0015625,0.746705710102489,-1.946524064171123,-17.40909090909091,0.14309497383859204,0.05537190082644639,-0.02232398397252422,-0.018214936247722968,0.026753864447086828,0.03754266211604085,0.14377820760799476,0.01320132013201314,0.007916402786573684,-0.012903225806451646,0.0
79,2013-09-30,0.0577856473284033,0.0565528937236448,0.0604260750049086,-9.301244041393096e-05,0.061042524005487035,0.061042524005487035,0.060975609756097615,0.060975609756097615,-0.28740567265157424,-0.11802179379715005,5.268361581920903,0.4875346260387812,0.18621263610513905,0.10219263899765063,0.0474238875878219,0.051948051948051965,0.059640995946728566,0.07236842105263143,0.10597519729425042,0.013029315960912058,0.002513352183474593,0.029411764705882467,0.02272727272727271
80,2013-12-31,0.020377518265424662,0.018834910742044908,0.023669552068385613,0.06948675612195054,0.08015513897866833,0.08015513897866833,0.09195402298850563,0.08045977011494254,0.2331568376848641,0.3056453145789775,-0.7570977917981072,-0.8521415270018622,0.023210944808232048,0.003730017761989446,0.040245947456679636,0.045855379188712415,0.022950819672131084,-0.05214723926380371,-0.06472986748216103,0.07073954983922827,0.003133813851457168,0.08571428571428585,-0.033333333333333326
81,2014-03-31,-0.006171141830112692,-0.02534205745429774,0.03454772922538929,-0.0476200830633412,-0.18043087971274685,-0.18043087971274685,-0.18947368421052624,-0.1808510638297872,-0.5769914124962985,-0.7443587130586694,-11.539888682745824,-12.591939546599493,-0.2629564024912863,0.08299416032560614,-0.0037614185921546204,0.008431703204047292,0.033653846153846256,0.058252427184466,0.01089918256130784,0.012012012012012184,0.040924711027803706,0.005847953216374213,0.0
82,2014-06-30,0.01504058725288382,0.001019360569676886,0.043097544984337384,0.043311491129934376,0.16538882803943045,0.16538882803943045,0.16883116883116878,0.16883116883116878,0.9429471473573678,1.7198177676537587,-1.0042246083436015,-1.1964363320295524,0.07008295216683469,0.05065359477124165,-0.016720604099245032,0.0016722408026756954,0.0428940568475451,0.015290519877675825,0.0194070080862534,0.013056379821958286,0.027611044417767072,0.007267441860465019,-0.011494252873563204
83,2014-09-30,0.005677415651874407,0.008386613422945777,0.00047490676462791365,0.07851890756302526,0.1635338345864661,0.1635338345864661,0.16666666666666674,0.15555555555555567,0.370563862367141,-0.10154941373534344,-5.208333333333333,1.96570796460177,0.1942331377236832,-0.033748055987558256,0.02413603949533738,0.041736227045074965,0.002477700693756191,-0.07228915662650592,-0.05605499735589625,0.01288810779144689,-0.004964953271027972,0.01443001443001446,0.03488372093023262
84,2014-12-31,-0.01937116250755011,0.00015869123014566888,-0.05717117846622088,0.03869409950491032,0.061658589122240086,0.061658589122240086,0.05714285714285716,0.06730769230769229,-0.3138801261829653,0.04777441155907725,-6.475247524752477,-0.6672883252517717,0.05411307934967247,0.01802671817157564,0.0417782538832352,0.04807692307692313,-0.05832921403855663,0.016233766233766156,-0.029131652661064544,0.07056101792943914,-0.038743762841209284,0.017069701280227445,0.022471910112359602
85,2015-03-31,-0.014161832890371873,-0.01950150011539353,-0.0031984836818100826,-0.0559473344923912,-0.04032462591935071,-0.04032462591935071,-0.03603603603603611,-0.04504504504504503,-0.08773946360153262,-0.2611209964412812,-5.3381555153707065,-2.9383408071748884,-0.09950506445672193,0.013438735177865537,0.08226221079691509,0.07951070336391441,-0.00419947506561691,0.07348242811501593,-0.03173687247547585,0.01188546731496487,0.01129770992366397,0.051748251748251935,0.03296703296703285
86,2015-06-30,0.05354999311254116,0.0442435565493704,0.07234535623031667,0.051151530200509,0.18181818181818188,0.18181818181818188,0.17757009345794386,0.18867924528301885,0.492860142797144,0.7534617700180615,-2.0220925385577324,-3.3042220936957785,0.25461749856202465,0.005772230889235619,0.08503562945368183,0.08073654390934859,0.07221929362150781,0.011904761904761862,-0.06495828367103706,0.01174586225306995,0.017814009661835772,0.05984042553191471,0.021276595744680767
87,2015-09-30,0.004879688820609518,-0.0014580853296892735,0.01734408334025983,-0.045807988346227235,-0.03577817531305905,-0.03577817531305905,-0.039682539682539764,-0.039682539682539764,-0.06583204388802921,-0.16394849785407728,-0.9200652528548124,-0.5908634538152611,0.08303193927971075,-0.08531099736311465,0.031085814360770625,0.03145478374836164,0.021632251720747453,-0.1470588235294118,-0.15933715742511154,0.01266490765171513,0.012459210916641927,0.04265997490589712,-0.01041666666666663
88,2015-12-31,-0.0190522216749226,-0.00046557562076754433,-0.05493068983360117,-0.10148126753589704,-0.1948051948051948,-0.1948051948051948,-0.1900826446280992,-0.1900826446280992,0.0612859509110073,0.17700205338809027,-12.29591836734694,-1.673006134969325,-0.051596820469404066,-0.14278446667797184,-0.03524416135881092,-0.03430749682337997,-0.04956689124157854,-0.16206896551724126,-0.17437452615617888,0.0854611776967169,-0.03662467037796669,0.009626955475330991,-0.04210526315789465
89,2016-03-31,0.011705463813015848,0.05958615043685689,-0.08604691372255202,-0.01269717355865263,-2.7125576036866357,-2.7125576036866357,-2.724489795918368,-2.724489795918368,0.1291146424517593,-0.4902302861130495,2.26513098464318,0.5414767547857795,-0.08386232890299539,-0.020178041543026604,-0.6012323943661972,-0.6105263157894736,-0.08354430379746823,0.032921810699588334,0.008264462809917328,0.011521843494959327,-0.09671532846715324,-0.5947556615017878,-0.04395604395604402
90,2016-06-30,0.0032916762264185717,-0.01972864783497741,0.05777840837432203,0.02632558139534891,-1.80945173225698,-1.80945173225698,-1.8106508875739649,-1.8106508875739649,0.07263131440060322,0.6902806297056809,-0.8355235855581685,-2.2868125369603787,0.11779353651274825,0.10074702200686447,0.07395143487858724,0.050675675675675665,0.0574585635359115,0.1992031872509961,1.8214936247723128,0.011390602752728851,0.05420875420875415,0.0911764705882352,-0.034482758620689724
91,2016-09-30,-0.021388702210274783,-0.049383387124171896,0.040016692251516384,-0.03711592495241545,-0.28069810928734673,-0.28069810928734673,-0.27737226277372273,-0.2846715328467154,-1.1861527647610122,-0.7260579064587973,-1.08242220353238,-2.2729779411764706,-0.1341469320548211,0.009721203228173048,-0.11613566289825285,-0.12218649517684875,0.04022988505747116,-0.04318936877076407,-0.04970948999354419,0.011262318160488059,0.06291919514532096,-0.09703504043126687,-0.02380952380952384
92,2016-12-31,-0.015737592339130857,-0.009249001122173972,-0.02874666819523664,-0.04205299571704235,-0.16580011554015014,-0.16580011554015014,-0.1717171717171717,-0.16326530612244905,-6.099433606041536,3.751662971175167,-0.13265306122448986,-1.4613718411552346,0.07148050785838134,0.10699364214350582,-0.09534883720930233,-0.09523809523809534,-0.029633350075339068,0.0625,0.26222826086956497,0.038979118329466315,-0.013221153846153744,-0.0865671641791046,-0.012195121951219412
93,2017-03-31,0.019419639612576308,0.007149401571281189,0.044514282341831864,0.04107401675387523,0.07444598337950148,0.07444598337950148,0.07317073170731714,0.07317073170731714,-0.2465753424657534,-0.4758127235962048,-53.43529411764707,-2.183881064162754,-0.07897896330323118,0.10551361995405316,1.6632390745501286,1.7489878542510122,0.042960662525879816,0.1405228758169934,0.22497308934338006,0.010719071013845394,0.024665042630937828,1.7483660130718954,0.0
94,2017-06-30,0.04817559185729836,0.042434314203031454,0.059497407935812825,0.11003091153637423,0.20206252014179826,0.20206252014179826,0.20454545454545456,0.20454545454545456,-0.05864045864045864,0.2857566765578634,-0.8606686111734351,-1.7627230667547915,0.0654046701428248,-0.027014991836128988,-0.10183397683397688,-0.08247422680412375,0.05955334987593064,-0.06876790830945567,-0.6443321616871704,0.011047282368537248,0.01069836552748882,-0.09155766944114152,0.012345679012345512
95,2017-09-30,0.04763912883786103,0.04229426639547018,0.05800946603559765,0.07557076654904127,0.0796246648793566,0.0796246648793566,0.07547169811320731,0.07547169811320731,0.10892639638072033,-0.1479344564966536,-3.2302737520128826,2.756499133448873,0.23060963932333234,0.037376048817696406,0.008597528210639638,0.016051364365970988,0.05714285714285716,-0.018461538461538533,0.1229153798641136,0.010926573426573329,0.00999705968832698,-0.003926701570680535,0.012195121951219523
96,2017-12-31,0.01455598405464009,0.01459623029607804,0.014479056404052669,0.07804810561891018,0.4631239135833127,0.4631239135833127,0.4736842105263159,0.4649122807017545,0.4016946493017417,1.2348320693391115,-1.1768953068592058,-0.8814302191464821,0.02221934033631601,0.0441176470588236,0.1678209909429942,0.1816745655608216,0.01329198050509528,-0.012539184952978122,0.0016501650165017256,0.06268914829226112,-0.0002911208151383793,0.13140604467805514,0.04819277108433751
97,2018-03-31,0.014568988319212384,-0.011390735361962891,0.0641947705111483,0.0365563011036556,-0.13085539714867622,-0.13085539714867622,-0.13690476190476186,-0.13173652694610782,-0.4119556699876861,-0.9320082414252818,12.848979591836734,1.7120622568093389,0.05895039539899361,0.0035211267605634866,0.0684306569343065,0.08689839572192493,0.06471359860078718,-0.00952380952380949,-0.17627677100494232,0.010170870626525552,0.04892253931275481,0.04413472706155641,0.034482758620689724
98,2018-06-30,0.015730582759012183,0.010647807340414372,0.024756924585341844,0.02674212946586496,0.09275532122632303,0.09275532122632303,0.09655172413793124,0.09655172413793124,0.2815533980582525,11.283422459893048,-1.1788977306218686,-0.9806312769010044,0.0010782317000119779,-0.07410526315789479,0.05721605465414181,0.07503075030750317,0.02874743326488693,-0.1314102564102565,-0.17333333333333334,0.011276681433749491,0.008883953359244856,0.04449388209121241,0.03333333333333344
99,2018-09-30,0.0392286738588663,0.03615930907104392,0.04460441488028799,-0.008337352718252644,-0.02555396711937097,-0.02555396711937097,-0.02515723270440251,-0.02515723270440251,0.08244206773618545,-0.22899434044405745,2.5403624382207584,149.8148148148148,0.16243816818254353,0.005911778080945895,0.03109854604200346,0.046910755148741316,0.0479041916167664,-0.022140221402214052,-0.08548387096774201,0.011150935882118684,0.0052283984589984725,0.03620873269435565,0.010752688172043
100,2018-12-31,0.015097556506290076,0.06007255655142973,-0.06303565587176974,0.09083171206225682,0.06015037593984963,0.06015037593984963,0.07096774193548372,0.06451612903225801,0.4616440236036778,0.2313194052324488,-0.3727315030246626,0.28167976424361485,0.17910089224433778,-0.06434599156118137,-0.020368194281237928,-0.02622950819672132,-0.05599999999999994,-0.10566037735849054,-0.12522045855379196,0.08979913351713288,-0.07692307692307697,-0.04008221993833505,0.010638297872340495
101,2019-03-31,0.026473173641415212,0.009591758192960098,0.05965390031304917,0.03310667707056058,0.0880470506832729,0.0880470506832729,0.09036144578313254,0.09696969696969716,-0.6591869308046192,-0.3874961785386733,-5.082344213649852,-2.1368078175895766,-0.17267673680840534,0.01610565308423251,0.03718512594962031,0.029180695847362607,0.060532687651331685,0.07594936708860756,0.019153225806451516,0.011564871702204329,0.03232502965599049,0.017130620985010836,0.010526315789473715
102,2019-06-30,0.038658867607141545,0.02822625575462578,0.05819559606831026,0.0216258708921635,-0.014785373608902974,-0.014785373608902974,-0.011049723756906049,-0.016574585635359185,1.2768595041322317,0.8085849762914898,-1.48755224423042,-1.6350918590932075,0.13255470344051212,0.09985734664764624,0.0019275250578256746,-0.004362050163576825,0.058599695585996876,0.03529411764705892,0.03956478733926816,0.011432654519471177,0.018960068945705236,-0.007368421052631691,0.01041666666666674
