,Quarter end,Assets,Current Assets,Liabilities,Current Liabilities,Shareholders equity,Revenue,Earnings,Earnings available for common stockholders,EPS basic,EPS diluted,Cash from operating activities,Cash from investing activities,Cash from financing activities,Cash change during period,Cash at end of period,Price,ROE,ROA,Book value of equity per share,P/B ratio,P/E ratio,Equity to assets ratio,Net margin,Asset turnover,Current ratio
0,1996-04-27,-0.014492110453648952,-0.016320806022268708,-0.1226628258830058,-0.14314824248599078,0.04990520842347057,0.13843860105631078,0.256578947368421,0.256578947368421,0.2413793103448276,0.0,-9.865509761388287,22.89940323955669,15.56967213114754,10.330481893356145,-0.0761464304325169,0.1663113006396586,-0.002740977615349527,0.009543285616905315,0.05102040816326525,-0.2706093189964157,0.0628342245989304,0.06541161455009559,0.014285714285714237,0.0,0.14800963716782345
1,1996-07-27,-0.014492110453648952,-0.016320806022268708,-0.1226628258830058,-0.14314824248599078,0.04990520842347057,0.13843860105631078,0.256578947368421,0.256578947368421,0.2413793103448276,0.0,-9.865509761388287,22.89940323955669,15.56967213114754,10.330481893356145,-0.0761464304325169,0.1663113006396586,-0.002740977615349527,0.009543285616905315,0.05102040816326525,-0.2706093189964157,0.0628342245989304,0.06541161455009559,0.014285714285714237,0.0,0.14800963716782345
2,1996-10-26,0.14275421417885426,-0.14316142323405145,0.2853936984155672,0.3551761296076099,0.07179410332296854,0.13843860105631078,0.256578947368421,0.256578947368421,0.2413793103448276,0.0,-9.865509761388287,22.89940323955669,15.56967213114754,10.330481893356145,-0.9338879879668148,-0.2340036563071297,-0.002740977615349527,0.009543285616905315,0.06796116504854366,-0.2706093189964157,0.0628342245989304,-0.062144354597184814,0.014285714285714237,0.0,-0.36773688332028187
3,1997-01-25,0.059481067638095915,0.0968797967860684,0.04239264163102696,0.05345416158264893,0.06967640006431464,0.087578299707187,0.1551525986464053,0.1551525986464053,0.16666666666666674,0.0,0.4542859473126173,-0.8890811157879718,-1.7135790254761316,-1.2191463660157036,3.0956274440099536,0.078758949880668,-0.002740977615349527,0.009543285616905315,0.07272727272727253,0.00982800982800991,0.0628342245989304,0.009580073447229777,0.014285714285714237,0.0,0.04121872677730986
4,1997-04-26,0.010269571074936978,0.017312907899788232,-0.08147207265942025,-0.09206142634044767,0.06360855869397564,0.030314390389367007,0.028741985407915168,0.028741985407915168,0.023809523809523725,0.0,-1.1176041725085526,-0.7620196173018171,-1.4138648180242634,-1.27859439595774,-0.2105719989584237,0.15044247787610646,-0.002740977615349527,0.009543285616905315,0.05932203389830515,0.07299270072992692,0.0628342245989304,0.05282302704412456,0.014285714285714237,0.0,0.12047390207926913
5,1997-07-26,-0.004716479452839262,-0.008417836317820448,-0.13064920761182153,-0.1513917954304389,0.05851413543721229,-0.044549925024256816,-0.11207822909950572,-0.11207822909950572,-0.11627906976744184,0.0,-1.2103004291845494,0.2689189189189189,-0.7018425460636516,-0.5560593569661996,-0.11841671247938425,0.07884615384615379,-0.002740977615349527,0.009543285616905315,0.048000000000000036,0.01814058956916109,0.0628342245989304,0.06354213609734116,0.014285714285714237,0.0,0.16849972397978674
6,1997-10-25,0.11024253110242532,0.15929556629079689,0.22152620391615874,0.2541213431524898,0.0643524699599467,0.10572900739133706,0.21783855742466415,0.21783855742466415,0.21052631578947367,0.0,38.86621315192744,-0.3099041533546326,-9.648876404494384,-13.258124419684307,1.646545273135445,0.12655971479500885,0.0009161704076958711,0.009543285616905315,0.061068702290076216,0.07349665924276172,0.0628342245989304,-0.0412429378531074,0.022132796780684142,0.0,-0.07562597666896831
7,1998-01-24,0.03772600062191822,0.05776175196704481,-0.015637964414123684,-0.0022626567361176964,0.06298130412967118,0.02037727972447612,0.07303984895160487,0.07303984895160487,-0.28260869565217395,0.0,-0.034412149479551735,0.2453703703703705,-0.4793764209158817,0.021511892137555,0.6355325164938737,0.10284810126582268,-0.013729977116704872,0.009543285616905315,0.050359712230215965,0.03941908713692932,0.03773584905660377,0.02430760164997059,0.0196850393700787,-0.01038062283737029,0.06019028149080041
8,1998-04-25,0.128601648812263,0.1396098532820078,0.24176120066964035,0.2743483484294218,0.07900812707794612,0.11324025774777535,0.07844045193554372,0.07844045193554372,0.03030303030303028,0.0,-0.7644910461828464,-0.4157372986369269,0.3025577043044292,-0.932300163132137,0.02630669048579493,0.09038737446197986,-0.005568445475638062,-0.008102633355840716,0.08219178082191791,0.03992015968063867,0.0440404040404041,-0.044009779951100336,0.01158301158301156,-0.020979020979021046,-0.105758890495791
9,1998-07-25,0.017785967829113014,0.03901854072502542,-0.03856886961440553,-0.04024151263174625,0.04620951674488705,-0.08089745179917585,-0.12159725203950188,-0.12159725203950188,-0.08823529411764708,-0.06060606060606066,-0.4762381190595297,-1.7253446447507952,-0.8773946360153256,1.764512595837897,0.07086105730087877,0.12763157894736854,-0.013532431171255131,-0.021102791014295352,0.044303797468354215,0.040307101727447225,0.078560371517028,0.027982548518128647,0.013358778625954136,-0.03214285714285714,0.08260418826456561
10,1998-10-24,0.005618012422360152,0.007076907467532535,-0.1004618597946636,-0.10935258150674344,0.05478567954877045,0.06623582392426773,0.16306579333268156,0.16306579333268156,0.16129032258064502,0.16129032258064502,-3.0372492836676224,-4.339181286549708,6.28515625,-4.334389857369255,-0.22064336837689744,0.003500583430571691,-0.01655629139072845,-0.0020862308762171766,0.05454545454545468,-0.03874538745387457,-0.04054538930749918,0.04888043319186308,0.015065913370998054,-0.01845018450184499,0.13073122151147198
11,1999-01-23,0.06215083583223446,0.08502296216070993,0.04085726121176436,0.061612431534858285,0.07056770440590321,0.07899214813078625,0.1555854417079936,0.1555854417079936,0.13888888888888884,0.13888888888888884,-2.289732770745429,-0.20096322241681264,-1.754959785522788,-1.6006416349809889,0.1700474316278131,0.2069767441860466,0.003848003848003767,0.013937282229965264,0.06321839080459779,0.14587332053742808,0.15893792071802548,0.007953118459606667,0.024118738404452555,-0.007518796992481258,0.022052845528455437
12,1999-04-24,0.08523728389749198,0.10899439784580144,0.13163737667832676,0.15200186763160972,0.06740537407628032,0.021822431530654773,0.019930171661332485,0.019930171661332485,0.0,0.0,7.775536168665939,0.4947945205479452,-2.1384943181818183,7.697131552917902,1.2639871197745962,-0.050096339113680284,-0.009583133684714862,0.006185567010309256,0.06486486486486487,-0.10720268006700162,-0.10390448531784446,-0.01647286821705429,0.028985507246376937,-0.02272727272727271,-0.037353750290013636
13,1999-07-31,0.02502880107166772,0.030274486819888088,-0.046422522697615036,-0.046974425485348366,0.054140475642819215,0.08248334389176826,0.03330480673227787,0.03330480673227787,0.048780487804878085,0.048780487804878085,-0.8281589793509103,4.06158357771261,-0.9844042420461634,-1.1265580929851695,-0.07065755720925504,-0.04259634888438135,0.022254475084663827,0.03961748633879792,0.05583756345177671,-0.10131332082551593,-0.08750450126035292,0.028430682617874625,0.021126760563380254,0.015503875968992276,0.08108387274480111
14,1999-10-30,0.06893243977919039,0.07963172401649721,0.10044159751540738,0.11319852003062005,0.05731925868427545,-0.024210621408567997,0.0222237559527918,0.0222237559527918,0.023255813953488413,0.023255813953488413,0.5979269615523684,-0.4641512166859792,-19.24,-2.1459381739755568,0.08712524937826238,0.15042372881355925,-0.007572172266918975,-0.005913272010512616,0.05288461538461542,0.08977035490605423,0.06471981057616416,-0.01081155056794858,0.015517241379310319,-0.019083969465648942,-0.03016019618459187
15,2000-01-29,0.028745736187693268,-0.01986582569886364,-0.0363366965356664,-0.03652235370524248,0.0537111654673339,0.04724374584901492,0.16075889541556942,0.16075889541556942,0.15909090909090914,0.15909090909090914,0.5128224468245588,1.1539397215839975,-5.175438596491229,-0.6372333751568382,0.029073129037934686,0.002762430939226679,0.002384358607534498,0.009253139458030413,0.0547945205479452,-0.04789272030651337,-0.044477390659747984,0.02421140011068057,0.028862478777589073,-0.01945525291828787,0.017273085511624764
16,2000-04-29,0.07428913698151507,0.12448760819826887,0.1120405623078049,0.1192220382834881,0.06104534494328263,0.06522608120781648,0.04583527221963712,0.04583527221963712,-0.4705882352941176,-0.4901960784313726,0.3097173056788154,-1.281232352387526,-1.5435924369747902,12.654128837008214,0.3857531971027592,-0.057851239669421524,0.008087535680304514,0.015062213490504297,0.06060606060606055,-0.10663983903420517,-0.11055081458494964,-0.012292313926786423,0.02310231023102305,-0.007936507936507908,0.0047130221447480025
17,2000-07-29,0.052228436908154485,0.06710148886764111,0.0595032344081774,0.06685207163481133,0.04955366599086153,-0.03192587193568641,-0.10489432703003332,-0.10489432703003332,-0.11111111111111116,-0.07692307692307697,-0.4760363927062317,-2.182507809013833,-0.9855072463768116,-0.7285162434298018,0.07557314482649202,0.1793372319688109,-0.02878716375648893,-0.029677419354838693,0.04897959183673462,0.11261261261261254,0.11077191452245973,-0.0025984682713348084,0.011290322580645329,-0.040000000000000036,0.0002249068243156405
18,2000-10-28,0.031292185154190084,0.03202769155279639,-0.025323141933880192,-0.02420841150978792,0.05230563420076928,0.07669944165728637,0.17863800173977884,0.17863800173977884,0.16666666666666674,0.16666666666666674,-0.5931415286253996,-0.560377358490566,-14.133333333333333,-0.6703988803358992,0.02315880911601531,0.028099173553719048,0.008260447035957075,0.015957446808510634,0.054474708171206254,-0.02024291497975716,0.0019630938358854433,0.02043054984231452,0.023923444976076347,-0.008333333333333305,0.05762744531174713
19,2001-01-27,0.05182847262999935,0.06484012837275642,0.03101788389811588,0.035614014191155174,0.05898276107707656,6.231133512413223e-05,0.07470082766619224,0.07470082766619224,0.0714285714285714,0.0714285714285714,4.285535714285714,4.930901287553648,-4.294416243654823,4.8478414720452925,0.1323636596637645,0.21463022508038576,-0.009156626506024002,-0.005890052356020803,0.05535055350553497,0.15289256198347112,0.14420062695924776,0.00671862402579948,0.01869158878504673,-0.02521008403361347,0.02824601366742585
20,2001-04-28,0.06454164114413308,0.07442530897301802,0.08732453156885778,0.0902944365942624,0.056916143186827924,0.0744539444079062,0.03139409398606885,0.03139409398606885,0.03333333333333344,0.03333333333333344,0.05057603297408697,-0.12251248281351768,-1.411402157164869,0.12822219532857315,0.1318795577843952,0.042356055592323034,-0.012645914396887116,-0.008558262014483177,0.0524475524475525,-0.012544802867383577,-0.001027397260273899,-0.007074212493326181,0.01070336391437321,-0.017241379310344862,-0.014562103086693257
21,2001-07-28,0.0954313704067884,-0.04556182680949772,0.15715352077631262,0.16915947707493495,0.07417842674075614,-0.023018759725385696,-0.06720251117663845,-0.06720251117663845,-0.06451612903225812,-0.06451612903225812,-0.3424877797787497,5.755978888339107,-2.1610486891385765,-4.276106194690266,-0.3817114932760086,0.0673015873015872,-0.014285714285714348,-0.015272244355909903,0.07308970099667778,0.012704174228675091,0.019883441892355025,-0.019491867186449685,0.015128593040847129,-0.030701754385964893,-0.1836520592290629
22,2001-10-27,0.008495833534190256,0.01186261796359567,-0.06758574930423722,-0.0687719524377276,0.036716816538975065,0.17069519280866866,0.18706980064243092,0.18706980064243092,0.1724137931034484,0.1724137931034484,-0.6332289934461508,-0.8908609303858501,-24.60645161290323,-0.8494016338424766,-0.09297460102485322,0.03390838786436645,-0.001999000499750214,0.0,0.04024767801857587,-0.035842293906810034,-0.009747899159663788,0.027968193035371455,-0.0014903129657228842,0.0,0.08657976868000716
23,2002-01-26,0.05085874402505364,0.07358495419795562,0.034980562693549544,0.03898431768793165,0.0561558921152705,0.00669261840244717,0.06657503650889107,0.06657503650889107,0.08823529411764698,0.0588235294117645,1.4396586211494866,-0.7898445364053238,-1.257174091281771,-2.9424937493205783,0.1991152414699917,0.09551208285385493,-0.003004506760140191,-0.0006743088334456582,0.056547619047619076,0.05390334572490718,0.042430414120841815,0.00506801813817015,-0.0014925373134329067,0.0,0.03331869023079781
24,2002-04-27,0.12676533512350294,0.15325465183655518,0.29881142609769595,0.3189299726231791,0.07051950457566125,0.11879046654392633,0.1099790592783505,0.1099790592783505,0.10810810810810813,0.11111111111111116,1.418966930855425,14.122405534858967,-0.12327311370882045,0.028317197380939074,0.17075391920900285,0.1339285714285714,0.013561024610748484,0.0026990553306343035,0.061971830985915626,0.07231040564373893,0.0817323347443828,-0.04989384288747356,0.005979073243647104,0.0,-0.12564178030674644
25,2002-07-27,0.003404902168223867,-0.01784594461863931,-0.1297790369382793,-0.1158443893397708,0.056231044404697166,-0.03028643312850598,0.03210826107462905,0.03210826107462905,0.024390243902439046,0.049999999999999815,-1.2767144955372274,-0.5798697870842865,-0.4151515151515152,-2.269115646258504,-0.18509993173844708,0.10097267253358044,0.035678889990089065,0.04441453566621799,0.0557029177718833,0.03782894736842102,0.02950030102348,0.0526536312849164,0.031203566121842607,0.013574660633484337,0.11085761304559204
26,2002-10-26,0.02238277965988833,0.00896009785142282,-0.0718996952782206,-0.07238288903232437,0.05319327127850504,0.033739190537964925,-0.03174212598425197,-0.03174212598425197,-0.02380952380952384,-0.04761904761904756,-4.079046219173607,-1.1470095493382475,-0.1316062176165803,-2.7309176672384217,0.3931681374554381,0.04501472444257471,-0.017224880382775032,-0.007087628865979467,0.05276381909547756,-0.011093502377178988,-0.044444444444444516,0.030118084118349486,0.010086455331411948,-0.017857142857142905,0.08767381569644117
27,2003-01-25,0.03681902311671248,0.04890294321151445,0.036735164528384434,0.037174332038153464,0.036843172277352336,0.05051881014218318,0.09282991468506084,0.09282991468506084,0.07317073170731714,0.09999999999999988,-0.7678088367899008,-4.687749287749288,-13.165871121718375,-1.1899170073083116,-0.053596772727590565,-0.06682769726247982,-0.004381694255112034,0.0032446463335495945,0.04057279236276856,-0.11378205128205132,-0.10220318237454096,0.0,0.007132667617689049,-0.004545454545454629,0.011329515554867609
28,2003-04-26,0.07837820152076325,0.1014561492457573,0.11394568774256995,0.09255850956457712,0.06813672856726273,0.0623554278386016,0.11610524217659955,0.11610524217659955,0.0,0.0,4.999771559109081,-1.2767305315203956,-1.4965179009318297,-8.80289590399165,0.44189413807114103,-0.1087144089732528,-0.0004889975550121939,0.016817593790427132,0.0665137614678899,-0.1428571428571429,-0.15167007498295834,-0.009402369912416277,0.022662889518413557,-0.0045662100456620456,0.008141777111199344
29,2003-07-26,0.06994361499942969,0.09650117056607876,0.12825552309082888,0.13323805590575133,0.052432908412052726,-0.031440157737310126,-0.12513021996011553,-0.12513021996011553,-0.02272727272727271,-0.02272727272727271,0.07238044471519944,-1.3897264098269124,-0.5821809561438167,-0.029891168062590963,0.2973071287311331,0.08809293320425947,-0.042563600782778765,-0.042620865139949234,0.05161290322580636,0.018987341772151774,0.06267577340297302,-0.01638278507346258,-0.018005540166204925,-0.027522935779816567,-0.032425539666636194
30,2003-10-25,0.6162259956216467,-0.008590026000288908,2.3484149829062217,2.3420685422191108,0.05858494074180709,0.10212758100179564,0.18688123022488345,0.18688123022488345,0.18604651162790709,0.18604651162790709,-0.7380436712231493,824.525787965616,235.51867612293145,-2.0418239156283926,-0.23875739995497824,0.2611209964412813,0.006131834440469941,-0.1269102990033223,0.057259713701431465,0.20082815734989645,0.25368620037807177,-0.34500991407799075,0.01410437235543016,-0.1367924528301887,-0.7033480812074431
31,2004-01-24,0.055533058550152566,0.0764942730221172,0.04755333858210764,-0.6782363533319464,0.06365875665561349,0.091533161609181,0.14834030843318247,0.14834030843318247,0.1568627450980391,0.13725490196078427,0.5088777446462456,-0.9975252378878096,-0.9991863856532004,-1.368234749239116,0.1154937615107261,0.15449735449735424,0.01625190452006109,-0.09360730593607304,0.06189555125725344,0.09137931034482773,0.08474065138721354,0.007669021190716441,0.020862308762169768,-0.11475409836065575,2.3455680135392427
32,2004-04-24,0.056481044993746725,0.09705611580979023,0.0453003914569956,0.17582427382746668,0.06769384425874758,0.03096784838589617,0.1264072289758118,0.1264072289758118,0.15254237288135594,0.12068965517241392,3.688524590163935,22.43408134642356,4.641277641277641,2.240634264666248,0.3355223075384737,0.0941032691720136,0.02148925537231383,-0.07052896725440794,0.06557377049180313,0.030015797788309536,0.01584653878231856,0.010614860805127302,0.034059945504087086,-0.09876543209876554,-0.06699547883271684
33,2004-07-31,0.029823336943668014,-0.0020998711033832773,-0.0011928368811444654,0.02680440520615268,0.060276292846469966,0.07552492839982207,-0.0955124653739612,-0.0955124653739612,-0.11764705882352955,-0.09230769230769242,-0.3728230673436153,0.8821258640811562,-2.0596689895470384,-0.9842257738103488,0.003962947485722346,0.025970399329796168,0.012720156555772856,-0.05510388437217717,0.05982905982905984,-0.036809815950920144,-0.07334428024083195,0.029528339278636295,0.002635046113307116,-0.061643835616438276,-0.028159945781091163
34,2004-10-30,0.012676422148141242,0.008843426154751644,-0.04111362653575157,0.07272230347619257,0.0624278748595728,0.0005087006850157394,0.041381844909959664,0.041381844909959664,-0.4833333333333333,-0.4745762711864406,-0.0844801515174658,-0.4335638763017728,19.11960542540074,-20.764499121265377,-0.07801649681926337,0.02367991290146976,-0.01497584541062802,0.008604206500955947,0.059677419354838834,-0.03343949044585992,-0.046662728883638434,0.04908565928777686,0.0,0.014598540145985163,-0.059555772516475584
35,2005-01-29,0.054849832959987584,0.10615719654418833,0.04889154753599123,0.1374919950696516,0.05982368455435073,0.10336246210463873,0.17958309806135886,0.17958309806135886,0.19354838709677424,0.16129032258064502,0.09886553219886562,-0.9682535227081344,-0.979101550530122,-3.8248710652676503,0.239035236224916,0.10502525923956396,-0.0024521824423736627,0.02085308056872037,0.060882800608827996,0.04283360790774293,0.055452292441140034,0.004770642201834764,0.0065703022339027575,0.014388489208633002,-0.02754810722628009
36,2005-04-30,-0.03585741018627797,-0.07674225105217669,-0.15246176316238724,-0.024493008051334808,0.06047740037443172,-0.016822752172788613,0.002094261722879409,0.002094261722879409,-0.027027027027027084,-0.02777777777777779,-0.7566574560471259,7.930150309460653,99.55131964809385,-2.5234272943324365,-0.29390028025493176,0.18022136669874864,-0.03048180924287125,0.013927576601671321,0.05595408895265441,0.11216429699842023,0.11593777516877025,0.09989043097151208,-0.009138381201044488,0.021276595744680767,-0.05353057800823535
37,2005-07-30,0.020115101100634192,-0.10128156572758508,-0.016169100411948745,-0.029982500124112632,0.044072735727120886,-0.05009788417145988,-0.14649098363918633,-0.14649098363918633,-0.13888888888888884,-0.1142857142857142,0.8196281507362115,10.181683168316832,-0.9783208897184632,-0.09761968717069236,-0.3755982610116577,-0.03465851172273182,-0.042596348884381234,-0.0009157509157509123,0.04347826086956519,-0.08664772727272729,-0.0528669121514993,0.023576290884941287,0.0039525691699606735,-0.006944444444444421,-0.07351756364808247
38,2005-10-29,0.037174827143539264,0.05759184876941559,0.017052072211977132,0.05222550979608154,0.04969480349761146,0.07694928396047973,0.04286180681871188,0.04286180681871188,0.06451612903225823,0.032258064516129004,0.32827018686782106,-0.6671536724664631,-1.3856502242152466,-1.0325490869540328,0.01957935043111769,-0.12988384371700099,-0.03919491525423724,-0.006416131989000928,0.04817708333333348,-0.16640746500777592,-0.13968342127186886,0.012003244120032395,-0.014435695538057791,0.006993006993007089,0.0050871777033782975
39,2006-01-28,0.02111925667036063,0.01782443054271532,-0.03887056465802608,-0.07164571122838592,0.057283033521622125,0.06343336496820151,0.20760286225402516,0.20760286225402516,0.18181818181818188,0.21875,0.2372286326441053,-0.6263101888800213,2.338372093023256,12.344706296166024,0.25626321370915983,-0.087864077669903,-0.030319735391400208,0.0101476014760149,0.053416149068322934,-0.12873134328358216,-0.09489993544222086,0.035422343324250434,0.002663115845539465,0.006944444444444421,0.09638345734556177
40,2006-04-29,0.049950295753994116,0.09483947072952348,0.03821008799692205,0.3414160532313415,0.056384022472330424,0.01872063680938796,0.05212576846159545,0.05212576846159545,0.0512820512820511,0.0512820512820511,0.004089382211187376,-0.25770627180180816,-1.0268199233716475,0.01230923324283717,0.2064994139343821,-0.07903139968068118,-0.017055144968732283,0.0018264840182649067,0.0554245283018866,-0.12633832976445392,-0.09914407988587726,0.006037151702786625,0.007968127490039613,0.0,-0.18383049242424251
41,2006-07-29,0.02015935404698821,0.03957048481544168,-0.012703284682985759,-0.005280155841492773,0.03785851506735094,-0.057091934859755174,-0.2681321388971999,-0.2681321388971999,-0.2682926829268293,-0.2682926829268293,0.09136623376623376,0.02896326843770969,4.12987012987013,0.06316721345623089,0.18196727156048345,-0.022825772898006358,-0.05378831694621167,-0.0373746581586144,0.036871508379888285,-0.07352941176470595,-0.06373713380839285,0.017387290352361973,-0.02898550724637672,-0.013793103448275891,0.04510514865844817
42,2006-10-28,-0.04513097504585295,-0.11628722734006502,-0.061351968227445035,-0.0869334746885767,-0.036820282251091685,0.0591696568053115,0.15998941900731056,0.15998941900731056,0.16666666666666674,0.16666666666666674,-0.4297056471573817,-0.2858607512349707,268.40759493670885,-3.049030172413793,-0.3154541067173409,-0.05588409225310465,-0.00916870415647919,0.007575757575757569,-0.037715517241379226,-0.08994708994708989,-0.049048625792811884,0.008771929824561429,-0.0013568521031207534,0.013986013986013957,-0.032149134980109184
43,2007-01-27,-0.0066559627115732045,-0.012353767083254641,-0.11950122629446225,-0.05439176476912322,0.049686855666990486,0.02192365251133199,0.21464850633331256,0.21464850633331256,0.22857142857142865,0.22857142857142865,0.14970119854438613,-1.0207517619420516,-0.4147684558712975,-0.6522601773719312,-0.16024631247314902,0.09771374882555572,-0.002467612584824086,0.018796992481203038,0.04927211646136609,0.13953488372093026,0.07469986660738126,0.05667166416791593,0.012228260869565187,0.0,0.04444869282607655
44,2007-04-28,0.048909503228648836,0.15300773883072116,0.027570684789516083,0.07289460893688028,0.057846561650076726,0.041788936904328944,0.022750934443856563,0.022750934443856563,0.023255813953488413,0.0,2.676075151726341,-31.044025157232703,-0.4402036031985613,-4.070289406750533,0.5858891279252807,0.0194008559201142,-0.011750154607297558,0.011070110701107085,0.05442902881536837,-0.028061224489795863,-0.00786098469176666,0.008513053348467636,-0.0013422818791947178,0.013793103448275891,0.07468082185512293
45,2007-07-28,0.029108600643192876,0.06413044704395987,-0.005697675661996082,-0.046777351252685666,0.04326884732898595,-0.05105913199475609,-0.2065950203591216,-0.2065950203591216,-0.20454545454545456,-0.18604651162790695,-0.5802295545567291,0.6401507222105924,-1.1069041677423055,-0.4129322601229192,0.2168856574479612,0.008676182479709027,0.0,0.022810218978102315,0.040485829959514115,-0.04199475065616798,-0.004587155963302725,0.013787281935846885,0.012096774193548487,0.013605442176870763,0.11637215243772615
46,2007-10-27,0.03912560096153839,0.0723290941451713,0.00976861817966723,0.016525296543750567,0.05050834288351247,0.057868301105070914,0.1303424196533738,0.1303424196533738,0.14285714285714302,0.11428571428571432,0.0481558148287542,0.644416081684748,-0.09203112422860203,-0.029194714059609824,0.17302672720846135,0.041897891231964524,-0.023153942428035142,-0.002676181980374781,0.051556420233463074,0.0,0.008378718056137434,0.010963086316958082,0.009296148738379806,-0.013422818791946291,0.054885956213288616
47,2008-01-26,-0.07000538814396272,-0.1463543870332512,0.10619693658927963,0.3471038227461873,-0.13567575899712025,0.04710832461805525,0.12323924005880048,0.12323924005880048,0.125,0.15384615384615374,0.06454334907269432,-0.333126358273828,-66.89125295508275,-4.4161068552347285,-0.5038911520475631,-0.09107856191744323,0.007687379884689261,-0.0017889087656528524,-0.0656799259944496,-0.13424657534246565,-0.11383464894059005,-0.07055593685655459,-0.014473684210526416,0.013605442176870763,-0.36630871027226375
48,2008-04-26,0.07602491617737739,0.14072220343615238,0.7195283591094794,-0.05408208412994153,-0.23092284329544036,0.0018559848432195825,0.04713074017626395,0.04713074017626395,0.1333333333333333,0.1333333333333333,0.6400647620332579,2.4187616387337063,-1.3077461251435132,-1.7873776694228185,0.7997290162823838,0.006152944623498469,0.08645899554990466,-0.002688172043010861,-0.18019801980198025,0.07594936708860756,-0.006094702297233856,-0.28533451484271155,0.001335113484646211,-0.0067114093959731455,0.20592262923656304
49,2008-07-26,0.023801118585148332,0.04844062328370091,-0.0005029927602637763,-0.00200614933046106,0.04972098564173311,-0.04435962527685422,-0.2728250723789334,-0.2728250723789334,-0.2352941176470588,-0.2352941176470588,-0.6648088353248462,-0.5917478041805678,-0.9649227630428446,-0.8321405620143717,0.07459015329499885,-0.04746651135701807,0.07138677589233478,-0.02246181491464516,0.049516908212560384,0.16176470588235306,-0.09245283018867934,0.025418474891506504,-0.021333333333333204,0.0,0.05057960728649169
50,2008-10-25,-0.006917418582147894,-0.05898967520917309,-0.02115406700172817,-0.049312883224546966,0.007539255896680253,0.020974405095589344,0.020429031415890583,0.020429031415890583,0.02564102564102577,0.02564102564102577,-0.22585593324334274,5.285857238158774,0.3473203157457416,-4.241407813451667,-0.22499471538577687,-0.16692143075512078,0.0677225559803385,-0.03492647058823528,0.005753739930955293,-0.2050632911392405,-0.18607068607068603,0.0145102781136639,-0.03542234332425076,0.0,-0.010178346243920113
51,2009-01-24,-0.0066937048574005065,-0.056352158545432074,-0.06931771573555645,-0.16722486685738192,0.05508714611300669,0.06789288719236407,0.12587680958574074,0.12587680958574074,0.125,0.125,-0.4172941269715463,-0.3976120986999204,-20.13845205057046,0.2718133866616559,-0.3692249545087923,-0.2300917431192661,0.00716112531969304,-0.05428571428571427,0.05148741418764291,-0.2356687898089173,-0.23435504469987226,0.062177195073500176,-0.04661016949152541,-0.0067567567567568,0.13313313313313313
52,2009-04-25,0.017483906441572158,0.02238106142388263,-0.02912521855700112,-0.092190338602413,0.05804382473317471,-0.03839471876876488,0.02185316340636656,0.02185316340636656,0.022222222222222143,0.0,2.5004760609358,-0.4645436927413672,-0.4002030096993523,-0.9596977595795649,-0.02359096637098168,-0.09961868446139176,-0.0832910106653123,-0.050352467270896366,0.0565832426550601,-0.1416666666666666,-0.1000834028356965,0.039835421731812426,-0.044444444444444516,-0.006802721088435382,0.12620462576292946
53,2009-07-25,0.05387369822180155,0.06635487603922807,0.04381610894120125,0.08721208495363443,0.06190488232517355,0.012431335942268308,-0.16500806137766166,-0.16500806137766166,-0.17391304347826084,-0.15555555555555556,-0.09005070816576323,0.4856050012338571,-0.8717328820479759,-5.533123854412151,0.10952456267991018,0.15722604552673358,-0.04875346260387814,-0.019088016967126142,0.0607621009268795,0.09223300970873782,0.19833178869323453,0.007553956834532416,-0.018604651162790756,0.0,-0.01921774164794809
54,2009-10-24,0.002475800132173189,0.012495386618844195,-0.054385739583154284,-0.13706235985197612,0.047107422927718634,0.03213358004708833,0.09512395410258123,0.09512395410258123,0.10526315789473673,0.07894736842105265,-0.8160389444017422,-0.8570637579247529,1.3769633507853405,-1.3018715341959337,-0.029798662310337117,0.19350411710887472,-0.0407687827606289,-0.004324324324324279,0.045631067961164895,0.12444444444444434,0.2010827532869297,0.04462691895751525,-0.004739336492890933,0.0,0.17333139450341714
55,2010-01-23,0.030469364496238605,0.06454200426354982,0.010088446360009941,0.05583808136105528,0.04491612861163996,0.006298538194320803,0.13590580224145274,0.13590580224145274,0.11904761904761907,0.14634146341463405,10.33646703806871,-0.1530118148363354,-1.3965638766519823,-19.681783390738612,0.5737903391693261,0.060176312763510875,-0.03460837887067403,-0.008686210640607928,0.04271123491179218,0.015810276679841806,0.05408886027044435,0.014012303485987587,0.012698412698412652,-0.020547945205479427,0.008241417771718941
56,2010-04-24,0.043117510434537376,0.052076856977946166,0.0391704068873,0.051936874909407134,0.04582211220355914,-0.008928353680842438,0.1026958554122286,0.1026958554122286,0.1063829787234043,0.1063829787234043,0.150325057588943,7.648296364052137,-2.8509220173294825,-0.2542430170744948,0.271896542710115,0.10086767895878523,-0.010691823899371069,0.005476451259583737,0.0365093499554765,0.054474708171206254,0.08796579108124614,0.0025278058645095136,0.02821316614420088,-0.020979020979021046,0.0001229180751030068
57,2010-07-31,0.010310903688821371,0.0006103595299877806,-0.01975326504037866,-0.054660385645512684,0.030780202162869363,0.04555454118179747,-0.12749777526090122,-0.12749777526090122,-0.13461538461538458,-0.13461538461538458,-0.7974510048238665,0.4757661492900394,-0.5285079822350258,-1.5791042316197172,-0.1237965771262306,-0.07487684729064037,-0.0006357279084551193,0.019607843137254832,0.029209621993127044,-0.1070110701107011,-0.1111734980348118,0.020339552866027955,0.022865853658536658,0.0,0.058471087076752866
58,2010-10-30,0.041706291626633314,0.0894248314161048,0.08998712153261046,0.276687619568188,0.010445654800081527,0.008975190253557752,-0.01053314789058879,-0.01053314789058879,0.0,0.0,-2.6346339748659813,-0.8044148211854082,-20.248217922606926,-1.7190257091357557,0.10158933340481924,-0.043308484203053006,-0.01335877862595436,-0.012820512820512886,0.020868113522537483,-0.07024793388429751,-0.07959570435881236,-0.02998352553542005,0.004470938897168431,-0.02142857142857124,-0.14668060030770125
59,2011-01-29,-0.018220056336216598,-0.0485040027575091,-0.09213413500278933,-0.22290724170246368,0.033404777667806584,-0.0382125787542541,0.03821429240774399,0.03821429240774399,0.04444444444444429,0.04444444444444429,-6.534743689685762,0.3570905093440821,-2.7537397330934965,0.9558333608206616,0.18036831090453356,0.12838589981447135,-0.032237266279819383,-0.02056277056277056,0.03270645952575646,0.10666666666666667,0.10432395332875766,0.05247961956521752,-0.004451038575667532,-0.014598540145985384,0.2244523064362498
60,2011-04-30,0.024518041129020892,0.0465639754003564,0.055039289769534434,0.12463958862599855,0.005790316301828691,0.07175043958042804,0.13197703805328898,0.13197703805328898,0.14893617021276606,0.1063829787234043,-0.6544065508164236,-0.49594977723774797,-0.4546853199592745,-0.9894426174213676,0.0016132399062980252,0.07234462347911874,-0.015323117921385854,-0.009944751381215422,0.0300870942201108,0.03614457831325302,0.07209446861404589,-0.018234629659512613,-0.016393442622950838,0.007407407407407306,-0.06942823803967335
61,2011-07-30,-0.018501205473128723,-0.04223337929599935,-0.020973130976038142,-0.04822946349110446,-0.016910172119907196,-0.041181508883606284,-0.22480743776611867,-0.22480743776611867,-0.22222222222222232,-0.1923076923076924,-0.06241128771589587,0.3723048078210793,-0.038599839570713335,-24.784345047923328,-0.03830805449423025,0.032812020852499346,-0.031123139377537187,-0.03125,-0.004611837048424272,0.003875968992248069,0.033043478260869515,0.0016436554898093814,-0.02272727272727271,-0.007352941176470562,0.006299447678758119
62,2011-10-29,-0.047566785156620835,-0.10150738250934056,0.010429526461262384,0.03865488547653762,-0.08474133250247208,0.01115500895657662,0.0070767331824728155,0.0070767331824728155,0.023809523809523725,0.023809523809523725,-0.2150608549673242,1.03552259197814,1.1609149104509815,7.308684263550272,-0.3309682804674457,-0.12648456057007118,-0.0041899441340781385,-0.004608294930875556,-0.021621621621621626,-0.12355212355212353,-0.11223344556677894,-0.03905480800787664,-0.020155038759689825,0.014814814814814838,-0.1349611345161098
63,2012-01-28,0.111796703844375,0.2657206901826299,0.323182551040742,-0.006285308401334677,-0.037786695818451836,0.044528081692195576,0.08485517015974177,0.08485517015974177,0.16279069767441867,0.16279069767441867,1.0924610449129235,-0.6097900086297823,-2.260498215902434,-3.3282568629352998,1.1517827151014923,0.016995241332427025,0.023141654978962038,-0.02662037037037046,-0.03946329913180746,0.039647577092510884,0.027812895069532214,-0.1345628415300546,-0.030063291139240562,0.0,0.27375930308330765
64,2012-04-28,0.027587332251741925,0.047005524795934665,0.0375953231746553,0.467392539029492,0.017848591541477443,0.046148173804229975,0.1701250282443323,0.1701250282443323,0.17999999999999994,0.15999999999999992,-0.1558889558122981,0.6004423147806857,-1.2517864027420555,-0.8760901869288671,0.06632508938991855,0.07754010695187175,0.03015764222069905,-0.019024970273483818,0.024650780608052703,0.1228813559322035,0.06027060270602691,-0.009471191791633804,-0.01794453507340954,0.0,-0.2864912894800614
65,2012-07-28,-0.014198895511665418,-0.029855797559409814,-0.02157801909738255,-0.05342038485937828,-0.006878989413918846,-0.050312174929031735,-0.23502244822425697,-0.23502244822425697,-0.23728813559322026,-0.22413793103448265,-0.3539396298218301,-0.7538768616612928,-0.052480335605663335,-0.8046456891479168,0.012150977463527113,0.03101736972704705,0.02528276779773786,-0.023030303030303068,-0.007217321571772239,0.007547169811320753,-0.001160092807424573,0.007370517928287024,-0.01661129568106301,-0.007299270072992692,0.02490660024906588
66,2012-10-27,-0.02971036174416919,-0.062122781119410164,-0.05337109377926619,-0.1369092497516725,-0.006586895621574218,-0.024776631336275945,-0.04198746266144982,-0.04198746266144982,-0.022222222222222254,-0.022222222222222254,0.2289902607182301,4.037429819089208,2.078830274721626,-12.528829604130811,-0.13840479515387782,0.0394103489771358,-0.007787151200518982,-0.03598014888337464,0.008885298869143687,0.04494382022471921,0.023809523809523725,0.02392722958275661,-0.01858108108108114,-0.014705882352941237,0.08663794690526161
67,2013-01-26,0.006583366409183888,0.008696006258305466,0.01841164263542216,0.056187227591434574,-0.004431927567871918,0.05612130171714957,0.17759430855034908,0.17759430855034908,0.20454545454545456,0.18181818181818188,-0.3718036001198225,-0.4084829721362229,-0.5272505033074489,-0.6525833862078403,-0.055808255424942166,-0.011287988422575944,0.002616088947024142,0.005148005148005064,0.01841473178542841,-0.021505376344086,-0.016449234259784395,-0.011008111239861007,-0.0034423407917383297,0.0074626865671640905,-0.044964760097587535
68,2013-04-27,0.016791722433070918,0.0568328613305511,0.00043986549130869973,-0.018615967984386028,0.03236909144886524,0.053580183019039,0.1851948536267014,0.1851948536267014,0.16981132075471694,0.1923076923076923,1.597949540488989,-0.8818172301894693,0.23338403041825084,-2.173822739480752,0.06938103372004177,0.07230679156908693,0.003261578604044413,0.01152368758002553,0.04245283018867907,0.05494505494505497,0.06170703575547876,0.015426674477641013,-0.0017271157167531026,0.014814814814814838,0.07688486783750226
69,2013-07-27,0.029782107243776283,0.062953598523803,0.06090934443026352,0.17611962926877126,0.0010462869006171438,-0.08789004003386769,-0.27799628708977064,-0.27799628708977064,-0.27419354838709675,-0.27419354838709675,-0.8237512410415572,3.9282550930026567,-2.0451939083790616,1.994020561945148,0.19425091245932524,0.061971061971061836,-0.013003901170351106,-0.012658227848101222,0.0,0.01736111111111116,0.04073872895165676,-0.02788461538461551,-0.005190311418684979,-0.007299270072992692,-0.09623748023194524
70,2013-10-26,0.06794930706205382,0.08285206252500799,0.1039383246945047,0.26373049333474885,0.032738406520745444,0.13487743218292847,-0.0841976815131178,-0.0841976815131178,-0.06666666666666676,-0.08888888888888903,2.409656804733728,26.09076204169662,-1.1396059462010382,-1.889648566857888,-0.14470581020900974,0.05629820051413902,-0.03162055335968384,-0.04615384615384621,0.030165912518853814,0.05802047781569964,0.05636743215031315,-0.03303659742828868,-0.050434782608695605,0.0,-0.143122744340345
71,2014-01-25,0.009103519175234442,-0.019014287200360917,0.008034171594198947,0.017324374880931526,0.010221876313631695,0.08394287739504258,0.3567383648995908,0.3567383648995908,0.3333333333333335,0.3658536585365855,-0.21426092268391891,-0.2578798272442,1.7244147722471057,0.05465519808500652,-0.17843536966775053,0.02531029447554145,-0.002721088435373997,-0.01344086021505364,0.025622254758418617,-0.006451612903225823,0.041007905138340066,0.0010229132569559152,-0.027472527472527486,0.014705882352941124,-0.0357370772176131
72,2014-04-26,-0.037454790554770745,-0.07898861061469631,-0.08342227059122331,-0.1986472657782129,0.010515329419439112,0.017916667821210153,-0.023675487978113363,-0.023675487978113363,0.0,-0.017857142857142905,-0.1857021697646477,-0.8604977561638447,5.231465971834481,0.7274306875319005,-0.37518014033846336,-0.026109660574412552,-0.05047748976807653,-0.05313351498637597,0.010706638115631772,-0.04870129870129869,-0.04556241101091607,0.049867157163294484,-0.06967984934086635,0.021739130434782702,0.14934921685418034
73,2014-07-26,0.012041497174027029,0.020815600858081096,0.02732063519866656,0.07268756106671481,-0.002421068939649218,-0.03860710277049606,-0.09667510912324197,-0.09667510912324197,-0.0892857142857143,-0.09090909090909094,0.4922102156837218,-0.2665171419416854,-0.682662153417293,-0.9737972049513728,-0.015733764174732382,-0.037777236168657136,0.009339080459770388,0.010071942446043149,-0.005649717514124353,-0.04778156996587035,-0.00348085529587272,-0.014210628771656797,-0.02226720647773273,0.028368794326241176,-0.04836852207293663
74,2014-10-25,-0.01439135035796424,0.030819562326233507,-0.02608046700687805,-0.061547328660676574,-0.0029970690027457674,0.04133534806503647,0.06937898944103082,0.06937898944103082,0.058823529411764726,0.08000000000000007,-0.5692162280063982,-3.3664162152717108,-0.6373490196078431,-6.789827255278312,0.09255196747718042,0.021529888551165218,0.053380782918149405,0.06552706552706566,0.0078125,0.025089605734766932,-0.003493013972055925,0.011453396524486736,0.0331262939958592,0.034482758620689724,0.0984267849939493
75,2015-01-24,0.004928521908877492,0.007746390947060089,0.016571144855454408,0.040169187294136544,-0.006157678378302722,-0.0362658328235107,0.016698278106288766,0.016698278106288766,0.0185185185185186,0.0185185185185186,1.0148523206751054,-1.8515100051687217,-0.3716856265409404,-0.7990220454168738,0.017025190260889108,0.15199603272997786,-0.0108108108108107,-0.002673796791443972,-0.007047216349541863,0.14335664335664333,0.08212318477716574,-0.010933229207340744,-0.008016032064128155,0.0066666666666665994,-0.03117884686008088
76,2015-04-25,0.026527303195646112,0.04793221187983998,0.011814285835278993,0.015153006175073981,0.04085755845927097,0.08044863596009444,0.18000585265930202,0.18000585265930202,0.2,0.18181818181818168,0.7524878539118779,-0.9056971904266388,2.410436458763596,10.863505154639174,0.1985972760094159,0.0622040464916056,0.03346994535519121,0.033512064343163665,0.04116394606103624,0.07033639143730896,0.06709856547894487,0.014015001973944008,0.03030303030303028,0.0,0.032295970584890636
77,2015-08-01,0.4382893002219352,0.1452919957412322,0.9012509216417884,0.20158044609086254,-4.623138278725403e-05,-0.005208668812573203,-0.5396168511113177,-0.5396168511113177,-0.5454545454545454,-0.5384615384615385,-0.9481482897730532,514.792183908046,-20.469660880096885,-3.795022419965936,-0.4631112134999712,-0.02472137791286721,-0.0991407799074685,-0.18547341115434512,-0.0006816632583503957,-0.06285714285714293,-0.06808326105810925,-0.3048471870741679,-0.10784313725490192,-0.08609271523178819,-0.04681819850916169
78,2015-10-31,-0.1858208240578123,-0.07540895170501527,-0.2337172608903504,0.1501451446764679,-0.09959757023036843,0.21554507511790488,0.19250580749419252,0.19250580749419252,0.2,0.2,-11.762536873156344,-1.6594609964986344,-1.801732870101096,-0.4342183807984081,-0.48803368375885,-0.006025348015790577,-0.07483492296405002,-0.13057324840764314,-0.06480218281036831,-0.0060975609756097615,0.0912052117263844,0.105852702324279,-0.1450549450549451,0.014492753623188468,-0.1961245088219432
79,2016-01-30,0.030080206545034738,0.02696751964368249,0.05005407977952503,0.14685428555681934,-0.0005208115564416804,0.008381022307642372,0.5934050422066006,0.5934050422066006,0.6388888888888888,0.6388888888888888,-0.4247636014800603,-1.023527503497496,-1.0716791694739252,-1.0247282638560704,0.023572304114152898,-0.08674749163879614,0.026169706582077627,-0.04029304029304026,0.002917578409919797,-0.0214723926380368,0.0017057569296374806,-0.029627753861737105,-0.05912596401028269,0.021428571428571352,-0.1045190971390233
80,2016-04-30,-0.009805746877522337,0.021442482593508668,-0.05201030676346019,-0.09421492838560153,0.058125701351953385,-0.7119041041422619,0.16265060240963858,0.16265060240963858,0.1694915254237288,0.13559322033898313,-8.23231089934485,-0.93134551304148,-4.676667448447564,16.667555555555555,0.4068740340426402,-0.006408789196612474,0.018547140649149974,-0.03244274809160308,0.058181818181818334,-0.00940438871473348,-0.02724563644103861,0.06863256784968685,0.18032786885245897,-0.18181818181818188,0.12768917906454047
81,2016-07-30,-0.00611706871498674,-0.03231569388071587,0.0010447038995544666,0.009247167911640151,-0.016444644202238123,2.3015412062044702,-0.40710149344711977,-0.40710149344711977,-0.4057971014492754,-0.4029850746268657,-1.2996734757742083,3.7740585774058575,-1.1676791269615396,-2.1942795331052523,-0.3453907881239405,0.0723335636950011,0.06676783004552345,0.10453648915187386,-0.016494845360824798,0.012658227848101332,0.060831509846827066,-0.010500610500610463,0.004629629629629539,0.10256410256410264,-0.04119210326499634
82,2016-10-29,0.02603430947109775,0.08383104641563799,0.04953128678714025,0.13102087923116268,-0.00845182459978122,0.06439708924105925,0.1760653883719734,0.1760653883719734,0.1707317073170731,0.2,-1.2400829909726707,-0.9023663453111306,-0.8859592648952359,-1.429889415481833,0.2268221120718399,-0.014393125671321004,0.044807965860597536,0.042857142857142934,0.0034940600978337066,0.003124999999999823,-0.06311881188118806,-0.03356367226061208,0.04608294930875578,0.0,-0.041724411007721285
83,2017-01-28,0.0010288638936175598,0.020942454081988915,0.010836802001175759,0.04413791937836775,-0.014207867134359176,-0.014682271912883628,-0.4636768948334644,-0.4636768948334644,-0.4583333333333333,-0.4583333333333333,1.4418245292737368,-9.391382405745064,-9.721580703104953,-0.4437748052329854,0.10283819652676483,-0.06582388840453368,-0.15793056501021094,-0.15753424657534246,-0.006267409470752106,-0.07165109034267914,-0.11800968736239535,-0.015066394279877438,-0.1541850220264318,-0.007751937984496138,-0.022209596611745264
84,2017-04-29,-0.02396981465539549,-0.03613853237680742,-0.042802335339836683,-0.08550937677360483,0.0060299767328608755,0.034072840052153275,1.5138956805215975,1.5138956805215975,1.5,1.5,3.1100407818872164,-0.40500641848523744,5.068141697069554,-3.3590556730091614,-0.2199788071201505,0.012832477834811009,-0.013742926434923251,-0.020325203252032572,0.014015416958654605,0.020134228187919545,0.19720419370943576,0.030593725693544238,-0.203125,0.234375,0.05398552638529397
85,2017-07-29,-0.003612119228726618,0.006930610176464347,-0.0012964399947006378,-0.002065423135172884,-0.007121891119903245,-0.09751825565108596,-0.4999756852701367,-0.4999756852701367,-0.4923076923076923,-0.4923076923076923,-1.2624786865801014,0.9838187702265372,-1.2094897306103451,-1.1799850634802092,0.050758748512515835,0.03708822851877458,-0.041803278688524514,-0.047717842323651394,0.0,0.023026315789473676,0.04879065888240186,-0.0035220125786163963,-0.042483660130718914,-0.0063291139240506675,0.009021199819575942
86,2017-10-28,0.00950921280987127,0.015150655830951319,0.02406691492083346,0.053839860586388566,-0.012684705403097962,0.06258803863156248,0.3046325412519857,0.3046325412519857,0.303030303030303,0.303030303030303,-3.6752411575562696,1.5845568243610657,-4.130236541221127,-0.6520746887966805,0.01680714378777104,-0.1301643713904933,-0.02651839178785287,-0.030501089324618813,-0.003455425017277136,-0.12861736334405138,-0.09463220675944327,-0.02196415046705369,-0.030716723549487963,0.0,-0.03670590572691601
87,2018-01-27,0.04134330968102695,0.07386602791916719,0.02305255653495042,0.15721662769255373,0.07026643451797443,-0.007588019948951308,1.7073601033694463,1.7073601033694463,1.7441860465116281,1.7441860465116281,-1.3012522739085242,-1.0243355073988358,-1.3701948316019077,8.868217054263567,0.16311504494559226,-0.0985699693564862,0.5149384885764499,0.5303370786516852,0.07212205270457694,-0.09594095940959403,-0.07158541941150631,0.02787816210634997,0.545774647887324,-0.012738853503184709,-0.07203258739816433
88,2018-04-28,-0.05516446682658571,-0.10458897619341057,-0.09111735360193328,-0.1742636484783917,-0.0008202380057279468,0.018460292229181885,-0.8079207012069203,-0.8079207012069203,-0.8050847457627118,-0.8135593220338984,-4.743954710877476,6.037463976945245,-4.758763257235305,-4.324732612242432,-0.4662599042413457,-0.16005665722379606,-0.17865429234338748,-0.1674008810572687,-0.0019404915912031304,-0.21632653061224494,-0.4583727530747399,0.05750878955298844,-0.1617312072892939,-0.006451612903225823,0.08434739123187196
89,2018-07-28,-0.052973444434714856,-0.07401039304482815,-0.08419035223103533,0.00985159310905881,-0.012752173704841274,-0.045900747460568936,-1.212920489296636,-1.212920489296636,-1.2173913043478262,-1.2272727272727273,0.4793925778718624,-4.0995085995085985,-0.02330091928370259,-1.517838643427055,0.4523688555823702,-0.2263069139966273,-0.1836158192090396,-0.16225749559082892,-0.014257939079714732,-0.2239583333333333,-0.07248908296943235,0.042270244597482964,-0.18206521739130446,0.025974025974025983,-0.08301306687163712
90,2018-10-27,0.017183746492290597,0.03885109203398796,0.02602541911551381,0.05623930319514248,0.006108170396819768,0.051209291187739536,-7.478680430879713,-7.478680430879713,-7.199999999999998,-7.199999999999998,-1.0255376932848572,17.335182983221035,-0.6795299366176111,1.5985890776358276,0.8093816957453321,0.006538796861377483,-0.08304498269896188,-0.05684210526315792,0.005259697567389754,0.020134228187919545,0.22128060263653504,-0.010708589655958112,-0.06976744186046502,0.012658227848101332,-0.016485051690416364
91,2019-01-26,-0.007095453874017887,-0.015031381593491822,-0.02157086381942697,-0.03738389134293851,0.011832249284417616,-0.005699938494481582,0.08161003152170143,0.08161003152170143,0.09677419354838723,0.06451612903225823,22.60777587192681,-0.05466244892959304,-0.035651229118565775,-1.6494415105552478,-0.29051143400900226,-0.013858813339107878,-0.5037735849056604,-0.4910714285714286,0.009810333551340866,-0.019736842105263164,0.05782575173477245,0.01888530631045615,-0.5071428571428571,0.031249999999999774,0.02323863636363632
92,2019-04-27,-0.015436113265221653,-0.04483212733960207,-0.03196509631848854,-0.06109801886569932,0.00552362464128775,0.028610089887560086,-0.10360288230584468,-0.10360288230584468,-0.08823529411764708,-0.06060606060606066,-0.7724549931379672,-0.5183736937184149,-0.018854306034786328,-0.54693869062474,-0.1855131949825856,-0.019323671497584627,0.0893536121673002,0.10964912280701757,0.0038860103626943135,-0.02684563758389269,1.009475218658892,0.02147377938517181,0.08695652173913038,0.024242424242424176,0.017324670997834524
