,Quarter end,Assets,Current Assets,Liabilities,Current Liabilities,Shareholders equity,Revenue,Earnings,Earnings available for common stockholders,EPS basic,EPS diluted,Cash from operating activities,Cash from investing activities,Cash from financing activities,Cash change during period,Cash at end of period,Price,ROE,ROA,Book value of equity per share,P/B ratio,P/E ratio,Cumulative dividends per share,Equity to assets ratio,Net margin,Asset turnover,Current ratio
0,1999-09-30,-0.11238627130654588,-0.0384200503071408,-0.16034377132070254,0.05266811360134027,0.16487476238398746,0.0,0.0,0.0,3.428571428571428,4.166666666666667,-0.5497574380698221,-1.0188939840750706,-0.9897293697743984,0.3576699029126213,10299.0,0.055970149253731234,0.07374254049445872,0.18726591760299627,0.042328042328042326,-0.19852941176470584,-0.1059782608695652,inf,0.3118644067796612,0.14765100671140965,0.03296703296703285,-0.08653499045949152
1,1999-12-31,-0.11238627130654588,-0.0384200503071408,-0.16034377132070254,0.05266811360134027,0.16487476238398746,0.0,0.0,0.0,3.428571428571428,4.166666666666667,-0.5497574380698221,-1.0188939840750706,-0.9897293697743984,0.3576699029126213,10299.0,0.055970149253731234,0.07374254049445872,0.18726591760299627,0.042328042328042326,-0.19852941176470584,-0.1059782608695652,inf,0.3118644067796612,0.14765100671140965,0.03296703296703285,-0.08653499045949152
2,2000-03-31,0.0016942162577884279,0.048311480739687385,-0.07433822686781355,-0.10797907416362597,0.3185440809793161,0.028464294491807207,0.7820286581492198,-0.4050234065538351,3.428571428571428,4.166666666666667,-0.5497574380698221,-1.0188939840750706,-0.9897293697743984,0.3576699029126213,1.3576699029126216,0.055970149253731234,0.07374254049445872,0.18726591760299627,0.3172588832487311,-0.19852941176470584,-0.1059782608695652,inf,0.3162790697674418,0.14765100671140965,0.03296703296703285,0.1752385253768418
3,2000-06-30,-0.0009722484950316356,-0.01821526398401485,-0.021904667106294573,0.1453417312279457,0.06026725587693571,0.0363341788580811,0.31810979957220953,4.035103646542593,3.428571428571428,4.166666666666667,0.4333024854574299,1.0343971631205675,2.8419382504288166,-2.423555491990846,-0.8197578652610773,0.055970149253731234,0.07374254049445872,0.18726591760299627,0.05973025048169545,-0.19852941176470584,-0.1059782608695652,inf,0.06164114644680008,0.14765100671140965,0.03296703296703285,-0.14281596771869154
4,2000-09-30,0.004602370845185,0.05158440218085891,-0.0195196570432703,0.06844263529533268,0.06970400773153851,-0.009568436640575384,0.20230189019442868,0.20230189019442868,0.22580645161290325,0.19354838709677424,0.9695614075543052,-0.3130058019372992,0.5231600330379267,-2.622343899130959,7.378569796664381,0.035335689045936425,0.07374254049445872,0.18726591760299627,0.06909090909090909,-0.022935779816513846,-0.1059782608695652,inf,0.0647189349112427,0.14765100671140965,0.03296703296703285,-0.015747590226406594
5,2000-12-31,-0.1028163106164618,-0.0742551439951753,-0.1860714190724615,-0.1198405187169006,0.1031348540892716,0.12108027519506505,0.5838686295583493,0.5838686295583493,0.5789473684210527,0.5675675675675675,-0.21559031517819505,-8.480843814563777,3.9194231530198,-1.8911629923210305,-0.7848008071333133,0.1808873720136519,0.07374254049445872,0.18726591760299627,0.09693877551020402,0.10328638497652598,-0.1059782608695652,inf,0.22959360889197636,0.14765100671140965,0.03296703296703285,0.05175653362181865
6,2001-03-31,0.002425709742795545,0.04823523874870261,-0.018740914075849883,-0.11080403389644378,0.04105908434968808,-0.133745122546031,-0.5641559753191623,-0.5641559753191623,-0.5666666666666667,-0.5689655172413792,-0.3191339044946615,-1.0985517639021458,-0.971084437850608,-2.3334838956255863,4.863025848960972,0.05274566473988451,0.07374254049445872,0.18726591760299627,0.04031007751937987,-0.0382978723404257,-0.1059782608695652,inf,0.03841807909604511,0.14765100671140965,0.03296703296703285,0.17886530965786052
7,2001-06-30,-0.0061849485032794424,-0.04348247326209531,-0.032790653473838804,-0.058214807648766076,0.03958644531048039,0.02704842675722396,1.1317933306781565,0.13179333067815624,0.1153846153846152,0.15999999999999992,-0.16056996711728164,1.1382005899705017,3.5877807541726767,-1.7968420229813182,-0.6609323334269845,0.023335621139327408,-0.06986899563318782,0.18726591760299627,0.037257824143070106,-0.01769911504424759,-0.1059782608695652,inf,0.045973884657236175,-0.009356725146198895,0.021276595744680767,0.015659441587068338
8,2001-09-30,0.03521171894301278,0.1697609324548337,0.05462952310331759,0.2703762997284436,0.004131837054540455,-0.025162539296391118,0.4951594823193724,-0.06734060590549917,-0.06896551724137923,-0.06896551724137923,0.9356871757373167,-0.1353153526016877,-0.4617440319791597,-2.6221306650971155,3.1619606093441273,0.18913480885311865,-0.106700810926163,0.27865404837013674,0.01724137931034475,0.14864864864864846,0.2056737588652484,inf,-0.029908972691807586,-0.060212514757969175,0.01041666666666674,-0.07921508341999361
9,2001-12-31,-0.015541894314719197,-0.05338998979930176,-0.0429268960772573,-0.17465581089276272,0.03049448968145496,0.19729182318645733,-1.143447837150127,0.8944913219455306,1.074074074074074,0.8888888888888888,-0.3130093000665576,-0.13380843482423022,0.11144025367156217,-0.6539267860022577,0.2629217268787234,-0.07275803722504226,-0.08026755852842815,-0.3223684210526315,0.031073446327683607,-0.09019607843137256,-0.00588235294117645,inf,0.04664879356568363,-0.06407035175879405,0.010309278350515427,0.14691873312054993
10,2002-03-31,-0.001572690665287202,0.0248696501917598,-0.008546141007998664,-0.008567185179395032,0.009314995180779162,-0.2391050669328323,-1.762274311054799,-0.8257169756662804,-0.8392857142857143,-0.8235294117647058,-0.4346892551812624,-0.2369681340946768,-0.12267727767558845,-1.2939771668219944,-0.061201721942642284,0.1046228710462287,-0.1433766233766235,-0.11286407766990293,0.008219178082191858,0.07327586206896575,0.16314454775993226,inf,0.011014344262294971,-0.10604026845637572,-0.020408163265306145,0.033737209401892176
11,2002-06-30,0.007967779409441489,0.060492332877630776,0.003779557160767055,-0.018507130054506996,0.014391155784068356,0.07881245991135888,0.20455017660502794,0.20455017660502794,0.22222222222222232,0.22222222222222232,-0.08024734245813936,0.0746731040032187,-0.9576825980916519,-3.380424014265901,0.15518354904544165,0.098568281938326,-0.16858702243784107,-0.3324213406292749,0.02309782608695654,0.08835341365461846,0.25,inf,0.006333924499619892,-0.14864864864864868,-0.02083333333333337,0.08051356388486243
12,2002-09-30,0.02142498985821661,0.1249671560416461,0.03727706077189175,0.11337760402720498,-0.0026326239839022936,0.018283823956726897,0.2589909443725744,0.2589909443725744,0.2727272727272729,0.2727272727272729,1.2525305937452789,-0.1700797424282131,26.32962588473205,2.351090394539704,0.4501744342069953,-0.09473684210526324,-0.14879649890590807,-0.7602459016393442,0.0,-0.11439114391143912,0.07151162790697674,inf,-0.023665659617321252,-0.13756613756613756,0.0,0.010387519644294407
13,2002-12-31,-0.021870559677928614,-0.07020783533748154,-0.04359557951204418,0.4276314207242871,0.012419349914515987,-0.08204666681300354,-0.15330867242087953,-0.15330867242087953,-0.14285714285714302,-0.2142857142857143,-0.2435918933118705,0.6190454709491158,0.11591253838469795,-0.9599354197714852,0.012437158807019788,-0.03654485049833889,-0.4755784061696658,1.068376068376068,0.010624169986719778,-0.03749999999999998,0.1106890938686924,inf,0.03506962351727694,-0.43149284253578735,-0.07446808510638292,-0.3487101669195751
14,2003-03-31,0.00908526438916324,0.0653022054581065,0.009355544394594741,0.013123050073111651,0.008682267944086773,0.012137965336496135,-0.4233818770226537,-0.4233818770226537,-0.4166666666666666,-0.3636363636363635,-0.4281470753406438,-0.33509793541556376,-0.7970625290100126,4.399876007439554,0.06633410761204828,0.020689655172414056,-0.058823529411764726,-0.053719008264462735,0.007884362680683266,0.008658008658008587,0.9281875915974598,inf,-0.00024912805181864783,-0.05755395683453224,0.0,0.05149114631873242
15,2003-06-30,0.0015655592950585273,0.021863238699479925,-0.0051879396682857895,-0.046577829804357214,0.01164197138710854,0.03119064044529707,0.4976848603900659,0.4976848603900659,0.4285714285714286,0.4285714285714286,-0.0348365421889133,0.4026148172980222,1.0321842836137884,-1.983237657864524,-0.06116487519194369,0.025337837837837718,-0.027777777777777683,-0.02620087336244536,0.015645371577575062,0.017167381974249052,0.07296681023562201,inf,0.009967605282830805,-0.01526717557251911,0.0,0.07179259915798819
16,2003-09-30,-0.006043334938700795,0.02837585204174542,-0.0027140799822753525,0.05032177052268083,-0.010928039934444023,0.01862441863129205,-4.029417275623008,-4.029417275623008,-4.1,-4.1,0.9524192036843656,-0.2109524378585086,3.9285312324141812,0.7281644091546007,-0.11258948201230877,0.060955518945634335,-1.0482142857142858,-1.0493273542600896,-0.021822849807445418,0.04641350210970452,0.08618654073199528,inf,-0.004934616333580054,0.0,-0.011494252873563204,-0.02088071118461854
17,2003-12-31,-0.003243646018801116,-0.005890221006000672,-0.0005755976875110314,0.1389968185652326,-0.007190733713784868,-0.030144017417942925,-1.0054737753587333,-1.0054737753587333,-1.0,-1.0,0.31544084369900016,0.2942334633296733,-0.8961765569438555,-4.741283783783784,0.474672313139193,0.0600414078674949,5.629629629629629,5.545454545454545,-0.013123359580052618,0.08467741935483875,0.0,inf,-0.003967270022315894,0.0,0.011627906976744208,-0.12721706081081086
18,2004-03-31,-0.029669653210929736,-0.14842428805964625,-0.035505529425434834,-0.09305288692827796,-0.02097858253498519,0.00016233879178195745,-39.62146892655368,-39.62146892655368,inf,-inf,-1.0136470735419838,0.9639868936867356,1.5123330714846817,-2.524859583536508,-0.4908267547174199,0.1005859375,0.983240223463687,0.9861111111111112,-0.022606382978723416,0.11524163568773238,0.0,inf,0.008961911874533213,0.0,0.011494252873563315,-0.061025765090117375
19,2004-06-30,0.004637561077920127,0.04505817866306083,0.007082632752440476,-0.009551150574483523,0.0010502721741914023,0.08376713265795899,-2.9932709186658863,-2.9932709186658863,-3.166666666666667,-3.166666666666667,-32.73109243697479,-0.6273367792292911,-0.1916703145519355,-1.0425426077481554,0.04100971583189672,0.024844720496894457,-0.09577464788732393,-0.09790209790209793,-0.0040816326530611615,0.046666666666666634,0.0,1.0,-0.003454231433506094,0.0,0.03409090909090917,0.05507246376811592
20,2004-09-30,0.017413538201731082,0.10566550682825147,0.01601000701288413,0.037125394769727205,0.019485138887111786,0.06709557053700001,0.8841185968002347,0.8841185968002347,0.8461538461538459,0.8461538461538459,0.5167324730354392,-0.1319849708210089,0.013229150549280531,6.846881959910912,0.30912141783924274,0.014285714285714237,-2.2897196261682247,-2.2945736434108523,0.01775956284153013,0.019108280254777062,0.0,0.5,0.001980688289180632,-0.31007751937984496,0.03296703296703285,0.0661172161172161
21,2004-12-31,0.05785838396756704,0.2133840148818804,0.07947033428322793,0.04874361951497352,0.02606805480428576,-0.012192407865215804,0.4126514236746777,0.4126514236746777,0.4166666666666667,0.3333333333333335,0.7796631692566549,-0.8642936083993369,0.1617927769718257,2.3333569857376,0.7871019628540552,0.0,1.0893719806763285,1.0778443113772456,0.02281879194630876,0.0,0.0,0.3333333333333333,-0.030145787002718083,1.0449438202247192,0.021276595744680767,0.15701769455420034
22,2005-03-31,-0.007709429827720159,-0.023966821305613558,-0.005827518724253133,-0.02006242838044303,-0.010621720464302764,-0.00656623473629514,-0.6520528303967794,-0.6520528303967794,-0.6470588235294118,-0.625,-0.8338699751152814,12.392602646759414,-0.1929547844374343,-1.3525342188730656,-0.15526835145156825,0.013657703798548805,0.2728323699421966,0.26224783861671463,-0.011811023622047223,-0.025000000000000026,-0.1804347826086956,0.4166666666666667,-0.0028025477707006585,0.2445054945054945,0.01041666666666674,-0.004008908685968926
23,2005-06-30,0.009061230928085529,-0.02418307774721029,0.011186717452503549,0.04460063158343508,0.0057560645134171464,0.06106608204937514,1.1998573579522942,1.1998573579522942,1.166666666666667,1.166666666666667,3.0381724471169327,0.6445221445221445,1.0402280130293158,-0.5548276070285612,-0.08182620325307023,-0.05263157894736848,0.14804722979109908,0.13926940639269406,0.0,-0.04166666666666663,-0.26312997347480105,0.2941176470588236,-0.003321410321921348,0.13024282560706402,0.010309278350515427,-0.06584178095806004
24,2005-09-30,-0.007068518742291863,-0.0053934772731150105,-2.1228050588795174e-05,0.04620336008535775,-0.018086343421728657,-0.013744764838973687,-0.6193804034582133,-0.6193804034582133,-0.6153846153846154,-0.6153846153846154,-0.004826164993684823,-0.5326472128924906,0.019517841462441062,-2.2868769074262465,0.1146844440146506,-0.07644444444444443,-0.14794303797468356,-0.15831663326653303,-0.018592297476759726,-0.0769230769230771,-0.20410367170626356,0.2272727272727273,-0.011022814662907,-0.1542968750000001,-0.010204081632653073,-0.04931113357093464
25,2005-12-31,-0.04703958027780908,-0.13702748002338727,0.01572717444717453,0.036831663304316864,-0.14697531884210369,-0.07707731746412927,-0.8429869392390688,-0.8429869392390688,-0.9,-0.9,-0.01067439747768928,-0.11749192325443393,3.6604940688251184,-4.781818181818182,-0.3890928216278351,0.020211742059672574,-0.3704735376044569,-0.38809523809523816,-0.11096075778078474,0.039855072463768286,0.19855269109000465,0.18518518518518512,-0.1049766718506998,-0.39030023094688215,0.0,-0.16769247985675906
26,2006-03-31,-0.0263893238628935,-0.05760006070581347,-0.028943909564215775,-0.09775486839347047,-0.021546182970854973,0.07435229707917546,4.4171187462326715,4.4171187462326715,8.0,8.0,-0.9930320176090096,-0.2540156892043333,-0.7869677343480928,-0.37550167224080266,-0.39774915904108504,0.08820754716981137,-0.02359882005899716,-0.054474708171206254,-0.02283105022831056,0.22299651567944245,0.7766037735849056,0.15625,0.004923255140457661,-0.07954545454545459,0.030927835051546507,0.04450420168067226
27,2006-06-30,0.028609886197549006,0.12838568426864616,0.03755880894645292,0.14896044322649835,0.011772240370280462,0.08514027598374341,2.5879603872259933,2.5879603872259933,2.4444444444444446,2.4444444444444446,152.63565891472868,0.3964446670005009,-0.007649842271293394,-1.5851519614406206,0.38645641441308665,-0.05071521456436934,0.1450151057401814,0.10699588477366273,0.009345794392523477,-0.02849002849002835,0.011257434154630541,0.1351351351351351,-0.016138328530259538,0.07818930041152282,0.030000000000000027,-0.01789277209242457
28,2006-09-30,0.00819860438520581,0.07233062906171693,-0.006122450547517143,0.026910084541219348,0.035830812037587416,0.04345167348642254,0.35673747867886485,0.35673747867886485,0.3548387096774193,0.3548387096774193,-0.1578283465361522,-0.5156165955463119,0.15644123023126433,-0.07893833657476257,0.2567337741023405,0.02009132420091331,0.6794195250659629,0.6394052044609666,0.03240740740740744,0.011730205278592363,-0.08002520478890995,0.11904761904761907,0.027240773286467682,0.5687022900763357,0.03883495145631066,0.044236188478930405
29,2006-12-31,-0.002718340567518851,0.024670956211468864,0.0012144084029950266,-0.019618337376833158,-0.00999916995583594,-0.038235534509713176,-0.08448386211941117,-0.08448386211941117,-0.0714285714285714,-0.09523809523809523,0.4989515307650829,1.4126443588984308,-0.1794660344294403,0.8054071957934832,0.3688203601424331,0.029543419874664245,0.4383346425765908,0.4399092970521543,-0.014947683109118204,-0.002898550724637739,-0.3673515981735159,0.1063829787234043,-0.007128599942971214,0.391727493917275,0.03738317757009346,0.045123634994351784
30,2007-03-31,-0.007183780780442239,0.0033059231380601073,-0.024815376716427084,-0.06857685830384874,0.02582791125965089,0.011038705081239721,-0.22123739139119147,-0.22123739139119147,-0.23076923076923084,-0.21052631578947367,-0.7278468364043327,-0.3262350414237496,-0.16997487437185932,-1.3335091501169565,-0.08986202166377277,0.040434782608695714,0.15947569634079728,0.17007874015748034,0.022761760242792084,0.05523255813953476,-0.280404186214363,0.09615384615384626,0.03302699597932235,0.1503496503496502,0.018018018018017837,0.0772233231249626
31,2007-06-30,0.031520726394559384,0.12207793408707013,0.026537847646675102,0.10821742460057447,0.04038960709544859,0.047337161701769936,0.4820621333076849,0.4820621333076849,0.4666666666666668,0.4666666666666668,2.7603539433103244,-0.03046725566991526,0.02653751072095245,-5.179399023585231,0.41265088869879296,0.0635185959047222,0.07018370230805471,0.08613728129205911,0.0400593471810089,0.04132231404958686,-0.09478435305917754,0.08771929824561409,0.008618293021962709,0.07750759878419466,0.008849557522123908,0.012486760689001564
32,2007-09-30,-0.006648539498339656,-0.0015808984612679655,-0.025408323261989385,0.37328676562305096,0.02629689827983195,0.009243068978942226,0.052545049429986834,0.052545049429986834,0.04545454545454541,0.04545454545454541,-0.4809553101535878,0.22636103151862466,1.014056126210252,-1.2291670094272882,-0.06694220833833953,0.05422396856581524,0.009242957746478764,0.027261462205700138,0.02282453637660486,0.013227513227513256,-0.03490304709141268,0.08064516129032251,0.03335170893054018,0.023977433004231274,0.0,-0.2729725265649948
33,2007-12-31,0.0071748936603879265,0.008420505257829003,0.008987535205861708,0.021971653932371996,0.0041519568703272105,-0.01837943560599009,-0.09585662610983224,-0.09585662610983224,-0.0652173913043479,-0.10869565217391307,1.2072838089505071,0.6788723762831317,-0.035919960956564134,-3.4407351568669684,0.17511048386266004,0.09243384271338062,0.0,0.016887816646562026,0.01673640167364021,0.06788511749347248,0.06486796785304239,0.08955223880597019,-0.003200853560949679,0.011019283746556585,0.008771929824561429,-0.013252555850056693
34,2008-03-31,0.04176766835784629,0.11831326385980526,0.08567164132279625,-0.0683302019101385,-0.03180344373019517,-0.004660638631592384,-0.2709356246590289,-0.2709356246590289,-0.2790697674418604,-0.24390243902439024,-0.6210828638877762,-0.2007893776236539,-2.84253822010732,1.4185957584492748,0.3604099183406899,-0.1712726032070966,-0.003924989097252586,-0.011862396204033177,-0.02606310013717428,-0.18581907090464544,-0.186522911051213,0.08219178082191791,-0.07064490232807064,-0.002724795640327016,-0.008695652173913104,0.20030698388334603
35,2008-06-30,0.003133590143760357,0.0170390294779601,0.01404827387415497,0.04608155135308389,-0.01737565209600589,0.06703158930099007,0.09724690549683523,0.09724690549683523,0.09677419354838723,0.09677419354838723,0.4885180270349294,-0.07795952156661247,-1.6407720310460885,-1.1552325934934629,-0.04112537374987113,-0.03417044051049811,-0.059982486865148836,-0.07563025210084029,-0.01549295774647874,-0.009009009009009028,-0.04042412193505629,0.07594936708860756,-0.02044342067376903,-0.07650273224043724,0.0,-0.02774936061381084
36,2008-09-30,-0.0649135901813177,-0.15975738036037912,-0.10487699058113964,-0.25856984181699794,0.01258110996141526,0.007468560476352026,0.08268924755626282,0.08268924755626282,0.08823529411764698,0.08823529411764698,0.07799821701092458,0.017554179566563466,3.032865258870189,10.723362582262613,-0.5028057418583083,0.02131287297527717,-0.0582207731718678,-0.062337662337662365,0.024320457796852542,0.03939393939393954,0.08839779005524863,0.07058823529411762,0.08289241622574961,-0.07692307692307687,0.017543859649122858,0.13330264369327893
37,2008-12-31,-0.024976500806763724,-0.0961618070682818,-0.0005316524202919615,-0.10955480446130306,-0.06687995415910608,-0.12038628510675994,-0.20628838381187345,-0.20628838381187345,-0.18918918918918928,-0.21621621621621626,0.22418457311859608,0.04475613837587855,-0.7258615831973335,-1.0095564599664522,0.009664317043665216,-0.2792153589315526,-0.06775469831849645,-0.0817174515235457,-0.06703910614525144,-0.2973760932944607,-0.233502538071066,0.06593406593406592,-0.04288816503800208,-0.08012820512820508,-0.008620689655172377,0.015029304241861663
38,2009-03-31,-0.01421787754138315,-0.027960762698346242,-0.031493272771286995,-0.07047311744782891,0.017501304921858196,-0.06166640112370458,-0.15098207790490048,-0.15098207790490048,-0.16666666666666666,-0.13793103448275856,-0.4197304693314403,-0.14642669928359253,-0.4038472725862437,-7.555244755244755,-0.06274557052685126,-0.2721482339316734,-0.033421750663130016,-0.021116138763197508,0.01646706586826352,-0.2199170124481329,-0.2052980132450332,0.030927835051546507,0.032047646057855816,-0.019163763066202044,0.0,0.04573519323119135
39,2009-06-30,0.0701823381073361,0.2451561329652672,0.02993562963980056,0.04321013338405577,0.14052066404279806,0.07221816705635288,3.2405748558965564,3.2405748558965564,3.28,3.28,0.7871110321829555,-0.2236096895257591,-0.515597046482126,-6.645508854277789,0.3779450518843333,0.17979315831344467,0.5323819978046103,0.5855161787365177,0.13549337260677466,0.15957446808510656,0.2354166666666666,0.030000000000000027,0.06595218466611708,0.6163410301953818,-0.017391304347826098,0.19358189372403234
40,2009-09-30,0.03183161141577106,0.10588826327224332,0.0052153351449564225,0.04927480905156823,0.07383805168134461,0.007630405856773327,-0.3327118597367769,-0.3327118597367769,-0.3364485981308412,-0.3364485981308412,-0.24869436562179115,-0.05154684478818772,0.015243083534783874,-0.407739838627388,0.1624460983497802,0.2535401213755899,0.12428366762177645,0.15257531584062178,0.07392996108949412,0.10550458715596324,-0.20826306913996614,0.029126213592233,0.04073214746068565,0.2076923076923076,-0.044247787610619316,0.05395502221407966
41,2009-12-31,0.019578015828550344,0.04449659765216163,-0.004121713648113645,0.007195084535455588,0.05459125488668515,-0.038506213272684886,-0.19230610419103988,-0.19230610419103988,-0.16901408450704225,-0.19718309859154934,0.423146447204056,1.1162488995969049,-0.02619220847939674,0.16262004275276776,0.16247040622060127,0.14039806347498662,0.0455559095253264,0.09021922428330532,0.053140096618357724,0.06224066390041494,-0.02662406815761453,0.02830188679245293,0.03418379985137476,0.1264786169244767,-0.03703703703703709,0.037025770283777286
42,2010-03-31,0.005320878467512724,-0.012952800113870788,0.00370256659715551,-0.004105597144682505,0.00757861477785382,0.03471067548195705,-0.6729206073309135,-0.6729206073309135,-0.6779661016949152,-0.6666666666666666,-0.8502240855862369,0.4069403393541324,-0.09203287373497247,-2.732327113062569,-0.2421153160202051,0.09575471698113214,-0.08379037172455805,-0.05336426914153136,0.0068807339449539215,0.0390625,-0.02297592997811826,0.02752293577981635,0.002395209580838386,-0.041195476575121126,-0.00961538461538458,-0.008884046431714365
43,2010-06-30,0.018123222573632525,-0.014823496019447213,0.018852124280372973,0.07468993108376587,0.017110230473567745,0.11752903408554438,0.9813483380222988,0.9813483380222988,0.9473684210526316,0.9473684210526316,5.486486486486488,0.4426099405558495,0.3064781567923398,-0.7451129487057631,-0.08142671342756358,0.000430477830391629,-0.2989690721649485,-0.2859477124183005,0.01252847380410027,-0.0037593984962407396,0.02463605823068327,0.026785714285714413,-0.0011947431302270495,-0.2948609941027801,0.009708737864077666,-0.08329457528222907
44,2010-09-30,-0.006120664264751108,-0.05550560179182984,-0.045732653548206985,0.07313356522352388,0.0490244291664903,0.04436526234891347,1.4538522219300551,1.4538522219300551,1.4864864864864864,1.4594594594594597,0.08904124149659864,-0.19394854646459206,1.0854852562267392,-0.4598508390304537,-0.0478813956178964,0.004302925989672968,0.07542694497153724,0.09954233409610992,0.059617547806524174,-0.007547169811320753,0.3857923497267759,0.0260869565217392,0.0555023923444975,0.06810035842293892,0.03846153846153855,-0.1198745445320788
45,2010-12-31,0.015635387976066006,-0.018420279034755738,-0.006902722845095299,-0.04812668549017396,0.04417724296086556,-0.02506829878462391,-0.4117981140162881,-0.4117981140162881,-0.4130434782608695,-0.4175824175824176,0.35548571595889,0.1993576446972232,-0.29931636603245204,-3.731101139109424,0.13734521467422756,0.06598114824335899,-0.04675782973092202,-0.0260145681581686,0.04670912951167727,0.003802281368821436,-0.03785488958990535,0.025423728813559254,0.02810516772438798,-0.057046979865771785,0.0277777777777779,0.031233623309925736
46,2011-03-31,-0.0014957689565224808,-0.03250083642319124,-0.012196436520847564,-0.044992331553070135,0.011392456499051962,0.004546390255500965,-0.3183399828751525,-0.3183399828751525,-0.3148148148148149,-0.30188679245283023,-0.5395272143376608,-0.2581397424739461,-0.176952313780808,-1.991826761038085,-0.1197724821424937,0.1386655948553055,0.0569180934752429,0.08119658119658113,0.015212981744421985,0.08712121212121215,0.16065573770491806,0.03305785123966953,0.01300705467372132,0.05575326215895604,0.02702702702702675,0.013060270352678094
47,2011-06-30,0.01721517893042912,-0.03861655942722742,0.031259085127173014,0.09920709713899156,0.0006947601950424431,0.057158061953931576,0.05214207445813401,0.05214207445813401,0.05405405405405417,0.05405405405405417,0.5830023455824864,0.6802683231308375,1.0637943346822183,1.286679126667233,-0.3111482307790121,-0.009177550300035198,-0.019264448336252186,0.0,0.003996003996004083,-0.02439024390243916,-0.09039548022598863,0.03200000000000003,-0.016322089227421174,-0.014606741573033656,0.008771929824561429,-0.12540757461750685
48,2011-09-30,-0.011702470939690124,-0.09750528096911172,0.017137650487569992,-0.008820040635606706,-0.046664479707796185,0.008028779183778312,0.061191830928672974,0.061191830928672974,0.07692307692307687,0.07692307692307687,-0.2923848942538501,-0.2575459200114576,0.5629527104959631,0.4686902086081029,-0.6633943329893188,-0.10509440684004268,-0.2303571428571429,-0.233201581027668,-0.025870646766169347,-0.1071428571428571,-0.11335403726708082,0.03100775193798455,-0.03539823008849563,-0.23717217787913336,0.008695652173912993,-0.08947519357613998
49,2011-12-31,0.08050904201692721,0.21219535132278766,0.17820713600467594,-0.1077776197924072,-0.045853786807265366,-0.024623448177167214,-0.055341455824975516,-0.055341455824975516,-0.02380952380952384,-0.0714285714285714,0.5173939749281067,0.07323013117283961,-2.4245210614871446,-2.4696448446827883,2.8964279482513646,-0.026671974522293085,-0.07018561484918795,-0.106958762886598,-0.035750766087844665,0.0,0.2521891418563924,0.030075187969924814,-0.1169724770642202,-0.09865470852017943,-0.008620689655172377,0.3586771653543306
50,2012-03-31,0.0331026043948619,0.06542965262547362,0.05852429480132292,-0.14808499335989378,-0.007499111862290242,0.026059672385703392,-0.5478525275560624,-0.5478525275560624,-0.5609756097560976,-0.5384615384615385,-0.6785099864761677,-0.19410680985868026,-1.3678315737124032,-1.6221900926021549,-0.462507916807943,0.13374233128834345,-0.10168434185901444,-0.15007215007215002,-0.004237288135593098,0.17599999999999993,0.23496503496503496,0.03649635036496357,-0.03922077922077927,-0.13764510779436154,-0.017391304347826098,0.2505911261532756
51,2012-06-30,0.13606868031451325,0.4860054831506386,0.2154564239388952,1.1510728115081714,0.0008416997127809188,0.061235676398696974,1.5304864380183814,1.5304864380183814,1.6111111111111112,1.5555555555555558,2.293747317212763,-1.3184042152803914,-9.257619289054137,-6.963040832134558,5.131152028756085,0.002525252525252597,0.06944444444444442,-0.01697792869269954,0.0,0.006802721088435382,0.14043035107587776,0.03521126760563376,-0.11895106785617725,0.023076923076923,-0.035398230088495415,-0.3091495514198859
52,2012-09-30,-0.13291265979655242,-0.2806696191760664,-0.20626727878828846,-0.5546664386301576,0.01883128142881918,0.015446307763997913,-0.11877131594100188,-0.11877131594100188,-0.12765957446808507,-0.10869565217391307,-0.1158470894874023,-2.0791086594869097,-2.539531044269039,-1.8680388027019004,-0.7264603850357491,0.15617128463476093,-0.0051948051948051965,-0.03626943005181338,0.018085106382978774,0.15540540540540548,0.10029791459781534,0.034013605442176915,0.1749002761583307,-0.03195488721804507,-0.009174311926605559,0.6152401395224041
53,2012-12-31,-0.0005628983972466584,0.013191570802512542,-0.020294326142830558,-0.15430405165708186,0.03123617162502557,0.018115396151618723,0.5337890477746223,0.5337890477746223,0.5609756097560976,0.5365853658536586,0.4974942515181888,0.37790579739543184,-0.8849117722652061,-1.1776705904359792,0.4718535761429605,0.12916277622159966,0.13903394255874654,0.1469534050179211,0.03134796238244508,0.10818713450292394,0.1367328519855595,0.03289473684210531,0.031862104988247486,0.1184466019417476,0.0277777777777779,0.19803986710963464
54,2013-03-31,0.02533654363411708,0.07961619281284649,0.020084793779184595,0.1021143292565596,0.03337730965969743,0.02528988743909344,-0.006848978388032334,-0.006848978388032334,-0.015625,-0.015873015873015928,-0.3715828707166949,-0.14733246967377225,-0.8813507113566794,-0.08788184156301226,0.2924110264087987,0.1408489525909591,0.23495702005730654,0.2593750000000001,0.03546099290780158,0.10554089709762547,-0.02183406113537123,0.0394904458598726,0.007846114907618329,0.2256944444444444,0.02702702702702675,-0.02040986106874465
55,2013-06-30,0.03930263782334853,0.08965378851681828,0.032636800674187505,0.20172498079474832,0.04937718290429705,0.05961676732339605,0.06355072344216595,0.06355072344216595,0.06349206349206349,0.06451612903225823,0.9554752680986144,0.8609461325966852,4.087944183027746,0.6822768946639404,0.3806190936325955,0.12515100265764678,0.058004640371229765,0.11662531017369715,0.04794520547945202,0.08830548926014292,-0.10836038961038964,0.0490196078431373,0.00954294324460081,0.06090651558073645,0.05263157894736836,-0.0932484076433121
56,2013-09-30,0.01617242633434568,0.0304762716892264,-0.0035522070180712406,0.028336481185529564,0.04550807296967707,0.056496257326018824,0.30582486620646865,0.30582486620646865,0.29850746268656714,0.303030303030303,-0.26773642334597103,-0.07843319169465424,0.9430111298912522,-0.7398745344050186,0.07171327660333415,0.17865578698733087,0.15043859649122804,0.17333333333333334,0.04668534080298792,0.125,0.0769230769230771,0.04672897196261694,0.029104477611940238,0.14953271028037385,0.02500000000000013,0.002060503886859744
57,2013-12-31,0.9570043983893772,0.3092414307949096,1.4948693212561643,0.8664460782928607,0.19459698961358465,0.4955892789553369,1.6968995010691377,1.6968995010691377,1.7011494252873565,1.7093023255813953,0.3711925093523712,24.74978858776628,-15.529207083887274,-8.748699977390912,-0.5185012418210013,0.09345964656585903,0.48989706443004205,0.2727272727272727,0.1926851025869758,0.042884990253411186,-0.08410819949281477,0.04464285714285698,-0.3896543388929176,0.38211382113821135,-0.08130081300813019,-0.29853257313767645
58,2014-03-31,0.01230275382146151,0.04985126452053645,-0.01044363987374186,-0.025897032574912267,0.07963960807759253,0.13199138584865455,-0.6031890760929413,-0.6093646074220901,-0.6085106382978723,-0.6051502145922747,-0.20599575606409515,-0.95808705837645,-1.1140404486563242,-0.9744498747781264,-0.027513615416841275,0.13662112629123624,-0.026356192425793238,-0.11904761904761894,0.0785340314136127,-0.046728971962616835,-0.2958006460544532,0.042735042735042805,0.06653465346534637,-0.10084033613445376,-0.0265486725663715,0.07777037530535202
59,2014-06-30,0.00765376101739612,0.00826596077863728,-0.006433866780713782,0.022504285605494227,0.045878089677994234,0.025894188950797314,0.10513287303243568,0.10553200126291107,0.09782608695652173,0.09782608695652173,0.23807929055117594,1.1959814932278643,-0.10005844419569887,3.5137038446897604,-0.1277018513133663,0.009527997654646736,-0.014717477003942213,-0.08192567567567566,0.04507628294036059,-0.06274509803921557,-0.053735255570117935,0.04098360655737698,0.037875974749350234,-0.07102803738317752,-0.00909090909090915,-0.013928954092145451
60,2014-09-30,0.004998268365459468,0.014901073464235859,-0.011227705123850629,0.04882408464341026,0.04682254847671597,0.0344268681029809,0.04909750193356577,0.050498250767520465,0.04950495049504955,0.04950495049504955,0.204134297028846,-0.04618168534266709,0.2985360484314805,-0.6766603415559772,-0.04733596310906163,-0.013068099317554926,-0.0437449986663111,-0.09107635694572223,0.047113470471134684,-0.05648535564853562,-0.08033240997229918,0.03937007874015741,0.04150268336314844,-0.08551307847082501,-0.009174311926605559,-0.032347041123370064
61,2014-12-31,0.003329926057295207,-0.011959013761597135,0.012805957588700956,-0.11453766837914015,-0.01974112763918945,-0.05595546894544878,-0.056805016994590514,-0.056459599588325575,-0.056603773584905766,-0.056603773584905766,-0.1940766566177098,0.4920417197367133,-0.6496880615739328,2.842331768388106,-0.19065855381245836,0.009268795056642576,-0.2772663877266387,-0.2520242914979758,-0.019645120405576644,-0.03547671840354771,-0.029367469879517993,0.03787878787878785,-0.02267262109240831,-0.2728272827282727,0.0185185185185186,0.11583311738792434
62,2015-03-31,0.006899130597363801,0.02293171164322816,0.0005225889054374377,0.016857610474631857,0.02293939792296573,-0.0057512585890552295,-0.07828487899951275,-0.0779901007419298,-0.07999999999999996,-0.07999999999999996,-0.3962537629613112,-0.6561522481434611,0.1905049967333705,-1.050911312493636,0.012009607686148891,0.15087463556851333,-0.020455422616750152,-0.004059539918809141,0.027795733678086517,0.1724137931034484,0.5352986811481768,0.050182481751824826,0.015817223198594018,0.003025718608169248,-0.00909090909090915,0.00599938070908812
63,2015-06-30,0.004549337096594552,0.02638097597225664,-0.002663811339479239,-0.024303878963463758,0.022296472402493,0.020060321245703783,0.2555066079295154,0.2566964285714286,0.26086956521739113,0.26086956521739113,0.8116343490304709,0.15104166666666674,0.8821138211382114,23.86666666666667,0.2950949367088607,-0.1041165294490184,0.01930654058313608,0.032608695652173836,0.023899371069182385,-0.12745098039215674,-0.10409297625063152,0.04778453518679426,0.01764705882352935,0.040723981900452566,0.0,0.0519410565195646
64,2015-09-30,0.0022736094937059192,0.013213466875829694,-0.0030637094451281266,0.036621577037281534,0.015084852294154684,0.01134566458089803,0.1210526315789473,0.1216696269982238,0.1293103448275863,0.1293103448275863,0.210499490316004,0.19004524886877827,0.4622030237580994,-0.3780160857908848,0.14172266340867434,-0.06772232433196668,0.047545419404716016,0.05263157894736836,0.022727272727272485,-0.08988764044943831,-0.101522842639594,0.0456053067993365,0.012580754845290755,0.06666666666666665,-0.01834862385321101,-0.02260341611499228
65,2015-12-31,-0.02537715318505407,-0.074316679568868,-0.04094872872452193,-0.10582431572246977,0.011331269349845295,-0.05432417731846617,-0.18466353677621286,-0.1836896278701504,-0.17557251908396942,-0.17557251908396942,-0.07115789473684209,0.20785804816223075,-0.05465288035450522,-1.1163793103448276,-0.014446227929373999,-0.01744009705793137,-0.004059040590406071,0.016249999999999876,0.04084084084084072,-0.03950617283950608,-0.07344632768361581,0.04361617763679626,0.037944929482874416,0.021739130434782702,0.0,0.03525053324851268
66,2016-03-31,-0.01084282632554967,-0.01646831778706981,-0.004053350861337068,-0.029542623242569843,-0.026020939202840883,0.007261485369185472,-0.004798464491362786,-0.004849660523763344,0.0092592592592593,0.0092592592592593,-0.13417951042611065,-0.4176285414480587,0.22968750000000004,7.111111111111112,-0.11889250814332253,-0.17425528630961573,0.024824008892182503,0.03690036900368998,-0.024812463935372172,-0.20565552699228795,-0.1890243902439024,0.041793313069908855,-0.01552895503073426,0.034574468085106336,0.0,0.013482739924091769
67,2016-06-30,0.013161670460849706,0.05297926613905424,-0.0007424721572940608,0.011369888134971529,0.04494593915011325,0.011705924339757257,0.11764705882352945,0.11793372319688113,0.12844036697247696,0.12844036697247696,-0.0570680628272251,0.3009009009009009,-0.6404066073697585,-3.3424657534246576,0.3160813308687616,0.21271028037383166,-0.006507592190889477,0.009489916963226541,0.04378698224852085,0.24271844660194186,0.1679197994987469,0.0401167031363967,0.03154781465658885,0.010282776349614496,0.0,0.04112276196590337
68,2016-09-30,0.08517588414116051,0.08516056897943969,0.10550938411580167,0.15593834995466915,0.040486073512602916,0.046987441794835716,0.029335634167385605,0.030514385353095138,0.03252032520325199,0.024390243902439046,0.20544142143253752,5.301939058171745,-6.372791519434628,0.2904483430799221,0.3099250936329587,0.13964241676942055,-0.034934497816593864,-0.034077555816686256,0.04081632653061207,0.09114583333333348,0.12303290414878387,0.04417952314165508,-0.041414463204842315,-0.020356234096692183,-0.009345794392523366,-0.061217498544071665
69,2016-12-31,0.005185133630289496,-0.0290211791642816,0.0,-0.01898039215686276,0.017460684551341418,-0.004986522911051172,-0.0720871751886002,-0.07191201353637901,-0.07874015748031504,-0.07142857142857151,-0.01888530631045604,-0.5892307692307692,-1.2190069056231505,-1.6117824773413898,-0.1447462473195139,0.12550716797403294,-0.004147812971342368,-0.007299270072992582,0.017429193899782147,0.0811455847255369,0.13757961783439487,0.04231027535258547,0.012296444001329343,0.0,-0.009433962264150941,-0.010253977521529787
70,2017-03-31,0.011493854942011385,0.04881212049755357,0.00037339440406247693,0.2408058842340901,0.03687919081713842,0.040566165515373065,0.060523938572718976,0.0610756608933456,0.06837606837606837,0.05982905982905984,-0.2295774647887324,-0.6907437132156233,0.37537537537537546,-1.362962962962963,0.061429168407856276,0.08675799086757996,-0.0034078000757289395,0.002450980392156854,0.036937901498929504,0.06843267108167761,0.06606942889137746,0.040592783505154495,0.025279054497701958,0.007792207792207906,-0.00952380952380949,-0.15470265088670132
71,2017-06-30,0.010233768011773892,0.04738350851554163,-0.005499290815437874,-0.02036082474226808,0.04488409053543041,0.030914415880247237,0.2197614991482113,0.21993127147766334,0.216,0.22580645161290325,0.34978671541742834,0.4377162629757785,-0.22052401746724887,3.5578231292517013,0.2637795275590551,0.1237284387439186,0.023556231003039496,0.03056234718826412,0.04336602994321104,0.084710743801653,0.08928571428571419,0.03900928792569669,0.034261927633685296,0.030927835051546282,0.00961538461538458,0.06913246390718375
72,2017-09-30,0.02100555630844281,0.07427283460341316,0.009107741580343331,0.08431991581162858,0.04594566243574949,0.03541666666666665,-0.02863128491620115,-0.028169014084507005,-0.03289473684210531,-0.03289473684210531,-0.10744920993227992,0.04332129963898912,-0.1386554621848739,-0.26119402985074625,0.1542056074766356,0.10813736101544837,0.0040831477357090576,0.028469750889679624,0.04601682335477486,0.060952380952381084,0.04628736740597872,0.037544696066746035,0.02445820433436552,0.013750000000000151,0.00952380952380949,-0.009260770234986948
73,2017-12-31,0.0282552428988585,-0.04331102008192622,-0.0044879742127448274,0.010190464636661513,0.09447397452612584,0.02694957624535088,0.9331416247304098,0.9318840579710146,0.9387755102040818,0.9319727891156462,0.3798684876074861,3.400230680507497,-0.26991869918699185,-4.103030303030304,-0.4145748987854251,0.020600248623690254,0.23992606284658025,0.28719723183391,0.09413434247871333,-0.023339317773788167,-0.018894009216589902,0.03618609994256161,0.06436990027198553,0.2688039457459925,0.018867924528301886,-0.05295449866172541
74,2018-03-31,-0.00931020572811614,-0.04307869040781165,-0.03708685147824353,-0.1910652095592651,0.04178502703198017,0.003740426289853272,-0.4789884715507624,-0.4786196549137285,-0.480701754385965,-0.4788732394366198,-0.25769794721407624,-0.7190039318479686,3.6726057906458793,-0.25455729166666663,-0.5278930382664823,0.04480598573168604,-0.02176505664877748,0.020609318996415826,0.04193687851275407,-0.04595588235294112,-0.20197275716298732,0.03492239467849245,0.051391254968767834,0.009718172983479212,0.0092592592592593,0.182920996565068
75,2018-06-30,0.028632854490374227,0.06766342900796674,0.015933781686497728,0.06264845605700707,0.0502242941331692,0.04548680941677508,0.3319057815845825,0.3323741007194245,0.33783783783783794,0.33108108108108114,0.634567901234568,0.5513059701492538,-0.6782650142993327,-1.848908296943232,0.94921875,-0.031309850945124514,0.005181347150259086,0.04565408252853387,0.04854771784232348,-0.06936416184971106,-0.06356680400235426,0.04231387252276364,0.021064002160410492,0.034648700673724615,0.00917431192660545,0.004704844519591189
76,2018-09-30,0.02919754259294449,0.0808034345292854,0.0107444749974539,0.07082984073763621,0.0595477386934673,0.023988684582743947,0.107717041800643,0.10745140388768903,0.10606060606060597,0.1065989847715736,-0.09063444108761333,-0.2074564040889958,0.11111111111111116,-0.030864197530864224,0.4719438877755511,-0.02750795151723551,0.02971497877501528,0.07136859781696048,0.05975464978235068,-0.0724637681159419,-0.08359522313010681,0.04059609455292912,0.029621793176408232,0.06511627906976747,0.009090909090909037,0.009329040755103657
77,2018-12-31,0.010723076923076835,0.000189152125597003,-0.018262884780089642,-0.09510763209393347,0.05620109082285985,-0.0349743079728162,-0.010159651669085612,-0.010238907849829393,-0.0091324200913242,-0.004587155963302836,0.14817275747508307,0.539453717754173,0.0,-0.28131634819532914,0.23042886317222602,-0.16679925749138147,-0.12573616018845699,-0.09326018808777424,0.056011949215832635,-0.2142857142857143,-0.23662551440329216,0.03901234567901235,0.044952478808117265,-0.0882096069868995,-0.009009009009009028,0.10533183515169098
78,2019-03-31,0.05462958734797629,0.06964209730036397,0.06073435455315224,0.06790657439446357,0.04572668762161358,-0.007385778083132898,-0.08699902248289347,-0.08669950738916253,-0.0875576036866359,-0.09216589861751144,-0.31712962962962965,-0.6052242483982258,0.0,0.1949778434268834,0.22378976486860316,-0.02546148949713567,0.010104412260020236,0.03111495246326723,0.0456152758132955,-0.07670454545454541,0.058400718778077065,0.037547528517110296,-0.008603736479842694,0.05651340996168575,-0.027272727272727337,0.001606820790293284
79,2019-06-30,0.02104321219293936,0.06201379066478085,0.00464441219158207,-0.014985824220332122,0.04530165318829171,0.015112187806425538,0.036402569593147804,0.03613807982740025,0.03535353535353525,0.035532994923857864,0.28135593220338984,0.1573033707865168,0.10266666666666667,0.5698393077873918,0.28707052441229663,0.04310907903331152,-0.04034678226075361,-0.019279128248113956,0.04362529590801478,-0.0030769230769229767,-0.018675721561969397,0.03618873110398546,0.02380362013389536,0.009972801450589321,-0.028037383177570097,0.07818229439497126
