Unnamed: 0,Quarter end,Assets,Current Assets,Liabilities,Current Liabilities,Shareholders equity,Revenue,Earnings,Earnings available for common stockholders,EPS basic,EPS diluted,Cash from operating activities,Cash from investing activities,Cash from financing activities,Cash change during period,Cash at end of period,Price,ROE,ROA,Book value of equity per share,P/B ratio,P/E ratio,Cumulative dividends per share,Equity to assets ratio,Net margin,Asset turnover,Current ratio
0,1993-12-31,0.01605809885690257,0.01235311633274372,-0.03709511066743698,-0.17639415830778027,0.09343974627652908,-0.12918787421208378,2.4509720625718425,2.4509720625718425,2.4117647058823524,0.15151515151515138,0.0,0.0,0.0,0.0,0.17411465382131408,-0.1333333333333333,-0.6145360155743024,-0.6220028208744711,0.06349206349206349,0.0121212121212122,1.0196629213483148,1.3331777881474571,0.07612966601178782,-0.6161879895561357,-0.016216216216216273,0.2292243000995906
1,1994-07-01,0.01605809885690257,0.01235311633274372,-0.03709511066743698,-0.17639415830778027,0.09343974627652908,-0.12918787421208378,2.4509720625718425,2.4509720625718425,2.4117647058823524,0.15151515151515138,0.0,0.0,0.0,0.0,0.17411465382131408,-0.1333333333333333,-0.6145360155743024,-0.6220028208744711,0.06349206349206349,0.0121212121212122,1.0196629213483148,1.3331777881474571,0.07612966601178782,-0.6161879895561357,-0.016216216216216273,0.2292243000995906
2,1994-09-30,0.03500284575981793,0.05081304200550752,0.01429595347526691,0.013986013986013957,0.06154963108793976,0.0,0.0,0.0,0.0,0.15151515151515138,-0.3412695172699092,2.46530816352044,1.6173809074318797,-0.7912222316073992,0.05412391225327262,0.0769230769230771,-0.6145360155743024,-0.6220028208744711,0.059701492537313376,0.0121212121212122,1.0196629213483148,0.0,0.025559105431310014,-0.6161879895561357,-0.016216216216216273,0.03627852545348165
3,1994-12-30,0.043421653611166684,0.053959698439746566,0.017659178371231432,-0.004785771779633352,0.0749796186046161,0.31726566904258235,0.36132251033663776,0.36132251033663776,0.3362068965517242,0.15151515151515138,0.8716069377535758,-16.115985425159636,-0.5720413148429535,-1.890068454355672,-0.0461059852694834,0.2142857142857142,-0.6145360155743024,-0.6220028208744711,0.07042253521126772,0.14970059880239514,1.0196629213483148,0.0,0.03026257231864693,-0.6161879895561357,-0.016216216216216273,0.0590279285931461
4,1995-03-31,0.0934393638170974,0.0938957185247986,0.12285425782564795,0.15917312661498714,0.059328649492583985,-0.06355932203389836,-0.6117021276595744,-0.6117021276595744,-0.6193548387096774,0.15151515151515138,-0.9845474613686536,-0.4940334128878282,-5.853932584269662,-5.127272727272726,0.19773519163763065,0.07352941176470584,-0.6145360155743024,-0.6220028208744711,0.05263157894736836,0.0,1.0196629213483148,1.0,-0.031101511879049637,-0.6161879895561357,-0.016216216216216273,-0.05631203346731206
5,1995-06-30,0.010247933884297566,0.005812826971517193,-0.0155875299760192,-0.028979045920642044,0.04200442151805461,-0.029034690799396686,0.4109589041095891,0.4109589041095891,0.423728813559322,0.15151515151515138,-4.8571428571428585,-1.2122641509433962,-1.5208333333333337,-1.9118942731277533,-0.15054545454545454,0.027397260273972712,-0.6145360155743024,-0.6220028208744711,0.024999999999999908,-0.02083333333333337,1.0196629213483148,0.0,0.03143111903700402,-0.6161879895561357,-0.016216216216216273,0.03585553479073411
6,1995-09-29,0.01946989528795817,0.006357156617222026,0.014007308160779441,0.06749311294765836,0.0258132956152759,0.1662135922330097,-0.41747572815533984,-0.41747572815533984,-0.4285714285714286,0.15151515151515138,23.92592592592593,3.088888888888889,-1.3422222222222222,0.9903381642512076,-0.3527397260273972,0.0066666666666666,-0.6145360155743024,-0.6220028208744711,0.024390243902439046,-0.021276595744680767,1.0196629213483148,0.5,0.006267559974065362,-0.6161879895561357,-0.016216216216216273,-0.057271125283208775
7,1995-12-29,0.05167709837907242,0.06259571209800918,0.12882882882882885,0.16344086021505366,-0.03688383316097898,0.048285048285048315,-2.15,-2.15,-2.166666666666667,0.15151515151515138,-1.277860326894502,-1.7989130434782608,-0.6363636363636364,-1.1650485436893203,0.08994708994709,-0.1258278145695364,-0.6145360155743024,-0.6220028208744711,-0.03571428571428559,-0.1467391304347826,1.0196629213483148,0.0,-0.08419243986254299,-0.6161879895561357,-0.016216216216216273,-0.08669722729093432
8,1996-03-29,-0.2012818556386388,-0.2295081967213115,-0.15456238361266295,-0.1597042513863216,-0.26413743736578377,-0.3059085133418044,9.72463768115942,9.72463768115942,9.696428571428571,0.15151515151515138,-2.946524064171123,-2.149659863945578,-5.607142857142856,-5.764705882352941,-0.3932038834951457,-0.21212121212121213,-5.1127946127946124,-4.996268656716418,-0.27160493827160503,-0.1847133757961784,1.0196629213483148,0.0,-0.07879924953095685,0.0,-0.005494505494505475,-0.083036889040495
9,1996-06-28,0.021207489491784408,0.0413841477671264,0.046255506607929535,-0.1526616805983282,-0.01750972762645919,-0.0027459954233409745,-0.9567567567567568,-0.9567567567567568,-0.9565943238731218,0.15151515151515138,-1.7939560439560438,-0.4911242603550296,-4.751937984496124,-3.6512345679012346,1.7180000000000002,-0.17307692307692313,0.3086369218174376,0.24836601307189546,-0.016949152542372947,0.140625,0.0,0.0,-0.037932790224032516,0.0,-0.005524861878453025,0.2289950576606261
10,1996-09-27,0.0035547240411599726,0.013695554557700884,-0.005714285714285672,0.03997923156801653,0.018811881188118832,0.06516750803120708,-1.78125,-1.78125,-1.807692307692308,0.15151515151515138,0.4083044982698962,-3.63953488372093,-0.9731404958677686,-0.7753201396973225,0.14201618837380425,-0.15116279069767447,0.14357209884266495,0.08526551982049367,0.01724137931034475,-0.136986301369863,0.0,0.0,0.015347975654935063,0.0,-0.02777777777777779,-0.025296203407420226
11,1996-12-27,-0.017151379567486913,-0.02126245847176078,0.007259528130671543,0.020469296055916075,-0.05636540330417882,-0.08272296423955194,-5.8,-5.8,-5.571428571428571,0.15151515151515138,-0.769041769041769,1.0704845814977977,-1.1538461538461535,-2.958549222797928,-0.24355670103092786,0.20547945205479445,0.17450765864332607,0.1268090971743625,-0.050847457627118516,0.18253968253968256,0.0,0.0,-0.03987490226739632,0.0,-0.05142857142857149,-0.040903242979459686
12,1997-03-28,-0.14889984825493174,-0.17583163611676855,-0.02552552552552556,-0.016144814090019555,-0.3604531410916581,-0.24800375763269145,4.9,4.9,4.875,0.15151515151515138,0.06382978723404252,-1.0872340425531914,20.0,-1.2619047619047619,0.08432708688245305,-0.2159090909090909,0.07102934326967847,-0.0018348623853210453,-0.3750000000000001,-0.17449664429530198,0.0,0.0,-0.248642779587405,0.0,-0.030120481927710774,-0.16231093020028686
13,1997-06-27,-0.032538444394918715,-0.040911587040087904,-0.030816640986132463,-0.05022376926902039,-0.03703703703703709,0.08494690818238593,-0.9209039548022598,-0.9209039548022598,-0.9219858156028368,0.15151515151515138,-3.04,-2.1707317073170733,-0.9285714285714286,-3.575757575757576,-0.20031421838177527,-0.1159420289855072,0.16046966731898227,0.08149509803921551,-0.02857142857142847,0.41463414634146334,0.0,0.0,-0.004696531791907432,0.0,-0.006211180124223614,0.009828823854224122
14,1997-09-26,-0.02487906012439534,-0.019753793300887446,-0.035612082670906216,-0.04816753926701567,0.0033444816053511683,-0.07081174438687388,1.875,1.875,1.863636363636364,0.15151515151515138,-1.9705882352941173,0.16666666666666674,-24.33333333333333,-1.831372549019608,0.20825147347740652,0.24590163934426235,0.4035975267003935,0.2917847025495752,-0.029411764705882363,0.28735632183908066,0.0,0.0,0.029038112522685955,0.0,-0.03749999999999998,0.029855643044619518
15,1997-12-26,-0.025277580911882813,-0.014894859813084138,-0.049785690735245636,-0.08195819581958197,0.03666666666666663,-0.02230483271375461,-1.291925465838509,-1.291925465838509,-1.2936507936507935,0.15151515151515138,-0.2777777777777778,2.232142857142857,-0.9857142857142858,-1.1745283018867925,-0.030081300813008083,-0.11842105263157887,-0.03964757709251099,-0.10394736842105268,0.0,-0.09375000000000022,0.0,0.0,0.06349206349206349,0.0,-0.012987012987012991,0.0730593607305936
16,1998-03-27,-0.0395055744062045,-0.04743551734361107,-0.10652324774462174,-0.17076093469143194,0.11575562700964626,-0.1096324461343473,0.17021276595744686,0.17021276595744686,0.1351351351351351,0.15151515151515138,0.06993006993007,-0.6022099447513812,10.0,-3.4864864864864864,0.07711651299245602,0.08955223880596996,-0.8728106755629692,-0.8649045521292218,0.1212121212121211,0.08866995073891637,0.0,0.0,0.16152570480928707,0.0,0.0,0.14868876793666508
17,1998-06-26,0.01968205904617704,0.050420168067226934,-0.007766990291262155,0.003612716763005785,0.07060518731988474,-0.002135231316725994,0.8363636363636364,0.8363636363636364,0.8095238095238095,0.7105263157894737,0.019607843137254832,2.0138888888888893,-2.9090909090909087,-1.891304347826087,-0.06381322957198443,0.3698630136986301,-1.345355191256831,-1.3731884057971016,0.05405405405405417,0.2217194570135748,0.0,0.0,0.04997144488863503,-0.5238095238095237,-0.03289473684210531,0.04665087228085296
18,1998-09-25,0.06137094778520157,0.09570370370370362,0.03600782778864975,0.09431245500359964,0.10497981157469716,0.10984308131241094,0.04950495049504955,0.04950495049504955,0.026315789473684292,0.0,1.0705128205128207,-0.6635944700460831,-2.333333333333333,-4.390243902439025,0.2310889443059019,0.28,5.79113924050633,6.310679611650486,0.10256410256410242,0.21481481481481451,15.615669911914694,0.0,0.04106608648354615,6.428571428571428,-0.013605442176870763,0.0012758251707958301
19,1998-12-26,0.07064583819072046,0.0457003785830179,0.008311295806573415,-0.023684210526315752,0.1711327649208283,0.0989717223650386,0.4339622641509433,0.4339622641509433,0.4358974358974359,0.4615384615384615,-0.30959752321981426,5.657534246575342,-0.8928571428571429,-1.935251798561151,-0.17555705604321406,-0.0234375,0.19850885368126736,0.3027888446215139,0.16279069767441867,-0.11280487804878035,-0.9514229910714286,0.0,0.09404388714733547,0.31153846153846154,-0.006896551724137946,0.07106745036787365
20,1999-03-27,0.07469512195121952,0.05818463925523654,0.034095166729112066,0.04043126684636112,0.13104524180967236,-0.10526315789473684,-0.11184210526315784,-0.11184210526315784,-0.11607142857142873,-0.11578947368421055,0.20627802690582955,-0.6604938271604939,10.0,-1.5269230769230768,0.1122031122031122,0.1359999999999999,0.06337480559875598,0.12844036697247696,0.1399999999999999,-0.024054982817869552,-0.1315336013785181,0.0,0.05229226361031514,0.16862170087976525,-0.03472222222222221,0.01707728912426143
21,1999-06-26,0.017021276595744702,0.05034213098729223,-0.2576086956521739,-0.003238341968911929,0.3655172413793104,0.018300653594771173,0.5037037037037038,0.5037037037037038,0.4242424242424241,0.4285714285714286,-0.6728624535315986,-2.951515151515151,-0.8484848484848485,2.0291970802919708,0.30559646539027985,0.04929577464788748,0.0007312614259598058,0.14363143631436293,0.1578947368421053,-0.08098591549295775,-0.1071428571428571,0.0,0.34286362604946685,0.17691342534504395,-0.028776978417266005,0.05372976644153482
22,1999-09-25,0.0282924885435345,-0.003024662633783204,0.003904343582235237,0.006497725795971521,0.04511784511784511,-0.14249037227214378,-0.4532019704433498,-0.4532019704433498,-0.4964539007092199,-0.4833333333333333,1.4772727272727268,-2.972049689440994,-7.0,-2.0771084337349395,-0.2521150592216582,0.4697986577181208,-0.13664596273291918,-0.03633491311216418,0.045454545454545414,0.27203065134099624,0.24814814814814826,0.0,0.016221696519094442,0.0447761194029852,-0.07407407407407418,-0.009453217316575224
23,2000-01-01,0.4698701801976362,0.1456242707117854,0.5420515313563441,0.2685603615235637,0.4220360824742269,0.7537425149700598,0.6486486486486487,0.6486486486486487,0.6056338028169013,0.6612903225806452,0.7110091743119267,-0.8598425196850393,-0.2,-1.58165548098434,0.19607843137254896,0.4292237442922375,-0.15531104528142192,-0.08688524590163937,0.4202898550724639,0.3674698795180724,0.4409495548961424,0.0,-0.032424343199201955,-0.0469387755102042,-0.048000000000000036,-0.09691645880779376
24,2000-04-01,-0.07632480885842341,0.0006111224281930563,-0.11979823455233295,-0.056997455470737875,-0.04508382419574086,-0.16986769099445154,0.2732240437158471,0.2732240437158471,0.26315789473684226,0.24271844660194164,-0.8364611260053619,-0.8314606741573034,-2.25,-0.7076923076923076,0.047919293820933184,0.3514376996805113,-0.00501002004008011,0.05834829443447043,-0.061224489795918324,-0.048458149779735615,0.3220757825370675,0.0,0.0336827633614023,0.08779443254817987,-0.02521008403361347,0.06108398046593533
25,2000-07-01,-0.010703582132153607,0.0498778501628665,-0.012893982808022895,0.010793308148947744,-0.0092526690391459,-0.06169665809768642,-0.14163090128755362,-0.14163090128755362,-0.5694444444444444,-0.5703125,2.8360655737704916,32.666666666666664,-2.5666666666666664,-5.184210526315789,-0.19133574007220225,-0.07092198581560294,-0.07955689828801615,-0.07548770144189998,0.0,-0.011574074074074292,-0.17009345794392527,0.0,0.0014962593516210099,-0.03937007874015741,-0.0344827586206895,0.038667572053719734
26,2000-09-30,-0.01860934795152913,0.05235602094240832,-0.02177068214804068,0.03203416978109973,-0.016522988505747068,0.024657534246575352,-0.15000000000000002,-0.15000000000000002,-0.17741935483870966,-0.1454545454545456,-0.32478632478632474,-0.3643564356435644,-1.2127659574468086,-0.5188679245283019,-0.1138392857142857,-0.18575063613231546,0.01695842450765883,0.018348623853211118,-0.05434782608695653,-0.1850117096018734,-0.16554054054054054,0.0,0.0021580345285523443,0.009221311475409829,0.008928571428571175,0.019721788399375214
27,2000-12-30,-0.12009407614287815,-0.09231619679380876,-0.15652818991097928,-0.15312984997413348,-0.09617725833942048,-0.4614973262032086,-2.1470588235294117,-2.1470588235294117,-2.1372549019607843,-2.2340425531914896,-1.0822784810126582,-2.7320872274143304,-0.7,-4.568627450980392,0.4584382871536523,-0.55,-0.4583109198493814,-0.4495495495495495,-0.11494252873563215,-0.5229885057471264,-0.582995951417004,0.0,0.027165810833195136,-0.3766497461928934,-0.12389380530973447,0.07180510044165844
28,2001-03-31,0.024056130972268663,0.08505887129516854,0.05189094107299908,0.09651802076970073,0.007004310344827625,0.42105263157894735,-1.2205128205128206,-1.2205128205128206,-1.206896551724138,-1.206896551724138,2.3846153846153846,-0.2266187050359713,4.0,-0.2655677655677655,0.2308578008059874,-0.05555555555555547,-0.4498510427010923,-0.4484451718494271,-0.012987012987012991,0.06626506024096401,0.9018338727076592,0.0,-0.016610224157393882,-0.42182410423452776,-0.040404040404040435,-0.010467898444769363
29,2001-06-30,-0.00962479608482869,-0.01814780168381669,-0.07483277591973247,-0.10083565459610032,0.0321027287319422,0.03074772886093635,0.4186046511627908,0.4186046511627908,0.4166666666666667,0.4166666666666667,-0.25,-0.9767441860465116,-0.6,-1.0423940149625934,-0.007951356407857824,0.2058823529411764,-0.6299638989169675,-0.6261127596439169,0.039473684210526334,0.22033898305084754,1.3255813953488371,0.0,0.042144965562479486,-0.6140845070422535,-0.02105263157894733,0.09195016287738866
30,2001-09-29,-0.00823587547356286,-0.020007621951219526,-0.050610031631269765,-0.0594795539033457,0.01607050285121825,-0.016949152542372836,0.08196721311475419,0.08196721311475419,0.17647058823529416,0.17647058823529416,-9.333333333333334,-11.4,2.0,-12.117647058823529,0.08910891089108919,-0.12804878048780488,-1.3219512195121952,-1.3253968253968254,0.012658227848101332,-0.1620370370370371,1.7126829268292685,0.0,0.024547600314712925,0.0,-0.043010752688172116,0.0419806243272336
31,2001-12-29,0.016774622155788066,0.02508263659342802,0.02617801047120416,0.040184453227931405,0.011734693877551106,-0.05172413793103448,-0.4242424242424242,-0.4242424242424242,-0.4500000000000001,-0.4500000000000001,-0.8472727272727273,3.009615384615385,-0.3888888888888888,-2.9259259259259256,-0.1575757575757576,-0.027972027972028024,-9.136363636363637,-9.341463414634148,0.0,-0.03867403314917128,0.0,0.0,-0.005068345876209413,1.6496350364963503,0.05617977528089879,-0.014521841794569057
32,2002-03-30,0.023195034302515568,0.026934749620637355,0.043599257884972216,0.08233058898036738,0.012102874432677655,0.08727272727272717,0.05263157894736836,0.05263157894736836,0.0,0.0,-0.9523809523809524,0.9784172661870504,2.272727272727273,1.1620879120879122,-0.4044193216855088,0.18705035971223016,-0.03165735567970207,-0.020467836257309968,0.012499999999999956,0.1839080459770115,-0.6538392375472037,0.0,-0.010805804260574314,-0.024793388429751984,0.010638297872340495,-0.05118605487001315
33,2002-06-29,0.004629629629629539,0.005356483191725214,-0.010222222222222244,0.005266237565827892,0.01295465869456902,-0.04414715719063544,-0.2,-0.2,-0.18181818181818188,-0.18181818181818188,-19.5,-1.0993939393939394,0.16666666666666674,-1.1105463786531131,0.07506471095772227,-0.07878787878787874,-0.15192307692307686,-0.14925373134328354,0.0,-0.0873786407766991,-0.06311688311688313,0.0,0.00827091136079905,-0.13559322033898313,-0.02105263157894733,9.469995896349559e-05
34,2002-09-28,0.0007945336087715749,-0.010104721660848748,-0.010776829815895785,-0.03492433061699651,0.007132316773241555,0.009797060881735488,-2.40625,-2.40625,-2.4444444444444446,-2.4444444444444446,-3.2162162162162162,10.073170731707316,-0.6190476190476191,10.563218390804597,0.8073836276083468,-0.2302631578947369,-0.6349206349206349,-0.6350877192982456,0.0,-0.2340425531914893,-0.10950928749653456,0.0,0.006345766909147121,-0.630718954248366,-0.010752688172043001,0.025724386086736883
35,2002-12-28,-0.004604636392505522,-0.0007423904974016571,-0.0226963231956423,-0.03799758745476478,0.00512820512820511,0.02009702009702008,-0.8222222222222222,-0.8222222222222222,-0.8461538461538461,-0.8461538461538461,0.3414634146341464,-0.7389867841409692,-0.1875,-0.6421471172962226,0.15985790408525746,-0.05982905982905973,-0.7080745341614907,-0.7115384615384615,0.012345679012345512,-0.05555555555555547,1.6637608966376094,0.0,0.009843125192248392,-0.7079646017699115,0.010869565217391351,0.03871126565529126
36,2003-03-29,0.014675386824054781,0.015601783060921191,0.032048304691128626,0.25830721003134793,0.005587949465500453,0.002038043478260976,-2.75,-2.75,-3.0,-3.0,-0.10909090909090913,1.940928270042194,-0.7692307692307692,1.2166666666666668,0.3055130168453293,-0.054545454545454564,-1.3617021276595744,-1.3666666666666667,-0.012195121951219412,-0.06617647058823539,2.403459560542309,0.0,-0.008985683825769142,0.0,-0.010752688172043001,-0.19286031699007555
37,2003-06-28,0.012576638893255776,0.014264813460131753,0.0094509450945095,0.008968609865470878,0.014254650881855513,0.047457627118643986,0.3571428571428572,0.3571428571428572,0.25,0.25,-0.9183673469387756,-0.8938307030129125,4.0,-0.8784461152882206,0.028445747800586618,0.1153846153846152,1.8235294117647056,1.9090909090909087,0.024691358024691246,0.12598425196850396,0.0,0.0,0.001690487167665733,0.0,0.021739130434782483,0.005248669480638625
38,2003-09-27,0.05806551777674285,0.06148575549945901,0.1555951850200623,0.16395061728395066,0.005955216769890415,0.11003236245954696,1.3157894736842106,1.3157894736842106,1.4,1.4,8.125,-3.4324324324324325,-1.2666666666666666,-2.1443298969072164,-0.031650983746792094,0.2931034482758621,-4.458333333333334,-4.34375,-0.012048192771084376,0.26573426573426584,0.0,0.0,-0.04924823565510894,2.363636363636364,0.021276595744680767,-0.0880312545640426
39,2003-12-27,0.022890682318415186,0.024120944453881462,0.018904320987654263,0.010606703436571996,0.02533743784039788,0.1696793002915451,0.4318181818181819,0.4318181818181819,0.4166666666666667,0.4166666666666667,2.0,-1.4277777777777778,-9.0,-3.954954954954955,0.0965842167255595,0.06000000000000005,1.0,0.97196261682243,0.024390243902439046,0.07182320441988943,-0.5976648351648352,0.0,0.0022591576569306326,0.8738738738738736,0.05208333333333348,0.01337230251831678
40,2004-03-27,-0.033854540238129394,-0.040636921545861626,-0.14994320333207126,-0.1687657430730478,0.036951501154734334,-0.0483549351944168,-0.2698412698412699,-0.2698412698412699,-0.2352941176470589,-0.2941176470588236,-0.7214611872146119,-6.233766233766234,-8.0,-2.725609756097561,-0.15198711063372716,0.10062893081761004,0.2018072289156625,0.20853080568720367,0.0,0.07216494845360821,-0.449726869238648,0.0,0.07341812912574452,0.15384615384615394,0.04950495049504955,0.15412271344474734
41,2004-06-26,0.07245731254639942,0.08679114799446741,0.07394209354120274,0.08838383838383845,0.07171492204899788,0.055002619172341616,0.326086956521739,0.326086956521739,0.23076923076923084,0.3333333333333335,2.459016393442623,0.14143920595533488,-1.9419642857142856,-0.9328621908127208,-0.0120329322355921,0.21714285714285708,0.20050125313283207,0.21176470588235308,0.059523809523809534,0.22115384615384606,0.0055839925546765645,0.0,-0.0007499625018748679,0.16666666666666674,0.03773584905660377,-0.0014719978091194408
42,2004-09-25,0.11449536203793433,0.12233534839325474,0.23351306511820824,0.2436194895591648,0.05486284289276799,0.16683217477656398,0.7377049180327868,0.7377049180327868,0.7500000000000002,0.5625,1.0995260663507107,0.5260869565217392,-0.4881516587677726,2.9736842105263164,-0.04839743589743595,0.12676056338028174,0.231732776617954,0.2330097087378642,0.011235955056179804,0.06299212598425208,-0.0906987505784358,0.0,-0.05343740618432902,0.18928571428571428,0.03636363636363616,-0.0975007713668622
43,2004-12-25,0.16298136645962735,0.1795889440113394,0.20107599193006045,0.2029850746268657,0.14066193853427889,0.4851063829787234,1.7830188679245285,1.7830188679245285,1.6785714285714284,1.7999999999999998,0.7494356659142212,1.1695156695156697,1.3518518518518516,2.271523178807947,-0.16638598854833275,0.5708333333333333,0.7084745762711866,0.700787401574803,0.12222222222222225,0.5518518518518518,0.27905004240882114,0.0,-0.01918807484934981,0.5615615615615612,0.08771929824561409,-0.01944919278252599
44,2005-03-26,0.08000427259132659,0.08231194424417199,0.0428331466965286,0.03970223325062028,0.10293609671848004,-0.07077363896848132,-0.016949152542372836,-0.016949152542372836,-0.52,-0.5142857142857142,-0.3083870967741935,-0.4031516743269862,-0.4015748031496063,-0.5526315789473684,-0.08929292929292931,0.4509283819628647,0.35218253968253976,0.3364197530864197,0.0990099009900991,0.2935560859188542,-0.17427055702917782,0.0,0.021180274858528803,0.3038461538461539,0.032258064516129004,0.040987099523495774
45,2005-06-25,0.03728612402334086,0.04096813589430437,-0.015570469798657728,-0.06831742243436756,0.06811775759473848,0.08541473943879119,0.10344827586206896,0.10344827586206896,0.08333333333333348,0.08823529411764698,-0.11940298507462688,-1.3355335533553356,-0.5855263157894737,-4.800904977375565,0.3726708074534162,0.01645338208409508,0.2325752017608218,0.2286374133949192,0.054054054054053946,-0.07564575645756455,-0.3014776742691937,0.0,0.029765674477517205,0.18289085545722705,0.0390625,0.11726396486919
46,2005-09-24,0.10135392829900836,0.0985494880546076,0.11398963730569946,0.11559398014729427,0.09456091482187357,0.04488636363636367,0.34375,0.34375,0.3333333333333333,0.3513513513513513,0.5932203389830508,-2.4065573770491806,0.17460317460317465,-0.5273809523809524,0.12831286360698124,0.15107913669064765,0.2011904761904761,0.2086466165413534,0.08547008547008561,0.09181636726546903,-0.1306047367210853,0.0,-0.006150061500615035,0.1945137157107233,0.007518796992481258,-0.015255479315169018
47,2005-12-31,0.2276859146394252,0.1807766990291262,0.4200734394124848,0.4523536165327211,0.12242164478971328,0.5630777596519847,0.3139534883720929,0.3139534883720929,0.3076923076923077,0.30000000000000004,-0.6236702127659575,-1.2167832167832169,2.824324324324324,0.6599496221662469,0.1887711257519336,0.3765624999999999,0.09514370664023786,0.07776049766718507,0.11023622047244096,0.2687385740402195,0.04549061094948415,0.0,-0.08586014851485146,0.034446764091857984,0.04477611940298498,-0.1869841699364091
48,2006-04-01,-0.01903955997461393,-0.07202762703502719,-0.09860368901913463,-0.1193675889328063,0.03603818615751786,-0.2417811793355367,-0.2743362831858407,-0.2743362831858407,-0.2794117647058825,-0.2769230769230769,-1.4416961130742052,25.473118279569892,-1.4982332155477032,2.3323216995447646,0.5291566265060241,0.16799091940976152,-0.004072398190045345,-0.00721500721500723,0.035460992907801366,0.05187319884726227,-0.020237794080445348,0.0,0.05618547977661192,0.006054490413723634,-0.014285714285714348,0.05375270427691792
49,2006-07-01,0.08647832650420527,0.10676944887471196,0.10613884107860017,0.12724416517055648,0.07463718037318601,0.0025235145675612802,0.15121951219512186,0.15121951219512186,0.12244897959183687,0.14893617021276606,-9.056,-0.7843216896831844,-1.9148936170212765,-0.2408925318761385,0.26268515600378195,-0.10301263362487843,0.007269422989550245,-0.0036337209302325095,0.06164383561643836,-0.13424657534246565,-0.16163180996643425,0.0,-0.010895689793302354,0.03711133400200617,-0.036231884057970835,-0.018161718256474942
50,2006-09-30,0.13834855101230634,0.1615563205507966,0.2484439834024897,0.2882739398765677,0.07009646302250805,0.10686498855835236,0.14830508474576276,0.14830508474576276,0.16363636363636358,0.12962962962962954,0.04766633565044698,-6.139359698681733,-0.5891472868217054,-1.9724055188962208,-0.20229626856358413,-0.009750812567713927,-0.013531799729364023,-0.03938730853391681,0.07096774193548372,-0.06645569620253168,-0.08777332922697867,0.0,-0.05993844160051831,-0.0038684719535784225,-0.03759398496240607,-0.09835933730094903
51,2006-12-30,0.13112467306015696,0.1485284995520022,0.14014679407284314,0.13382784731880706,0.12459935897435905,0.4709530700847633,0.8523985239852399,0.8523985239852399,0.8281249999999998,0.8688524590163933,0.7184834123222751,-0.5478197141810187,2.547169811320755,-1.4731647131400367,0.11999374217772216,0.29540481400437635,0.1321444901691815,0.12224753227031115,0.12048192771084355,0.2084745762711864,0.2326130992572586,0.0,-0.005859038428399188,0.13980582524271856,-0.015625,0.012933725805012841
52,2007-03-31,-0.03853861569292427,-0.038106096975516035,-0.21656747236730234,-0.25241924492299306,0.0920021375133595,-0.2601546029515109,-0.2330677290836653,-0.2330677290836653,-0.23931623931623924,-0.23684210526315785,-0.595146166574738,-0.2074554294975689,-0.04255319148936165,-1.0834419817470664,-0.008939796060902339,0.08445945945945943,0.0521001615508887,0.07036535859269287,0.09139784946236552,-0.032258064516129004,-0.10791563955080796,0.0,0.13589876928410471,0.10051107325383304,-0.031746031746031744,0.2866766467065869
53,2007-06-30,0.15691304580193474,0.16944288477135186,0.27798449612403103,0.2747493163172288,0.09322241252752628,0.02773556231003038,0.062337662337662365,0.062337662337662365,0.05617977528089879,0.057471264367816126,0.6716621253405994,0.4652351738241309,0.2722222222222221,-1.359375,0.003241719520789221,0.20872274143302166,0.02648752399232257,0.029077117572692712,0.08374384236453225,0.10869565217391307,0.05557261283389625,0.0,-0.05508927208911951,0.07198142414860675,-0.03278688524590168,-0.08260616637579987
54,2007-09-29,0.17092437751189538,0.17129901307015194,0.31202232197015656,0.3299485125858124,0.08415398388540729,0.14916820702402964,0.10513447432762836,0.10513447432762836,0.1063829787234043,0.08695652173913038,0.38223308883455576,-1.2763433356594556,-0.3799126637554585,96.1304347826087,0.3138522056757516,0.2274484536082475,0.016828721017202453,0.008599508599508754,0.07727272727272716,0.13202614379084965,0.09569517161140184,0.0,-0.0741279069767441,0.05126353790613725,-0.0423728813559322,-0.11928829870565848
55,2007-12-29,0.18511066398390352,0.1927946802696301,0.22376329172445675,0.13291751801268958,0.1563446187723645,0.5454399227923437,0.7488938053097345,0.7488938053097345,0.7403846153846154,0.76,0.6432783018867925,-9.742424242424242,2.415492957746479,-1.0850492390331246,-0.02031650983746791,0.3254593175853018,0.05112173593232816,0.03654080389768555,0.1518987341772151,0.2297921478060045,0.19378816033979285,0.0,-0.024245595674167168,0.05563186813186816,-0.01769911504424759,0.0528567193257381
56,2008-03-29,0.014381304304404319,0.02088663179197381,-0.06173026067245935,-0.08552444233507361,0.07432754106165196,-0.2181515403830142,-0.33902593295382666,-0.33902593295382666,-0.3425414364640884,-0.3409090909090909,-0.5719411553641909,-0.6065857885615251,-0.8412371134020619,-0.5157894736842106,-0.010041475660336195,-0.10653465346534664,-0.030790762771168545,-0.049353701527614535,0.07326007326007322,-0.2244131455399061,-0.2281521014009339,0.0,0.05917053986414024,-0.015614834092387841,-0.03603603603603611,0.11637636268554652
57,2008-06-28,0.04062879459157887,0.04720227408737277,-0.026654855854404857,-0.043180402740294783,0.0869107627541128,-0.006389776357827448,0.02583732057416266,0.02583732057416266,0.016806722689075567,0.02586206896551735,0.10729253981559084,0.007342143906020616,3.5974025974025974,-4.293478260869565,0.033406835722161084,0.059840425531914924,-0.03718411552346579,-0.03213844252163167,0.07849829351535842,-0.012106537530266248,-0.0037453183520600453,0.0,0.04438818565400848,-0.012557832121612544,-0.01869158878504673,0.09444364370135494
58,2008-09-27,0.2479737613926645,0.2390170726480463,0.5340448415653181,0.5287481015404643,0.07175619202935479,0.05774383708467301,0.059701492537313376,0.059701492537313376,0.04958677685950419,0.050420168067226934,2.2513247539742616,0.4526239067055393,-0.4350282485875706,7.257425742574258,0.2669369465485971,-0.09912170639899633,-0.03974503187101608,-0.06321839080459768,0.06962025316455689,-0.16421568627450978,-0.14661654135338342,0.0,-0.14124111182934718,-0.0040160642570282725,-0.05714285714285716,-0.18951042043920585
59,2008-12-27,0.08124431416152844,0.013635053329489777,0.07205263725595934,0.047189894975872886,0.08934854969091766,0.2877770740975301,0.41285211267605626,0.41285211267605626,0.4251968503937009,0.4239999999999999,-0.08311990686845172,3.334671349724033,-0.69,-2.8541167066346924,-0.39065263157894736,-0.3402971216341689,-0.07028504490433418,-0.08384458077709611,0.08579881656804744,-0.3841642228739003,-0.37106065740426986,0.0,0.007527286413248069,-0.012096774193548376,-0.08080808080808077,-0.03205102165170415
60,2009-03-28,0.010517213172225315,-0.03725506924892641,-0.0478921420666063,-0.06817103747374131,0.061198655550220415,-0.1971082915314252,-0.2492211838006231,-0.2492211838006231,-0.2541436464088398,-0.2528089887640449,-0.7864398171660741,-0.5734460006945248,0.19354838709677424,-0.4028885535675792,-0.382808181315644,-0.05418719211822665,-0.04073918521629572,-0.05059523809523814,0.05994550408719345,-0.12857142857142856,-0.057650862068965525,0.0,0.050242809114680716,0.013605442176870763,-0.05494505494505497,0.033196239717978804
61,2009-06-27,0.11339824687189215,0.03890349452042652,0.1757370812638699,0.211620973020144,0.06486775533709023,0.02131569276001466,0.01991701244813271,0.01991701244813271,0.022222222222222143,0.015037593984962516,1.699167657550535,-0.6366350067842605,1.810810810810811,-1.4111913357400725,0.25503806538289303,0.3236607142857142,-0.03721541155866892,-0.06661442006269591,0.061696658097686326,0.2486338797814207,0.2830188679245285,0.0,-0.043571047483549896,0.0046979865771812354,-0.06976744186046502,-0.14257280961858732
62,2009-09-26,-0.01327378479434982,-0.10278646573784478,-0.2872101384145246,-0.30940519776724085,0.22218788627935715,0.9477030106753028,2.4141578519121243,2.4141578519121243,2.376811594202899,2.407407407407407,0.3700440528634361,1.8162808065720688,0.5336538461538463,-1.3002633889376651,-0.06101694915254241,0.2979201798763351,0.4301955434288312,0.5222502099076405,0.21549636803874087,0.2231947483588621,0.26158645276292325,0.0,0.23856452212718504,0.2818971275885103,0.17499999999999982,0.29920886825524673
63,2009-12-26,0.13526031030925667,0.0563143717318968,0.14482062921631678,0.1382756822527378,0.1304677623261694,-0.03417908609434661,-0.19494756911344133,-0.19494756911344133,-0.19742489270386265,-0.2021739130434782,0.8588424437299036,0.04958896844338368,0.6394984326018809,-7.859649122807018,0.445753372601178,0.20658293633607627,0.08235294117647053,0.14506343077771655,0.12151394422310767,-0.0071556350626118545,-0.23949134581419984,0.0,-0.004203573037081521,0.07712350182386674,0.06382978723404252,-0.07201458523245219
64,2010-03-27,0.058061046619441566,-0.02988119524780997,-0.02472739288467896,-0.06627471940138963,0.10008946544397236,-0.13925907033093154,-0.08999407933688575,-0.08999407933688575,-0.0935828877005348,-0.09264305177111708,-0.5969555440235254,-0.9790298130368872,-0.6902485659655831,0.026854219948849067,0.3165987646208437,0.08255563531945452,0.052291421856639264,0.1074181117533719,0.0976909413854352,-0.03423423423423412,-0.10450534138411516,0.0,0.03965023368008437,0.06869859700048386,0.040000000000000036,0.03897838899803552
65,2010-06-26,0.13439192386560814,0.11433077684314695,0.22050934553052115,0.27663750102216045,0.09563383145267856,0.16304911474924078,0.05823031880286277,0.05823031880286277,0.053097345132743216,0.054054054054053946,1.0605150214592274,64.42168674698796,0.9506172839506172,-1.1299294312992942,-0.031243761229786338,0.13262599469496014,0.03573422668900038,0.08351457155284914,0.09061488673139162,0.031716417910447665,-0.04253112033195017,0.0,-0.03407772621809735,0.029425079221367056,0.05769230769230771,-0.12714620679222444
66,2010-09-25,0.1615758980301274,0.15666194876918382,0.2673267326732673,0.3273123238534461,0.10855698081696086,0.29573248407643304,0.3243160159852443,0.3243160159852443,0.3165266106442579,0.32193732193732183,0.18371172672359928,-0.1928176795580111,-0.18987341772151894,-5.9712460063897765,0.1603297269448738,0.1062646370023419,-0.09002695417789752,-0.10317141710156563,0.10385756676557856,0.014466546112115841,-0.05146262188515705,0.0,-0.045638792974027835,-0.0554089709762533,-0.054545454545454564,-0.12855285961871765
67,2010-12-25,0.15374486253541364,0.05396132252027441,0.17099883177570094,0.14829649647717402,0.1438555376535331,0.3145062183552081,0.393686165273909,0.393686165273909,0.3893617021276597,0.3857758620689655,0.7196903044166814,1.4478667579283595,0.67578125,-1.338688946015424,-0.04679868572950896,0.13548557819528972,0.06605450236966814,0.0501342882721576,0.13978494623655924,0.028520499108734217,0.13249571673329494,0.0,-0.008651879817524133,0.015363128491620024,0.03846153846153855,-0.0821359319842887
68,2011-03-26,0.09409513269235203,0.0698886789446127,0.042118718044644066,0.02235763815927716,0.1245929828412542,-0.0775588048315321,-0.0028314457028647553,-0.0028314457028647553,-0.006125574272588086,-0.004665629860031051,-0.3636549677683414,-0.8581414856929817,0.2750582750582751,-10.950664136622393,0.4885410844046954,0.14239105103705452,0.0494581828285634,0.036658141517476484,0.12028301886792447,0.0017331022530331366,-0.033787191124558635,0.0,0.027927642018406917,0.025217790004585128,0.0092592592592593,0.046476355560370435
69,2011-06-25,0.12490516732698298,-0.002106517437283184,0.11930475364226535,0.10408188432605736,0.12795029035248962,0.15826813151173624,0.22064473024887246,0.22064473024887246,0.21571648690292755,0.21718749999999987,0.7861392506833895,8.876478318002627,-0.9323583180987204,-1.7412280701754386,-0.24327199899862306,-0.02998776009791937,0.07175006619009805,0.06784539473684204,0.12526315789473674,-0.13321799307958482,-0.1717118997912318,0.0,0.002624266748996407,0.05232558139534893,0.00917431192660545,-0.09617475024587196
70,2011-09-24,0.09004477416212375,-0.04072668344065844,0.06256848857410137,0.04136416098886775,0.10486999408736276,-0.010535158027370373,-0.09373289545703334,-0.09373289545703334,-0.09632446134347272,-0.0937098844672658,-0.06112711559236584,-0.12613092070250131,10.648648648648653,-0.41445845124774894,-0.1882391861715325,0.1268138801261829,-0.02272727272727271,-0.013477088948787077,0.10196445275958843,0.0,-0.06427221172022679,0.0,0.013702848344880671,0.017849553761155827,-0.027272727272727337,-0.07886146268827665
71,2011-12-31,0.1917144305711904,0.2174579887970125,0.223136130395412,0.2372899535216304,0.1754095151080075,0.6389458790236999,0.9725200060395592,0.9725200060395592,0.967741935483871,0.9645892351274789,0.6831911017355452,0.3038976857490865,-0.8399071925754058,-1.2174868189806678,0.0504330106979114,0.04106009705113856,0.12108190091001016,0.1276346604215457,0.17147707979626506,-0.05389221556886215,-0.04983164983164989,0.0,-0.013669501822600294,0.0772442588726514,0.04672897196261694,-0.015978612285501126
72,2012-03-31,0.08835384803974589,-0.07410856109985209,-0.003927859008369783,-0.07429132834397667,0.13818375641281902,-0.15425290829430427,-0.11037966932026944,-0.11037966932026944,-0.112615823235923,-0.11319394376351832,-0.2037712202347043,-0.1548341896310136,3.492753623188406,-1.3818181818181818,-0.01833171677982537,0.3196486195769093,0.028861330326944712,0.042921426098996296,0.13478260869565206,0.12447257383966236,0.03968816442239542,0.0,0.04573452417616264,0.051550387596899234,-0.008928571428571397,0.00018954950401228746
73,2012-06-30,0.07925318351067356,0.024274333491086875,0.05603270294822038,0.03196404045448875,0.09022615075416107,-0.1062369213494615,-0.2407503011529857,-0.2407503011529857,-0.2433734939759036,-0.2422764227642277,-0.27101667024397225,-0.14962696877590498,-1.1774193548387095,10.513227513227509,-0.2149985179330106,0.13163972286374134,-0.07648476879246102,-0.06339196813806837,0.08748403575989783,-0.0018761726078798668,-0.030674846625766805,12.666666666666664,0.010160506552790329,-0.005897530409141094,-0.054054054054054064,-0.007454200884396855
74,2012-09-29,0.08083685296139875,0.10992819051652768,0.13106549364613884,0.16581972171808834,0.057845470978826974,0.0269251634640093,-0.06810970081595646,-0.06810970081595646,-0.07006369426751591,-0.06866952789699576,-0.10334674649131416,-0.6496344435418361,35.763636363636365,-2.2872242647058822,0.35254877281309005,0.09339735894357748,-0.062411010915994325,-0.058823529411764726,0.0540223135642981,0.005639097744360777,0.053445850914205284,0.0,-0.02128279883381912,-0.011123470522803158,-0.04761904761904767,-0.04798879837067205
75,2012-12-29,0.11373137041075965,0.2548869963401732,0.18819787741556326,0.21630948056665456,0.07728618560189493,0.515653672913307,0.5904171227046091,0.5904171227046091,0.5901826484018264,0.5910138248847927,1.5641418563922942,2.134940876420125,1.2240356083086057,0.9307390217779364,0.5032570258700912,-0.07619675010979354,-0.0807390534042014,-0.08358433734939763,0.07910863509749322,-0.12336448598130825,-0.11014686248331107,0.9268292682926832,-0.032767351802204366,-0.04949381327334079,-0.040000000000000036,0.03175558229709852
76,2013-03-30,-0.006859165272734669,-0.12455078232985015,-0.13803788077158075,-0.24256063482582824,0.06395175349049054,-0.2001210742588788,-0.2699954121425294,-0.2699954121425294,-0.27063890882986363,-0.2693700217233889,-0.4662340988645095,0.061829746320538385,-0.5001111852346009,-1.7583210059171597,-0.25386901077132595,-0.17304492512479208,-0.11343612334801767,-0.1068200493015612,0.06453278265358797,-0.23454157782516005,-0.17179294823705935,0.481012658227848,0.07129658145980901,-0.0745562130177515,-0.03124999999999989,0.1557701030259835
77,2013-06-29,0.0262551157166111,0.07707974801458861,0.291107623242705,0.02283992339754426,-0.08957118606539227,-0.1898951906978877,-0.27725987221116577,-0.27725987221116577,-0.2608267716535433,-0.2596630327056492,-0.3739603326935381,-0.546771609667758,-0.05427046263345192,-0.8037064130699829,-0.06678835144777229,-0.12647312446105194,-0.0704968944099379,-0.09429622815087403,-0.05916585838991284,-0.17827298050139273,-0.08061594202898538,0.36752136752136777,-0.1128359925255139,-0.050298380221653886,-0.05376344086021512,0.053035824409934484
78,2013-09-28,0.03574573693059002,0.07427549509667397,0.09083422655616856,0.20207054158980145,0.0015808161875576765,0.06083854712227167,0.08869565217391306,0.08869565217391306,0.10652463382157128,0.10575635876840694,0.2657128257537047,-1.093898878131243,2.5315145813734707,-4.740372670807454,0.2676920341394025,0.0753537347811779,-0.029067824924824518,-0.05688166582021325,0.011340206185567192,0.14237288135593218,0.12512315270935948,0.2749999999999999,-0.03289047310434212,-0.027378815080789886,-0.02272727272727271,-0.10631954426875367
79,2013-12-28,0.08784541062801933,0.09634855224735972,0.14438412960899205,0.23159558385633794,0.049656411626156416,0.5369876174210078,0.7401490947816827,0.7401490947816827,0.7557160048134777,0.75544794188862,1.2880500605571257,-25.718494271685767,0.03209909429941393,-1.0604450348721357,-0.01276386843397148,0.14703182374541002,-0.004473503097040643,-0.035002692514808816,0.05861365953109065,0.1335311572700295,0.159369527145359,0.2107843137254904,-0.035181772491204584,-0.017997231195200802,-0.023255813953488413,-0.10979387584892177
80,2014-03-29,-0.0852414025863294,-0.12204562709248636,-0.10146596858638746,-0.1964142907623352,-0.07329354430770185,-0.20745216515609266,-0.21794675642594866,-0.21794675642594866,-0.1987662782727896,-0.1986206896551725,-0.4028231142479047,-1.777395219492816,1.6335010969157309,-27.76923076923077,0.3460964694181998,0.004935307456315874,0.049429657794676674,0.0044642857142855865,-0.04044294655753489,-0.049738219895287934,-0.012084592145015116,0.17813765182186225,0.01302309428720272,0.006578947368421018,0.0,0.09255169644649676
81,2014-06-28,0.08025185810892821,-0.03674458825363969,0.1837781144388766,0.0693621551564525,0.006332221103520608,-0.17995005038776668,-0.2421011444781376,-0.2421011444781376,-0.8896492728828058,-0.8898450946643718,-0.2425025853154085,-2.8920023848053837,-1.2933797226441908,-2.2257799671592773,-0.3151617499604201,0.11560923812052025,0.027667984189723386,-0.004444444444444473,0.013547415955845521,0.16253443526170794,0.07492354740061158,0.1615120274914088,-0.06839218375042855,0.010270774976657291,-0.011904761904761862,-0.09922822491730987
82,2014-09-27,0.0418793816286176,0.008565247465010417,0.18420949005709786,0.3731847202683691,-0.07766661154291388,0.12532058132079493,0.09279814145585964,0.09279814145585964,0.10077519379844957,0.109375,0.2920526572403705,-1.1349149185198524,-3.5688992817771834,-1.1451774949765572,0.06681051090390701,0.16490184414039266,0.05000000000000005,-0.00390625,-0.058415841584158364,0.14928909952606628,0.12446657183499288,0.1420118343195267,-0.11481140754369812,-0.0013863216266174485,0.0,-0.2655378756969944
83,2014-12-27,0.12963737766294714,0.21701127956691124,0.15191367671998135,0.16017841381919062,0.1056146736353285,0.7709802245803956,1.1287350891697177,1.1287350891697177,1.1690140845070425,1.154929577464789,1.5450566037735851,-8.062062062062061,-0.5498699609882964,5.498269896193771,0.4069633054030628,0.09764069042998667,0.14041514041514036,0.08011204481792711,0.11303890641430092,0.1649484536082475,0.05692599620493355,0.12176165803108807,-0.02120141342756188,0.029615918556224138,0.04819277108433751,0.048976946579020415
84,2015-03-28,-0.0026728371020336983,-0.18598851360262825,-0.04602860730626557,-0.20217087120131505,0.04603982874935132,-0.2223756350621322,-0.2471704394141145,-0.2471704394141145,-0.2402597402597403,-0.238562091503268,-0.4341676057173358,0.055090952043467915,-0.7488083200924455,-1.8855165069222577,-0.25613512680973405,0.10830929561738167,0.055674518201284766,0.014522821576763434,0.057628719886631874,-0.0035398230088495852,-0.039497307001795316,0.10854503464203223,0.04884264174984088,0.012584269662921256,0.0,0.02030008826125318
85,2015-06-27,0.04577823380322665,0.045101707148222925,0.11563833328290007,0.1116313916463758,-0.0258050013177682,-0.14488881227374595,-0.2131328764094628,-0.2131328764094628,-0.20512820512820507,-0.20600858369098707,-0.214506577223416,-0.4893645604764677,0.5842438182863714,-1.1663660052114653,0.05728483677272411,0.08152128284778781,0.05121703853955384,0.009202453987730008,-0.01563197856185805,0.02131438721136769,-0.008099688473520272,0.1083333333333334,-0.0684349058513869,0.003994673768308976,0.0,-0.05986159169550165
86,2015-09-26,0.06343743936503987,0.2596789423984891,0.16036725117647865,0.23473998621429115,-0.05030355594102343,0.038221953432113764,0.04186569261028383,0.04186569261028383,0.06451612903225801,0.0594594594594593,-0.10094742460635177,-0.8794176970972551,1.2863883847549908,5.9891566265060225,0.3786800705006854,-0.12684365781710905,0.035697057404727506,-0.004559270516717229,-0.02858439201451901,-0.11304347826086958,-0.1840452261306532,0.09774436090225548,-0.1069332753749186,0.010167992926613634,-0.011494252873563204,0.020242914979757158
87,2015-12-26,0.009656463978463092,-0.14722862449372331,-0.03568757158551693,-0.05604763676963154,0.07466800720539557,0.4732141123473329,0.6505753326141677,0.6505753326141677,0.6666666666666665,0.6734693877551019,1.0380705009276436,13.872727272727273,0.8167963168756947,-1.76383382175487,-0.2098011363636364,0.01964793741109516,-0.003493246390312121,-0.02188295165394405,0.08033629145259225,0.050980392156862786,-0.0400307929176289,0.08904109589041109,0.06424920905329777,0.0008752735229757835,-0.023255813953488413,-0.09659090909090906
88,2016-03-26,0.040892104581224935,0.14921476272320544,0.05940600059387813,-0.10286232455448664,0.01707376020332596,-0.33365404892450445,-0.4272643102227548,-0.4272643102227548,-0.4212121212121213,-0.4207317073170732,-0.5775771037395769,-0.33202933985330074,-1.6015379238028662,-2.0889189799142405,0.28911258913056503,-0.12014996948295407,-0.059593362935265286,-0.0926118626430802,0.029831387808041617,-0.1865671641791045,-0.14113873295910184,0.08176100628930816,-0.022867596615595686,-0.02623524267599464,-0.0714285714285714,0.2809224318658279
89,2016-06-25,0.0010646068979975887,0.07042880628367887,0.024259238073446987,0.04718376913498856,-0.030017553676690456,-0.16217338845263762,-0.2586534804108026,-0.2586534804108026,-0.25130890052356025,-0.25263157894736843,-0.08335488319972417,-0.6727672035139092,-2.3714410226612435,-1.6791709844559586,-0.152319419912615,0.0001981964126449576,-0.05839960238568576,-0.08256880733944949,-0.014273719563392072,-0.027522935779816567,0.04855275443510743,0.08284883720930236,-0.030891645214135236,-0.02559497081275264,-0.05128205128205132,0.02221183072246924
90,2016-09-24,0.05263054561161251,0.13980226320111774,0.08028548930252821,0.1051954228800045,0.013497601567871387,0.10609566079607168,0.15623396613648022,0.15623396613648022,0.1748251748251748,0.18309859154929573,0.5164566484859883,0.6548098434004475,-0.3134201885393496,-1.685688129386634,0.12321105444974513,0.028831863667888587,-0.06070203219846927,-0.06812499999999999,0.02427597955706995,0.04245283018867907,0.08014247551202147,0.07651006711409393,-0.03718908476213478,-0.023502304147465455,-0.054054054054054064,0.03133577310155533
91,2016-12-31,0.029392015816665836,-0.03309659489655559,0.02747147650139325,0.06485583373414673,0.03228875078947978,0.6723085460599334,0.9848014200133126,0.9848014200133126,1.011904761904762,1.0,0.6777874240357187,1.5851020684061106,0.8585313174946003,-2.8304405874499334,-0.20079086115992967,0.07261171032357461,-0.01826355717898287,-0.04024144869215296,0.04906444906444896,0.047511312217194616,0.10882110469909301,0.07107231920199507,0.002758966641585037,-0.02170835299669649,-0.014285714285714348,-0.09203814593036153
92,2017-04-01,0.010240350787126928,-0.012987264351798087,0.008548384662215636,-0.12823012005230006,0.012780421481985105,-0.3248841750583911,-0.3835447990609804,-0.3835447990609804,-0.37573964497041423,-0.375,-0.5371451803666469,-0.2572952620018827,-1.038598821283307,-0.7048383175297837,-0.07415551890538141,0.16385347459148858,0.0042930738408699645,-0.011180992313067906,0.019421323820848047,0.11015118790496747,0.1531598513011152,0.06635622817229336,0.00250125062531259,0.00048239266763139277,-0.014492753623188246,0.13222602182055046
93,2017-07-01,0.03180861621608688,0.10672614962251203,0.06135195809428784,0.10853262796214992,-0.012358109216747959,-0.14156079854809436,-0.20962915948862093,-0.20962915948862093,-0.2037914691943128,-0.2047619047619048,-0.3321887726583087,-0.7760878749471906,-4.8043010752688176,-3.812191103789127,0.2252424622286733,0.14448815860526132,0.008834425762325404,-0.010600706713780772,-0.0031104199066873672,0.12256809338521404,0.11734364925854268,0.06877729257641918,-0.04291417165668665,0.006268081002893001,-0.014705882352941237,-0.0016539623184236294
94,2017-09-30,0.0873359156133302,0.1397120708748616,0.1340741158553782,0.23999409608619704,0.012248442514630977,0.1579237138830163,0.2290925777216932,0.2290925777216932,0.2380952380952381,0.2335329341317367,0.8720554824823628,2.1264150943396225,1.2589033352176369,-0.4967779730521382,0.09250982714985724,0.035858722027500615,0.025141242937853248,-0.003571428571428559,0.01833073322932921,0.03812824956672456,0.006347374495095481,0.06435137895812071,-0.06882168925964538,0.01054144705318638,-0.0149253731343284,-0.08081826694518479
95,2017-12-30,0.08386199472981648,0.11788254498814575,0.10495623197055616,0.14853095800186478,0.045894350489007696,0.6792445653207555,0.8727832742206458,0.8727832742206458,0.8846153846153846,0.8883495145631068,0.8071665815022995,0.36692818346409184,0.877127127127127,3.192083818393481,0.35497067376410874,0.07255335762623627,0.0297602645356847,-0.008602150537634471,0.05821524320183835,0.05342237061769595,0.028669724770642224,0.06046065259117084,-0.03527435610302354,0.0014224751066855836,-0.015151515151515138,-0.02672204372698061
96,2018-03-31,-0.09658942855597674,-0.09566094152006124,-0.09741743093456368,-0.2285901820568625,-0.09501494304524284,-0.3075668512792633,-0.31113879890356344,-0.31113879890356344,-0.298469387755102,-0.29820051413881754,-0.46523875163468,-3.1125827814569536,2.502466337821624,1.439322410441544,0.6390455058018989,0.012376387793484156,0.06957452502006968,0.0318148951554591,-0.06587043069127763,-0.042789223454833485,-0.04292084726867329,0.057013574660633275,0.0017411491584444776,0.0203598484848484,0.015384615384615332,0.1723027375201287
97,2018-06-30,-0.04980925273876058,-0.10989365873912947,-0.026497772458275115,-0.008643081056874169,-0.0940194517568057,-0.12875999803719518,-0.16661843437997392,-0.16661843437997392,-0.14181818181818184,-0.1428571428571429,-0.04243225380039661,-0.8625217694183211,0.19987058465286234,-1.744990892531876,-0.2904636143722674,0.06316294121172161,0.0883162371778834,0.04975473020322352,-0.07787679194110797,0.13741721854304645,-0.0017472335468842193,0.0625,-0.04634994206257248,0.0199535962877031,0.03030303030303028,-0.10212912087912096
98,2018-09-29,0.04733144901015751,0.13457036480334472,0.10386428059150976,0.31980394814112123,-0.0678735787175182,0.1808880127663568,0.2262349162253668,0.2262349162253668,0.2457627118644068,0.24358974358974386,0.3475289895085587,-1.7603242969343804,-0.2836976176125369,-0.5371332518337408,-0.1894842200744425,0.164195930330872,0.11908045977011494,0.06742323097463276,-0.051260504201680816,0.26346433770014555,0.0933488914819136,0.058823529411764726,-0.10996354799513974,0.019563239308462155,0.044117647058823366,-0.14036563910349575
99,2018-12-29,0.02185795338027208,0.07224815172949395,-0.010638956137026371,-0.0734430886656513,0.10028278906548936,-0.9986596184419714,0.4134513274336282,0.4134513274336282,0.435374149659864,0.43642611683848775,0.3671054653485633,-2.947350883038987,-0.3943312666076174,-4.1129085506767895,0.7277428317832748,-0.079936089861528,0.046014790468364763,0.02126328955597256,0.10717449069973428,-0.02995391705069117,-0.14567769477054415,0.05555555555555537,0.07679180887372028,0.4948683623382419,-0.3098591549295775,0.1573233671471792
100,2019-03-30,-0.08487928095708275,-0.1241372454341466,-0.07696216583863312,-0.13400995539466032,-0.10205951209581654,0.1505159530304827,-0.4209366391184573,-0.4209366391184573,-0.4146919431279621,-0.4114832535885167,-0.5820532034469839,1.2840520191649554,1.1539192746417082,-1.2627001802948352,-0.11065198454356616,-0.10624638215018678,0.007266300078554665,-0.021432945499081483,-0.0795999999999999,-0.1935866983372921,-0.1274203622735791,0.05263157894736836,-0.019017432646592725,0.4668656716417909,-0.3265306122448979,0.011379363370751959
101,2019-06-29,-0.05777519166778755,0.09426329187813144,-0.04385147667889111,-0.043381819732969285,-0.08883430946533155,700.0309278350516,-0.13121702274889713,-0.13121702274889713,-0.10931174089068828,-0.11382113821138208,0.043119677274764616,1.0603835780641293,-0.09006348236412398,-3.4897052886556317,0.3097671848707839,0.1351271785209609,0.016377461493468415,-0.006883604505631968,-0.07257714037375063,0.23416789396170845,0.16034359341445947,0.05273972602739718,-0.032956381260096916,-0.13532763532763534,0.1212121212121211,0.14383457503421027
