Unnamed: 0,Quarter end,Assets,Current Assets,Liabilities,Current Liabilities,Shareholders equity,Revenue,Earnings,Earnings available for common stockholders,EPS basic,EPS diluted,Cash from operating activities,Cash from investing activities,Cash from financing activities,Cash change during period,Cash at end of period,Price,ROE,ROA,Book value of equity per share,P/B ratio,P/E ratio,Cumulative dividends per share,Equity to assets ratio,Net margin,Asset turnover,Current ratio
0,1994-04-30,0.019340831382511192,0.05484755664497132,0.10588404842295973,0.11091470077778487,-0.007858425403193148,0.03453808478297593,0.008573513316307846,0.008573513316307846,0.04615384615384621,-0.1568627450980392,0.9531074713933142,-0.7277019709768248,0.4236978131212723,-0.3929064947029017,0.13241996620541618,-0.06540697674418605,0.09457441513190656,0.09014267185473401,-0.0060975609756097615,0.16836734693877564,-0.058561236623067774,inf,-0.026678932842686298,0.07947019867549665,0.0,-0.05048444671086172
1,1994-07-31,0.019340831382511192,0.05484755664497132,0.10588404842295973,0.11091470077778487,-0.007858425403193148,0.03453808478297593,0.008573513316307846,0.008573513316307846,0.04615384615384621,-0.1568627450980392,0.9531074713933142,-0.7277019709768248,0.4236978131212723,-0.3929064947029017,0.13241996620541618,-0.06540697674418605,0.09457441513190656,0.09014267185473401,-0.0060975609756097615,0.16836734693877564,-0.058561236623067774,inf,-0.026678932842686298,0.07947019867549665,0.0,-0.05048444671086172
2,1994-10-31,0.06584463506046911,0.13919618810855594,0.07619845480778188,0.07555812719996148,0.062217526559840364,-0.01886467317860674,-0.04165913064448057,-0.04165913064448057,-0.5294117647058824,-0.1568627450980392,0.12464101091326828,3.0878141902640786,-0.7959559850304418,2.5462132707959717,0.4146778187332134,0.1601866251944013,0.09457441513190656,0.09014267185473401,0.06134969325153384,0.16836734693877564,-0.058561236623067774,3.0,-0.0035106670267351925,0.07947019867549665,0.0,0.05918367346938758
3,1995-01-31,0.09224627403355967,0.13078676341328865,0.3717132576805979,0.389670940554111,-0.006944060709878297,0.1979774263027021,-0.5170483140412683,-0.5170483140412683,-0.5,-0.1568627450980392,0.21062308478038805,-1.3424268368617684,0.9477142075006844,-0.6179565479547975,0.1119865903441355,0.21179624664879348,0.09457441513190656,0.09014267185473401,-0.01734104046242779,0.14192139737991272,-0.058561236623067774,0.5,-0.09078590785907847,0.07947019867549665,0.0,-0.18628942297941387
4,1995-04-30,0.06352940200300372,-0.02886473591808836,-0.04499596448748988,-0.04227369507710177,0.11673529448133445,0.06992499768511372,2.383743649863228,2.383743649863228,2.1875,-0.1568627450980392,-0.5593711328608393,3.718718036140471,-0.7637385804638088,-2.401792078199776,-0.14117248946359173,0.0652654867256639,0.09457441513190656,0.09014267185473401,0.12941176470588234,0.08221797323135749,-0.058561236623067774,0.16666666666666674,0.05007451564828602,0.07947019867549665,0.0,0.013999667663675773
5,1995-07-31,0.0324106400989268,0.03302365890548575,0.05610210226072265,-0.12467831687303788,0.02247775753918391,0.014625914119632544,0.012395580706009213,0.012395580706009213,0.019607843137254832,-0.1568627450980392,0.9940639560860408,-0.9075626204238921,9.555026769779893,-1.3508389627369797,0.05767026459069635,0.09345794392523343,0.09457441513190656,0.09014267185473401,0.02604166666666674,-0.03180212014134276,-0.058561236623067774,0.2857142857142856,-0.009650865739426641,0.07947019867549665,0.0,0.1801384735138678
6,1995-10-31,0.00047230498055039766,-0.050547583232918636,0.04314392352753616,0.04398488428473568,-0.01800653010834785,-0.08635542982244149,-0.26966804821476104,-0.26966804821476104,-0.2692307692307693,-0.1568627450980392,0.1248359527543932,2.655028660760813,0.4636194555599391,-1.5026915113871635,-0.027409631753629426,0.02089268755935425,0.016371077762619368,0.09014267185473401,0.06091370558375631,-0.0036496350364964014,-0.10072623934322712,0.11111111111111116,-0.018486672398968174,0.004089979550102153,0.0,-0.09053669374435867
7,1996-01-31,-0.02198013856551273,-0.02118403205745123,0.052423076462056566,0.06376155581439935,-0.056206663633982634,-0.01751246722733535,-0.15109074816473156,-0.15109074816473156,-0.10526315789473684,-0.1568627450980392,-0.3004467715773598,1.8687624750499,0.05290923793754088,7.8556425041186175,-0.2495705364811849,-0.2176744186046512,0.09440715883668904,0.09014267185473401,-0.11004784688995206,-0.2637362637362638,-0.2475421348314607,0.2,-0.034895605197838964,0.11541072640868988,-0.02857142857142858,-0.07985342392549055
8,1996-04-30,0.0043828401190124655,-0.016571123006951627,0.006771032055626014,-0.007221317439966791,0.003157790189525889,0.07914574853903056,0.1689665746703466,0.1689665746703466,0.1470588235294117,-0.1568627450980392,-0.4451856974331856,-0.36925676515170336,-0.4654573382584208,-0.3870195102667256,-0.2038590928425041,0.0998810939357908,-0.06704824202780058,-0.08209399167162412,0.005376344086021501,0.23631840796019896,-0.013532431171255244,0.16666666666666674,-0.0013615733736762616,-0.07425441265976862,-0.009803921568627416,-0.009416742719654873
9,1996-07-31,-0.018135367426696303,-0.004294442657935549,0.03149499406075007,0.04895534473972618,-0.0436855178518909,-0.05529751029123653,-0.4415005246589717,-0.4415005246589717,-0.4358974358974359,-0.1568627450980392,2.444020822640956,-0.4603474766576055,0.3284756431308156,-1.5257207890743552,0.13461557142163286,-0.14486486486486486,-0.16958808063102535,-0.186649384316267,-0.037433155080213935,-0.14889336016096566,-0.08183538315988648,0.0714285714285714,-0.025905165883956967,-0.17488494411571345,-0.00990099009900991,-0.05075589430043137
10,1996-10-31,-0.06578759312012372,-0.12250991629501973,0.27936805624102035,-0.08429052480268329,-0.25744579135036705,-0.09396869781350736,-0.4482855800845468,-0.4482855800845468,-0.40909090909090906,-0.1568627450980392,-0.7517297170715092,0.2574098408526793,0.20935262913941388,-3.095829123971713,-0.2486579967980275,-0.2730720606826802,-0.12928759894459094,-0.1840637450199203,-0.2444444444444445,-0.24586288416075666,-0.10922205048943844,0.13333333333333353,-0.20513219284603426,-0.1864541832669323,0.0,-0.04177879737062706
11,1997-01-31,0.03158249906216537,0.03899302047016473,0.06564853430946016,0.09135901162790704,-0.0010087755269416745,-0.013948065531046659,0.02043248765537209,0.02043248765537209,0.0,-0.1568627450980392,2.5936374549819927,2.920575940548072,-1.1138744570309174,-0.20999173667538906,-0.2614546656183412,0.2260869565217392,-0.13090909090909095,-0.1884765625000001,-0.058823529411764726,0.6238244514106583,0.5101214574898787,0.0588235294117645,-0.031696341224809244,-0.18021547502448576,-0.010000000000000007,-0.04797421731123375
12,1997-04-30,0.10378621506481678,0.04711008347073365,0.09518580639452344,0.14466175226907985,0.1125633173791325,0.034463571552773464,-9.801101284832304,-9.801101284832304,-9.846153846153843,-0.1568627450980392,-0.5216063375408624,-0.5834320578130554,-3.8212415856394912,-0.3190237524515145,-0.24107445922177306,0.14609929078014194,-1.7761506276150627,-1.7196149217809868,0.1015625,0.21814671814671804,0.4228265032554577,0.11111111111111116,0.008082440897150933,0.0,-0.040404040404040435,-0.08521133571912187
13,1997-07-31,0.06356843112714428,0.14390279157453167,0.05999618045863886,0.10319090142237997,0.06715713041809934,0.29509850063874143,-1.3381363162385058,-1.3381363162385058,-1.2956521739130435,-0.1568627450980392,0.7398373983739837,0.4115890508354071,-0.04599681866383887,-0.230528,-0.2444245664681129,0.198019801980198,-0.20934411500449235,-0.2625418060200668,0.06382978723404252,0.08874801901743279,0.0,0.049999999999999815,0.0032070555221486163,0.0,0.02105263157894744,0.03689997885388041
14,1997-10-31,-0.015387863454343509,-0.05452643917967026,-0.2005231792668561,0.042809004761829465,0.16935188322419606,0.052558145571591774,0.1749929913092234,0.1749929913092234,0.2058823529411764,-0.1568627450980392,0.34986526001949425,-0.8587941976427924,3.949423370848965,-1.4872328037927307,0.15761717698972189,0.0547520661157026,-0.6829545454545454,-0.6689342403628118,0.2066666666666668,-0.008733624454148492,0.0,0.09523809523809534,0.18761238761238785,0.0,0.04123711340206193,-0.09335168757010304
15,1998-01-31,-0.009624476682262184,-0.12501883884470255,-0.0008407549459359397,0.008778716668942366,-0.015617007814417216,0.12118745953944332,1.821387669402558,1.821387669402558,2.853658536585366,-0.1568627450980392,0.2019496240920869,-11.160335295166755,0.5658179163976307,8.864800273130761,1.23338136853849,-0.0901077375122431,-6.258064516129032,-6.493150684931506,-0.016574585635359185,-0.2466960352422907,0.0,0.04347826086956519,-0.005888290713324418,-0.1254480286738351,0.08910891089108919,-0.13259854917617953
16,1998-04-30,0.10627162860033,0.2887729036535349,-0.022836595807435245,0.11664920521136725,0.1956754840976876,0.029447184783146563,-0.5633826638477801,-0.5633826638477801,-0.6455696202531646,-0.1568627450980392,-0.4575492534676208,-1.679632782741491,-1.7204711703958693,-0.5034436215131168,0.2986293956644361,0.1959095801937567,1.483299250170416,1.6446384039900257,0.1910112359550562,0.2163742690058481,0.013728129205921924,0.08333333333333348,0.08072431883567432,1.4658469945355188,0.06363636363636349,0.1541004862236628
17,1998-07-31,-0.02810676753725294,0.08275208166270764,-0.03911916408476335,-0.039428615037911285,-0.02187461534790136,-0.0030340907876884593,-0.1742397830718575,-0.1742397830718575,-0.1785714285714286,-0.1568627450980392,-0.11960912052117267,1.0646469342424711,-1.7071046410352122,-3.836103850845095,-0.65218297217592,-0.09990999099909993,-0.04227285204501796,0.016030174446016066,-0.009433962264150941,-0.2435897435897436,-0.6261285183218268,0.03846153846153855,0.006420294393987057,-0.018282548476454274,0.042735042735042805,0.12723289518031675
18,1998-10-31,0.0935756587417389,0.11576387950830735,0.0631626115035131,0.06333947115070049,0.11048361621967297,-0.05068635540458,-0.13805882628887745,-0.13805882628887745,-0.13043478260869568,-0.09302325581395343,0.11288293621429625,-0.7462064824428627,-1.1987330635227873,-1.4084195522351382,0.7658172434450026,-0.275,-0.07996560619088555,-0.05800464037122965,0.10000000000000007,-0.26906779661016944,-0.296875,0.07407407407407396,0.015403765364866873,-0.04006772009029347,-0.024590163934426257,0.04928489559974092
19,1999-01-31,0.04729037272939962,-0.0596789680220422,0.015159941949892675,0.017896777085796508,0.06439191579999037,0.06754224565126599,0.3678567541090672,0.3678567541090672,0.30000000000000004,0.3333333333333333,0.9591076831011668,-4.272624211356467,1.2220648131751368,2.9874240327336183,1.7293058455114825,0.336551724137931,-0.3277258566978194,-0.30935960591133016,-0.1558441558441559,0.21449275362318845,0.34545454545454546,0.034482758620689724,0.016395954642966615,-0.2798353909465021,-0.03361344537815125,-0.07622530395136773
20,1999-04-30,0.34072032939555563,0.38664207117154903,0.2227834014595416,0.21646034741082645,0.4005892552179071,0.030632583467709917,-1.6821310627461905,-1.6821310627461905,-1.5576923076923077,-1.5576923076923077,-1.1989376866684769,-3.717358234806838,9.26338858782276,-1.4950276910075906,-0.07573120942373335,-0.1114551083591332,-0.5412418906394809,-0.5299572039942939,0.4000000000000001,0.054892601431980825,0.397897897897898,0.06666666666666665,0.0446253580581939,-0.4791836734693877,-0.10434782608695647,0.13988997994961694
21,1999-07-31,-0.0021197577112636035,0.02910990975992012,-0.0058561002502756105,-0.004241634750879353,-0.0004638463567118167,0.04106925756262213,-1.022690153989734,-1.022690153989734,-1.0344827586206895,-1.0344827586206895,-2.075833830930649,-0.8078583741180253,-0.9700430950809488,-0.6830569442750885,-0.10755535785406524,-0.2195121951219512,-0.5040404040404041,-0.4946889226100152,-0.03296703296703296,-0.4434389140271493,0.3748657357679914,0.03125,0.0017318516380431248,-0.4514106583072099,-0.07766990291262144,0.0335107342594263
22,1999-10-31,0.01785154520570975,-0.07612028292714801,0.024248975395405825,0.027725496905922853,0.01503156084561641,-0.004301658084702732,2.5809768637532136,2.5809768637532136,1.0,1.0,1.0413891531874406,-0.4437777649570184,0.31415241057542764,-1.512407425218813,0.061754154133268464,-0.1860119047619048,-0.6680244399185336,-0.6636636636636637,0.0037878787878786735,-0.1585365853658537,0.3566406249999998,0.06060606060606055,-0.002881429188877682,-0.6457142857142857,-0.05263157894736836,-0.10102552912939122
23,2000-01-31,-0.03975997333037007,-0.08192727266604594,0.04856668465687397,0.03842338561429548,-0.07904788408491792,0.0898392652123996,17.0689160086145,17.0689160086145,19.5,18.5,1.9771615008156609,2.629654600145213,-16.733530571992112,-7.996996715157202,-0.4069620184067164,0.1864716636197441,-0.05521472392638027,-0.0535714285714286,-0.08301886792452817,0.1835748792270533,1.875035991937806,0.02857142857142869,-0.04089004479121528,-0.032258064516129004,-0.022222222222222254,-0.1159223300970874
24,2000-04-30,-0.10353610499423582,-0.2028999062830692,-0.06784645293695313,-0.06848212377084227,-0.12161069502024745,0.014090071108770141,0.0173222089789431,0.0173222089789431,0.048780487804878085,0.0512820512820511,-0.4976908023483366,-2.090488233529084,0.4146849026564203,-0.9560312797607072,-0.03017277086919301,0.6671802773497688,4.616883116883116,4.518867924528302,-0.06584362139917699,0.8163265306122449,2.33420130195293,0.05555555555555558,-0.020186803253992136,4.158333333333333,0.06818181818181812,-0.14430046123435092
25,2000-07-31,0.03789472390073589,0.08934808317956122,0.1446337380245628,0.14790472195031001,-0.01947063904750568,0.013079358256204987,-0.189525892368976,-0.189525892368976,-0.16279069767441867,-0.14634146341463414,0.3948106591865357,-1.43187893081761,-0.6845136821210832,3.8090298962782185,-0.14961608913945126,-0.29297597042513857,0.4635838150289018,0.4205128205128204,-0.008810572687224627,-0.2426966292134831,-0.8892526733149105,0.026315789473684292,-0.05519680196801957,0.3505654281098545,0.05319148936170226,-0.05101386036960976
26,2000-10-31,-0.01689630991414437,-0.01885485332415271,0.009079568359471102,0.009202281516096143,-0.05966049287520814,-0.01945193370165743,-0.10803257360381636,-0.10803257360381636,-0.08333333333333326,-0.08571428571428563,-0.32342699662961105,-1.3308455447346863,-0.04887365878321448,-1.3997081958893682,0.07032444558533024,-0.18823529411764706,0.3309636650868881,0.2767749699157642,-0.039999999999999925,-0.18100890207715148,-0.4241931109302956,0.0512820512820511,-0.04344995931651763,0.20813397129186612,0.06060606060606055,-0.027790925688011447
27,2001-01-31,-0.026730719181053183,0.057668793538443015,0.02043171513743447,0.033517599138304544,-0.057664672008987276,0.1940373857894333,0.532224082977689,0.532224082977689,0.5454545454545454,0.59375,0.8599658721858314,0.31416781292984863,0.8603449294194081,2.252023488335185,0.21367049009384773,0.20772946859903385,0.1091988130563799,0.06691800188501418,-0.0092592592592593,0.2572463768115945,-0.03862458784738576,0.024390243902439046,-0.03181354202109553,-0.013861386138613985,0.08571428571428563,0.02336903602726404
28,2001-04-30,-0.037960579826408665,-0.07373387255989461,-0.0227977357432092,-0.022880211312527488,-0.04844520246957629,-0.07231517274704036,-0.01632408419419662,-0.01632408419419662,0.019607843137254832,-0.019607843137254943,-0.36257768570583015,0.28162724164398845,-0.17609334074132865,-0.6780537797081645,0.056679640178364236,0.07600000000000008,0.07383627608346699,0.035335689045936425,-0.05140186915887869,0.08645533141210371,-0.005389514943655027,0.04761904761904767,-0.010894394658232498,0.0,0.035087719298245716,-0.05205926328666577
29,2001-07-31,0.06861443116423205,0.14196627509921034,0.09771559266033747,0.09973549757411736,0.05025319783724469,-0.05851713192805408,-0.31279569892473114,-0.31279569892473114,-0.326923076923077,-0.31999999999999995,0.2354156510434804,-4.120596722382533,-1.0138915648722593,-1.6002728512960438,-0.0321982632451947,0.07311028500619576,0.0154459392127555,-0.011945392491467529,0.04433497536945818,0.13262599469496014,0.01576354679802949,0.02272727272727271,-0.017232190442352024,-0.02108433734939752,0.008474576271186418,0.03842844852308569
30,2001-10-31,0.02740433710333124,-0.06946480867881978,0.005955808512828176,0.005838679650180811,0.0700173710126124,-0.06484699170124486,0.11985604756689085,0.11985604756689085,0.11428571428571432,0.11764705882352945,-0.3763200420910219,-0.17265684974527185,5.6768377253814135,1.1297979797979796,-0.07085727727929557,-0.012702078521939941,0.02944062806673209,0.02417962003454233,0.05660377358490565,-0.05620608899297408,-0.006789524733268659,0.04444444444444429,0.04139551699204613,0.036923076923076836,-0.01680672268907568,-0.07484120408726858
31,2002-01-31,0.05775030386568725,0.16598187348661386,0.03182328508774357,0.026992953902507333,0.07682417490758843,0.17414273631081967,0.01387918587862691,0.01387918587862691,-0.4871794871794871,-0.5,1.430478141664909,0.3537958667229017,1.7700457000415457,-4.1049324164097705,0.23678499737779626,0.09239766081871337,-0.10200190657769292,-0.09443507588532883,0.03125,0.03473945409429269,0.0546875,0.021276595744680767,0.018052421454608725,-0.05736894164193863,-0.034188034188034185,0.13529850746268668
32,2002-04-30,0.03012596903519782,-0.18142479649564613,-0.1217752525929301,-0.12287299912856033,0.13720589291044627,-0.09725863467094953,-0.1896274518811153,-0.1896274518811153,-0.20000000000000007,-0.21052631578947367,-0.8115284492376348,0.2034207205944203,2.3512560929883763,-1.5580631611104747,-0.10684232459186582,0.08244111349036397,-0.18365180467091305,-0.15176908752327745,0.1341991341991342,0.050359712230215736,0.1699074074074074,0.04166666666666674,0.10400682011935204,-0.09758656873032534,-0.061946902654867124,-0.0667849865246829
33,2002-07-31,-0.012509264428574364,0.014753991810559697,0.0031096273329833672,0.002857511965254523,-0.02101209591005071,-0.07816785637975465,-0.33337112408593617,-0.33337112408593617,-0.375,-0.3333333333333333,0.4476453564851355,-1.2157631769700736,-1.644095862516503,-1.9985630217599564,0.11945124297068775,-0.27695351137487634,-0.14564369310793246,-0.115257958287596,-0.003816793893129833,-0.363013698630137,-0.17332805698456666,0.02000000000000001,-0.008648648648648559,-0.07325581395348835,-0.04716981132075471,0.011903923364091185
34,2002-10-31,-0.019081657774166042,-0.06758614799948759,-0.04183918396402919,-0.04206884494704588,-0.006387336646919818,-0.10737886764963267,-1.3324829931972788,-1.3324829931972788,-1.3,-1.3,-0.7286687869150386,-1.4453776471294018,-0.9842273485269596,-1.1451380799013229,-0.015486984498391362,-0.15321477428180566,-0.3759512937595129,-0.3573200992555832,-0.011494252873563092,-0.15053763440860213,-0.059358544758257636,0.03921568627450989,0.012930362984888477,-0.328732747804266,-0.03960396039603964,-0.026660169845468484
35,2003-01-31,-0.01869548076869687,0.02955642465264097,-0.0016383136799191784,-0.0073418053861251656,-0.02787061911747879,0.03611533590177052,-2.6401534526854222,-2.6401534526854222,-2.666666666666667,-3.0,6.208305425318153,-1.4031519396551724,42.95594713656389,-15.555712936732766,0.3842411728881032,0.14862681744749584,-0.3365853658536586,-0.3223938223938224,-0.019379844961240456,0.16455696202531622,0.7648854961832061,0.018867924528301886,-0.00922792986773302,-0.2766355140186916,-0.061855670103092675,0.03718801401702043
36,2003-04-30,-0.01265998981497196,-0.03066730125969685,-0.004188371782395507,0.0007644470821990268,-0.017339882784500604,0.0779987315616113,0.1707469203181038,0.1707469203181038,0.4000000000000001,0.16666666666666674,-0.5983553242891656,-3.4406949548947545,-0.0985668470635398,-1.2249180965973596,-0.037204161457690565,0.049226441631504914,-0.3051470588235293,-0.3048433048433048,-0.011857707509881354,0.06884057971014501,0.5366205305651672,0.03703703703703698,-0.004812170133498883,-0.3023255813953488,-0.01098901098901095,-0.03144177066813758
37,2003-07-31,0.05003077494403785,0.13587002659214442,0.0707928143712575,0.07119075628897886,0.03840790362893287,0.004455177780097408,3.342301545018646,3.342301545018646,3.1428571428571423,3.1428571428571423,0.750722961249277,-3.8168377823408624,-0.28378453499360723,-6.7659359676954125,0.22280612785118392,0.04155495978552271,0.9656084656084658,0.9549180327868853,0.040000000000000036,0.05423728813559303,0.4580596734847064,0.017857142857142568,-0.0110747153330214,0.9555555555555556,0.0,0.06043995159108695
38,2003-10-31,0.02042870257271745,0.06082886755369544,0.009096548679956571,0.008602299362424848,0.026970443561785903,0.10465978602300363,-0.3066069566284277,-0.3066069566284277,-0.31034482758620685,-0.31034482758620685,0.7524281466798809,-2.56786703601108,-0.26521266687364176,-0.617668392486431,0.06966421175441151,0.10167310167310184,0.613728129205922,0.6079664570230611,0.015384615384615332,0.05787781350482324,-0.4350064350064351,0.035087719298245716,0.0064668769716087465,0.5378787878787878,0.04444444444444429,0.05175886143931252
39,2004-01-31,0.08807181641970496,0.1372437758842291,0.1689858190824669,0.14829421381096153,0.0421753402426881,0.26275324764177155,1.5479961072281694,1.5479961072281694,1.6,1.3499999999999996,1.2523281680051277,0.2399107308908313,2.8164149149677837,2.1099699071045404,0.2025435643986196,0.3422897196261683,0.7022518765638031,0.6779661016949152,0.06439393939393945,0.3221884498480241,-0.15580865603644636,0.016949152542372836,-0.04215640181789693,0.5566502463054189,0.08510638297872353,-0.009638092806535936
40,2004-04-30,-0.02640685831137679,-0.053593792904837456,-0.10730259382024032,-0.08989093894347422,0.025062616324803774,0.00868917408824621,-0.2620659722222223,-0.2620659722222223,-0.2692307692307693,-0.2340425531914893,-0.5382960737213021,-1.43872806359682,0.3119568225851093,-0.5393676770651465,0.07758397726829848,0.3037423846823324,0.2493875551200393,0.2509712509712509,0.0,0.2252873563218392,-0.21505666486778208,0.03333333333333344,0.05284685863874339,0.18275316455696172,0.058823529411764726,0.039894302655323344
41,2004-07-31,0.05968494395637691,0.13650766130672998,0.09987623096378416,0.0997114075376584,0.037415473076144456,-0.06142824531012904,-0.0785789907069756,-0.0785789907069756,-0.10526315789473684,-0.13888888888888884,0.5134057248518029,-2.5042735042735043,-0.6862724415096728,0.9099461138003472,0.13751245285996586,0.23230974632843804,0.009019607843137043,0.00745341614906847,0.017793594306049654,0.2326454033771108,-0.03850120316259886,0.016129032258064502,-0.0211344211344211,-0.02140468227424741,0.0277777777777779,0.033467616981716734
42,2004-10-31,0.03118049639510345,0.08579816719411326,0.05280925784297818,0.057894572902930985,0.01847473395203192,0.07361094220575293,0.8912294140176178,0.8912294140176178,-0.029411764705882363,-0.03225806451612912,0.08738201331991767,-3.7106060606060614,8.177862954744134,-0.25456675592960976,0.09011448936471544,0.204225352112676,0.2790516906335019,0.2712700369913685,0.02447552447552459,0.182648401826484,0.18627100464783708,0.03174603174603185,-0.01222416256548664,0.2433356117566643,0.01801801801801784,0.02638680659670168
43,2005-01-31,0.05551751319392273,0.1208237756623467,0.2085782281478004,0.1715396166416394,-0.0374288184078494,0.18655841256938024,-0.11208316457405154,-0.11208316457405154,-0.12121212121212133,-0.1333333333333333,0.5830313178157944,0.5781162660704304,-0.12815421587878428,3.506719697212689,0.3725487076691377,0.4705353126405756,0.027651169857186183,0.007759456838021483,-0.030716723549488182,0.4362934362934363,0.13230861965039176,0.015384615384615332,-0.08807457409193176,-0.01319406267179779,0.02654867256637173,-0.04329535495179671
44,2005-04-30,0.03099358783544792,0.01907528424898031,-0.055273351331441734,-0.08496485628356243,0.09676767302701217,-0.0029088458676699287,0.15676316749787134,0.15676316749787134,0.13793103448275867,0.1923076923076923,-0.5593990508399093,-1.2194633843974143,-0.6896203978385282,-0.9969823352739384,0.0008190799259737425,-0.044356072193331264,0.1203429923122412,0.1029836381135707,0.09507042253521124,-0.01433691756272404,-0.07080117114719198,0.015151515151515138,0.06379978850898849,0.10083565459610022,0.0,0.11371686820569192
45,2005-07-31,0.003640439706013465,0.011673005234025036,0.005993821950498468,-0.004108491645685497,0.0020948492594869968,0.05030708016186125,-0.010252635453087631,-0.010252635453087631,0.0,-0.03225806451612912,0.7843707061294756,1.2653324725629438,1.5896352855170175,-93.95990566037734,-0.07607927763773026,0.14756722151088364,0.1200844550013196,0.1086387434554974,0.003215434083601254,0.0481818181818181,0.002005156115726159,0.0,-0.0014910536779324526,0.06477732793522263,0.0431034482758621,0.01579293704759821
46,2005-10-31,0.09200248415252844,0.06671877520130033,0.09351549790039426,0.06508314085105904,0.09100494187678998,0.014150741050554359,0.2555047942840447,0.2555047942840447,0.2424242424242422,0.26666666666666683,0.1052123808427965,1.2976275292106014,-0.1276517884215259,1.2271977673474566,-0.1833962516425961,0.12357043235704325,0.03133836003770018,0.02361275088547821,0.08012820512820508,0.11968777103209027,-0.015723270440251458,0.0,-0.0009955201592832807,0.012832699619771848,0.008264462809917328,0.0015655366011659846
47,2006-01-31,0.054369613576016114,-0.14083271883933912,0.10899503045598302,0.0938170958282174,0.018271756180985532,0.10197429295038883,-0.1221743867480457,-0.1221743867480457,-0.09756097560975607,-0.10526315789473684,-0.08676362238523883,-0.007162901750414784,0.07378287029268638,0.1815686051147692,-0.26524388683937183,0.07174776564051633,0.00479780671692942,0.009227220299884651,0.020771513353115667,-0.007745933384972869,0.0031948881789136685,0.0,-0.034213585783092415,0.01313937118723607,0.0,-0.21452056271222966
48,2006-04-30,0.057907113462668976,0.06524976309733321,0.04179104477611939,0.025843361609785058,0.06950587640591421,0.04597742512025138,-0.4155711135479051,-0.4155711135479051,-0.4324324324324325,-0.4117647058823529,-0.20900783976708706,-0.1895310523603541,-0.8147114633329613,-0.7117349890092939,-0.10410863509749302,-0.0859393097058142,-0.12369258753979084,-0.12914285714285725,0.06104651162790686,-0.10460577673692427,-0.14099594672843074,0.0,0.011006018916595028,-0.1301528485409913,0.0,0.0384272284361491
49,2006-07-31,0.02493748263406492,0.062269665777100025,-0.021574245744142902,-0.04461538461538461,0.05754460593170262,0.031192660550458662,0.7896907216494846,0.7896907216494846,0.8095238095238095,0.7999999999999998,0.8037694013303769,-1.888246628131021,3.433734939759036,-7.080267558528428,0.7065682083171396,-0.09351241763811446,-0.018941359626362345,-0.016622922134733153,0.0602739726027397,-0.14559721011333915,-0.011796427367711582,0.0,0.03180813063446175,-0.009052183173588912,-0.008196721311475419,0.11187471089671576
50,2006-10-31,0.08458149779735691,0.1587510467759301,0.03307493540051687,0.03099838969404178,0.11798882681564238,0.016014234875444844,-0.3317972350230415,-0.3317972350230415,-0.3421052631578947,-0.33333333333333337,-0.18315918869084197,-1.7245119305856833,-1.1345108695652173,-0.5830583058305829,0.1726258255522659,-0.03885937936818562,-0.1727056334303093,-0.1632562277580072,0.1188630490956073,-0.09387755102040818,-0.08390177353342433,0.0,0.030827563468512894,-0.15636754433100475,-0.008264462809917328,0.12391536907167475
51,2007-01-31,0.12322689495719552,-0.2289902952715259,0.1380690345172586,0.12104646622413127,0.1143314011593044,-0.6042031523642732,1.3379310344827586,1.3379310344827586,1.44,1.166666666666667,0.4356659142212189,-0.4101796407185628,-0.98989898989899,0.992084432717678,0.2932608273451156,0.1515415939499709,0.09047314578005117,0.10792131844763443,0.1131639722863742,0.02927927927927932,0.29300074460163805,0.0,-0.007996161842315663,0.3751592356687897,-0.19166666666666665,-0.3122521283908837
52,2007-04-30,0.10675938803894304,0.8539100160685591,0.0918681318681318,0.018808777429467183,0.11587443946188335,1.8130530973451329,-0.38569321533923306,-0.38569321533923306,-0.4098360655737705,-0.3461538461538461,0.004192872117400492,1.4492385786802031,-1.0,-0.3615894039735099,0.14476648145367174,0.03409952008082828,0.0023453532688360035,0.017274472168905985,0.1161825726141077,-0.07111597374179435,-0.10682407140800454,0.0,0.008221828147670474,0.05558128763316339,-0.04123711340206182,0.8196986006458555
53,2007-07-31,-0.05594651653764959,-0.08638497652582157,0.027106816961889324,0.02136752136752129,-0.10569040347211056,0.03401494298073149,0.099639855942377,0.099639855942377,0.11111111111111116,0.11764705882352945,-0.28705636743215035,-2.2124352331606216,-inf,-0.8692946058091287,0.016528925619834656,0.0906204201270151,-0.03597543141269366,-0.04292452830188676,-0.1003717472118959,-0.022379269729092988,-0.014184397163120588,0.0,-0.052606331947553486,-0.03290917068889854,-0.010752688172043001,-0.10550555625977087
54,2007-10-31,0.06011394494435862,0.043797928690014976,0.061144499608048124,0.01774058577405868,0.059405050777388224,0.023768777334094,-0.07423580786026196,-0.07423580786026196,-0.07500000000000008,-0.07894736842105265,0.18081991215226934,-1.41025641025641,-0.7451305428926647,3.238095238095238,0.06891211769260552,0.021948488241881448,0.031553398058252524,0.01774273040906849,0.05578512396694224,0.13614457831325288,0.008175277959450609,0.0,-0.0006751054852321968,0.022686025408348298,0.0,0.02560226735947091
55,2008-01-31,0.10944249121044702,0.12232068469287286,0.20462940162521548,0.2275941456997204,0.04385816084153382,0.11255572065378903,0.13797169811320753,0.13797169811320753,0.1351351351351351,0.14285714285714302,0.35771853688778665,0.2124999999999999,0.18536585365853653,0.6779026217228465,0.10817336713751048,-0.0010957703265396246,-0.12088235294117655,-0.14479418886198536,0.04500978473581197,-0.054082714740190885,-0.07006162828413875,0.0,-0.05911163654788033,-0.2724046140195208,0.17391304347826098,-0.08575902726602791
56,2008-04-30,-0.031191996016116663,-0.0394115265217978,0.02677841373671308,-0.016075016744809156,-0.07728565623730188,-0.00033388981636062187,-0.01968911917098448,-0.01968911917098448,0.0,0.024999999999999908,-0.15388127853881284,-0.7336769759450172,1.4869684499314133,-1.0982142857142858,-0.009587100991393371,-0.21171566476524795,0.055871528939444685,0.013023782559456354,-0.05056179775280889,-0.24551569506726456,-0.14754098360655746,0.0,-0.04756776162268905,-0.009146341463414642,0.0185185185185186,-0.023727959697733114
57,2008-07-31,0.14182242990654206,-0.014683153013910322,0.17818037029663558,0.18311776718856354,0.10965298573190063,0.03456913827655317,-0.050739957716701915,-0.050739957716701915,-0.04761904761904756,-0.04878048780487798,0.16028062601187254,17.65806451612903,-1.5228902371759516,-3.3295454545454546,0.022549774502254927,0.02115224046757569,-0.035171102661596954,-0.06931246506428168,0.10453648915187363,0.07578008915304603,-0.0253682487725041,0.0,-0.028269883151149644,-0.04492307692307696,-0.027272727272727337,-0.167191289540224
58,2008-10-31,-0.02856558215674243,-0.06566844919786098,-0.17742480567759378,-0.23555811277330266,0.11127867291054838,-0.02001614205004032,0.1636971046770601,0.1636971046770601,0.1499999999999999,0.15384615384615374,-0.5013953488372094,-0.4547026279391425,-1.8122362869198312,-7.4975609756097565,-0.1432874354561101,-0.1954210956663941,0.007224958949096916,0.01021021021021018,0.10535714285714293,-0.2720994475138122,-0.20025188916876568,0.0,0.14391000775795204,0.02448453608247414,-0.009345794392523366,0.2222566453931472
59,2009-01-31,0.01980031174958929,0.05921855921855922,0.14009860312243227,0.2044257112750263,-0.06385258195843158,-0.19321363860978424,-2.0076555023923444,-2.0076555023923444,-2.0217391304347823,-2.0444444444444443,-0.19402985074626866,-0.9004438807863031,-1.6376623376623378,-1.90990990990991,0.1521848317428427,-0.36890243902439024,-0.5311379197913271,-0.5344827586206897,-0.06462035541195478,-0.42884250474383295,-0.4073490813648295,0.0,-0.0818921668362157,-0.5012578616352201,-0.0660377358490567,-0.12055155632160595
60,2009-04-30,-0.062461271533027614,-0.061815561959654215,-0.15225225225225225,-0.1478565179352581,0.013580529488059769,-0.13066557778685173,-0.6951566951566952,-0.6951566951566952,-0.7021276595744681,-0.7021276595744681,-0.6851851851851851,1.4522292993630574,-1.5010183299389002,-1.3061056105610558,-0.04043156059285091,-0.14868491680085882,-0.7016689847009736,-0.6947637292464879,0.005181347150259086,-0.08970099667774067,0.8007085916740477,0.0,0.08107109879963081,-0.6645649432534678,-0.09090909090909084,0.10093382522480976
61,2009-07-31,0.0183300286406698,-0.02680079864844109,-0.015940488841657774,-0.0294807861542975,0.04260444109898387,-0.02559887271019257,-1.3271028037383177,-1.3271028037383177,-1.3571428571428572,-1.3571428571428572,0.7389705882352942,6.2285714285714295,-1.6747967479674797,4.714285714285714,-0.2407722884724588,0.25094577553593944,-1.3846153846153846,-1.401673640167364,0.03608247422680422,0.24452554744525545,3.2429906542056077,0.0,0.02374444824051936,0.0,-0.07777777777777782,0.00277501439865957
62,2009-10-31,0.0018605858682012586,0.015623767063836613,-0.04568034557235423,-0.051987305425419406,0.033643780232474274,0.004820438659917993,1.8095238095238089,1.8095238095238089,1.6,1.6,-0.012684989429175508,-0.9917355371900828,-1.9638554216867468,-1.1415094339622642,0.04487658937920713,0.2308467741935485,3.3272727272727267,3.354166666666667,0.03316749585406309,0.18768328445747784,0.0,0.0,0.031703654263307124,0.0,-0.09638554216867468,0.07132414369256468
63,2010-01-31,0.056923209812559376,0.07186698780203549,0.10184451737014832,0.12227004622987404,0.02919606062722635,0.09402734468697528,0.6983050847457628,0.6983050847457628,0.6153846153846152,0.5384615384615385,1.6895074946466808,-16.695652173913047,0.33125000000000004,3.673333333333333,0.2007158196134573,0.04709254709254696,-1.5784313725490198,-1.5933014354066986,0.0321027287319422,0.012345679012345734,0.0,0.0,-0.026200873362445358,0.2706766917293233,-0.026666666666666727,-0.04488741592747837
64,2010-04-30,0.0222703497875123,0.010437808060307365,0.014275444181986341,0.00994318181818188,0.027553444180522524,0.0405612804209603,-0.26347305389221554,-0.26347305389221554,-0.23809523809523805,-0.20000000000000007,0.10748407643312108,-1.4570637119113574,0.06103286384976525,-0.2910128388017118,0.11851675211637056,0.12788423934298,1.11864406779661,1.1411290322580645,0.026438569206842955,0.09512195121951228,0.3931138418734059,0.0,0.005148646404251833,1.1331360946745566,0.013698630136986356,0.0004592539674439512
65,2010-07-31,0.009313666706639578,0.016786226685796324,0.011745646010530521,0.017018284106891768,0.007727362789776038,-0.0037926675094817055,0.6233062330623307,0.6233062330623307,0.625,0.5625,-0.19841840402588065,7.1030303030303035,1.9424778761061945,-1.892354124748491,-0.09391322886685848,0.02184466019417464,0.3565714285714288,0.35781544256120523,0.01666666666666661,-0.004454342984409943,-0.5458933177997836,0.0,-0.0014871116986120425,0.3439667128987518,0.0,-0.0002040191778026612
66,2010-10-31,0.02221782178217824,0.037674615493156434,0.025820656525220143,0.016042041211450808,0.01985843491938666,0.008248730964466988,-0.10517529215358934,-0.10517529215358934,-0.07692307692307697,-0.07999999999999996,0.02511210762331828,-0.8578908002991773,-0.4195488721804511,-1.6392333709131903,0.0638823529411765,0.07838479809976251,0.11288963774220727,0.10679611650485432,0.019374068554396384,0.06040268456375841,-0.2129375114531794,0.0,-0.0023167301009431322,0.10010319917440658,0.0135135135135136,0.02127333945515764
67,2011-01-31,0.08000464918058192,0.16555615991297246,0.14956097560975598,0.18388457873962166,0.03418803418803429,0.1069855254877281,0.14925373134328354,0.14925373134328354,0.12500000000000022,0.13043478260869554,0.5389326334208224,-2.4157894736842103,-0.1787564766839378,2.0123456790123457,0.18887537321685288,0.19257394587791046,0.034822104466313286,0.022556390977443767,0.032163742690058506,0.1687763713080168,0.05052386495925476,0.0,-0.04246143639077782,0.01876172607879933,0.0,-0.0154852889754733
68,2011-04-30,0.041110632802410674,0.010558245347955351,-0.02316897224815417,-0.057829386065762274,0.08817498291182503,0.0011370096645821892,0.125,0.125,0.11111111111111094,0.1153846153846152,-0.2700397953382604,-6.676579925650557,-2.347003154574133,-0.9045667447306792,0.015161380336712769,0.1084432717678101,0.10972933430870536,0.11029411764705864,0.07365439093484416,0.07400722021660644,0.034574468085106336,0.0,0.04521046249783467,0.12246777163904232,-0.013333333333333308,0.07260642346136281
69,2011-07-31,0.024636482668320525,0.026783652736088737,0.029192006950477856,0.009273947528981141,0.02164230242119692,0.03407155025553665,0.02741702741702734,0.02741702741702734,0.03333333333333344,0.034482758620689724,0.02959501557632405,-0.8552717747216765,-2.6159250585480094,1.460122699386503,0.036741799523547725,-0.04379909545346339,0.005273566249176076,0.0044150110375276155,0.0316622691292876,-0.10924369747899164,-0.1645244215938303,0.0,-0.0029830957905204736,0.009023789991796649,0.0,0.017313150425733115
70,2011-10-31,0.0105256078286311,-0.04508657521924897,-0.005993584332264046,-0.016322089227421066,0.02146330557263432,0.004210140948196939,0.0224719101123596,0.0224719101123596,0.032258064516129004,0.06666666666666665,0.041603630862329766,4.352941176470588,-0.3028985507246377,-1.7032418952618449,-0.02492266902342022,-0.2626338063231267,0.03344262295081957,0.03516483516483526,0.03069053708439906,-0.2849056603773584,-0.29666666666666663,0.0,0.010970744680850908,0.03902439024390248,0.0,-0.029201153166558025
71,2012-01-31,0.07414309484193016,0.11615448016013195,0.14216560509554133,0.17268928220255653,0.0303146374829002,0.07983959168793286,-0.01098901098901095,-0.01098901098901095,0.0,-0.03125,0.27233115468409586,-0.3474218089602705,-0.05613305613305608,-2.900709219858157,0.04858152814284411,0.12086428089128964,-0.0012690355329947336,0.0,0.024813895781637733,0.0870712401055409,0.034633612832664966,0.0,-0.04094048010522844,0.0078247261345854,-0.013513513513513488,-0.048232589328479736
72,2012-04-30,0.02763492161843973,0.008544754470172444,-0.05442783850100375,-0.08238130175034064,0.08624993361304377,-0.00641458474004053,0.09583333333333344,0.09583333333333344,0.09375,0.09677419354838723,-0.2049086757990868,2.7176165803108807,-2.4030837004405283,-2.5373134328358207,-0.07122482496326388,0.17831325301204792,-0.0069885641677256425,0.0,0.07748184019370474,0.15048543689320382,0.13002114164904865,0.0,0.05708897651294365,0.006211180124223503,0.0,0.09908912485531672
73,2012-07-31,0.017757009345794383,-0.004916060875477246,0.041597861130769916,0.02958309537407189,0.002933554979709596,-0.03380903839619431,-0.1812420785804816,-0.1812420785804816,-0.19999999999999984,-0.17647058823529405,-0.2311557788944724,-0.4275261324041811,-2.3673469387755097,0.7512135922330097,-0.13429502093997206,-0.10787321063394684,-0.055022392834292985,-0.05307855626326974,0.015730337078651457,-0.1729957805907173,-0.1431244153414406,0.0,-0.014596172559195653,-0.03240740740740722,-0.0273972602739726,-0.03351648351648373
74,2012-10-31,0.01578838235729729,-0.09360382614179852,0.0654537218783029,0.09307743510095401,-0.016282357529371568,-0.03639880429048703,-0.5448916408668731,-0.5448916408668731,-0.5357142857142858,-0.5357142857142858,0.4668534080298785,0.6993304930006086,-1.2284730195177955,-0.2848232848232848,-0.1109438830359063,-0.08452722063037242,-0.1706161137440758,-0.17713004484304928,-0.006637168141592764,-0.09948979591836736,-0.06986899563318782,0.0,-0.03159973666886107,-0.14992025518341312,-0.02816901408450712,-0.17078832670077693
75,2013-01-31,0.2563863291729849,0.4799953612431869,0.6050449939771843,0.05927128793260938,0.01253778680806783,0.10748175182481744,1.5340136054421767,1.5340136054421767,1.5384615384615383,1.4615384615384617,-0.00954805856142582,-1.298352435530086,26.38190954773869,-8.608527131782946,0.9494558645707376,0.09890453834115798,-0.009795918367346834,-0.0653950953678476,0.007795100222717233,0.10764872521246473,0.295774647887324,0.0,-0.19408565601631544,0.0037523452157597337,-0.0724637681159419,0.3971890533051477
76,2013-04-30,-0.0043403583696963715,-0.016180849396646324,-0.026487727352993096,-0.061224489795918324,0.02021339075959272,-0.060141703740319685,-0.2536912751677852,-0.2536912751677852,-0.2424242424242425,-0.25,0.4402313624678664,-2.581032412965186,-1.092126995779042,-0.9444727457972492,0.02704379109291644,0.09569923098832243,-0.09810387469084923,-0.15160349854227395,0.02430939226519336,0.08695652173913038,0.08544685990338174,0.0,0.02467313369886126,-0.08691588785046732,-0.0625,0.04800654262931904
77,2013-07-31,-0.01547893792106669,-0.02970809605352232,-0.014964629058588754,-0.02439273321085933,-0.016023027104821286,-0.015252454417952309,0.10971223021582732,0.10971223021582732,0.1200000000000001,0.12500000000000022,-0.7086122266845158,0.6233864844343204,1.1235059760956174,-6.844036697247707,-0.15388331924145424,-0.04756953470236547,-0.013711151736745864,-0.06529209621993137,-0.007551240560949356,-0.07058823529411762,0.05062586926286517,0.0,-0.0004116073266103859,-0.010235414534288669,-0.06666666666666654,-0.005462561941550481
78,2013-10-31,0.023251959368266517,0.03340857787810392,-0.005800570849829656,-0.00815984935662728,0.0540197942567402,-0.011572013530354308,-0.06645056726094001,-0.06645056726094001,-0.07142857142857151,-0.07407407407407418,0.38744257274119454,-0.8222637979420019,-1.1941838649155725,-1.2841444270015698,0.05167737330478239,0.05049126637554592,0.10843373493975904,0.06985294117647077,0.04130434782608705,0.05822784810126569,0.06142441090812811,0.0,0.030059707638459887,0.12409513960703222,-0.0357142857142857,0.04190042763545043
79,2014-01-31,0.06328821011222963,0.12593828190158465,0.08052417114280419,0.13015504693597713,0.04607058605855952,0.05655619596541794,-0.06423611111111116,-0.06423611111111116,-0.11538461538461542,-0.040000000000000036,1.0253863134657837,-5.9868421052631575,-0.5362318840579711,4.2430939226519335,0.2576354011130717,0.22473369706417248,-0.10618729096989964,-0.09793814432989698,0.03862212943632559,0.17703349282296665,0.08880019955101015,0.0,-0.01619028582850279,-0.07451701931922727,-0.03703703703703709,-0.003727830703769253
80,2014-04-30,0.011664853101196915,-0.08631393298059964,0.011313477608742241,0.04405039664022392,0.012027415432235287,0.010057961131946902,-0.4749536178107606,-0.4749536178107606,-0.4782608695652174,-0.5,0.19182561307901905,-3.22532981530343,-5.197916666666667,-1.6412012644889358,-0.13135456017269298,0.0971574034789986,-0.13938260056127216,-0.13714285714285712,0.009045226130653285,0.05691056910569104,0.18487972508591066,0.0,0.000203169443315776,-0.12723658051689854,0.0,-0.1248393680550306
81,2014-07-31,0.011788495460999028,-0.05416361039261863,0.02546718081274624,0.034504335389291096,-0.0023157250841089327,0.07527426160337547,0.10600706713780927,0.10600706713780927,0.16666666666666674,0.08333333333333348,-0.5601280292638318,-0.2679630068769268,0.8461538461538463,0.1770747740345111,-0.1779945328031809,0.002320185614849368,-0.17282608695652169,-0.17218543046357615,0.0009960159362552012,-0.007692307692307666,0.13901778808971388,0.0,-0.013812715823684818,-0.17767653758542146,0.0,-0.08572662491902405
82,2014-10-31,0.007101245907215947,0.003551020408163241,0.019958677685950388,0.031106886719087568,-0.00652535692388545,-0.02997959504002512,-0.6581469648562299,-0.6581469648562299,-0.6428571428571428,-0.6153846153846154,0.4137214137214138,-0.8467768059604794,-0.12634408602150538,-1.0764397905759162,0.016552036883077603,0.03317901234567898,-0.2825229960578186,-0.29066666666666663,-0.007960199004975133,0.03294573643410858,0.2286538787981667,0.0,-0.013594232749742474,-0.293628808864266,0.0,-0.026735947094945645
83,2015-01-31,0.03736699881776717,0.08646845894171706,0.09168253453794106,0.17330093019358084,-0.02173242230548822,0.0754045307443365,0.07476635514018692,0.07476635514018692,0.0,0.0,0.8911764705882352,1.704016913319239,-0.0738461538461539,1.9954337899543373,0.04877323420074342,0.09129947722180742,-0.33882783882783885,-0.3533834586466165,-0.0180541624874625,0.09943714821763616,0.4954407294832828,0.0,-0.05700563792023384,-0.3607843137254903,0.01923076923076916,-0.0740147544166182
84,2015-04-30,-0.02806382026130494,-0.12364766218695022,-0.0531062124248497,-0.0927076637383044,0.00234318673395828,-0.027234426722840814,0.6608695652173913,0.6608695652173913,0.5999999999999999,0.5999999999999999,-0.6636858475894245,0.9773260359655982,0.0182724252491695,-4.474085365853659,-0.16156245569261307,0.0095808383233531,-0.10526315789473684,-0.11627906976744184,-0.0020429009193053678,0.029010238907849706,0.5576496674057649,0.0,0.03144375553587242,-0.13190184049079745,0.018867924528301886,-0.034068871534147505
85,2015-07-31,0.11849075566908862,0.2387014096539941,0.348108955516363,0.034243879398567316,-0.1448930048552418,-0.057231245166279976,-13.329842931937172,-13.329842931937172,-14.0,-14.0,-0.10751445086705202,0.6358244365361803,-11.257748776508972,-2.2742430890741554,0.2455398664073729,-0.07710557532621587,-3.7925696594427234,-3.585526315789473,-0.13920163766632546,-0.07628524046434493,0.041992882562277734,0.0,-0.23550880206097025,0.0,-0.05555555555555558,0.197677573389766
86,2015-10-31,-0.0228013029315961,-0.052520863507828135,0.013722126929674115,-0.00197899223626119,-0.08884916671047792,-0.015914684167350313,-0.8140127388535032,-0.8140127388535032,-0.8173076923076923,-0.8173076923076923,0.041450777202072464,-0.7836596567561035,-1.2006997455470738,-1.466942148760331,-0.09205077727241873,-0.10135879544619908,0.3647450110864745,0.2493638676844783,-0.0856123662306777,0.04488330341113112,0.0,0.0,-0.06767761864644761,0.0,-0.019607843137254943,-0.05065241029358447
87,2016-01-31,0.056570881226053686,0.0893903548680619,0.11723880811035592,0.2133923123856009,-0.06548958513646064,0.0808602867622541,0.6050228310502284,0.6050228310502284,0.631578947368421,0.631578947368421,1.1131840796019898,-0.4033519553072625,-0.22266244057052292,-1.114306784660767,0.011588785046728887,0.1322026971802206,0.4362307067424861,0.2912423625254583,-0.06241872561768536,0.2388316151202749,0.0,0.0,-0.11536144578313255,0.0,-0.040000000000000036,-0.10217619547580424
88,2016-04-30,-0.056152883795985715,-0.12164645350973904,-0.03234335292758683,-0.0732243871778756,-0.11342306742405528,-0.2103964214098412,1.460881934566145,1.460881934566145,1.4838709677419355,1.4838709677419355,-0.032371983519717484,3.310861423220973,-0.3149847094801224,-9.361290322580645,-0.09578713968957876,-0.06136076520483669,0.7669683257918551,0.5488958990536277,-0.11373092926490992,0.0,0.0,0.0,-0.060946544092611576,0.0,-0.06249999999999989,-0.05225110296071856
89,2016-07-31,-0.030390348855079182,-0.05420311905667552,-0.014324747327373544,0.05771447948457097,-0.07256772755762941,0.07579605391678057,-0.4323699421965318,-0.4323699421965318,-0.4285714285714286,-0.4285714285714286,-1.1094890510948905,-2.87141615986099,1.5074404761904765,-2.8819444444444446,0.1993624325649828,0.06940972889828889,-0.19398207426376435,-0.2525458248472504,-0.06103286384976525,0.2066574202496532,0.0,0.0,-0.04350978970268316,0.0,-0.022222222222222254,-0.10583286595625352
90,2016-10-31,-0.04323017791338113,-0.06209531469937667,0.014236886723901332,0.02436522185175693,-0.2035743786138019,-0.1109497003813329,0.4541751527494908,0.4541751527494908,0.4545454545454546,0.4545454545454546,-1.4277777777777778,-0.8022284122562674,-0.2961424332344213,-1.1262812628126282,-0.02099093573229737,0.17044228694714136,0.4122319301032564,0.28201634877384185,-0.20500000000000007,0.2471264367816093,0.0,0.0,-0.16755117513267626,0.0,-0.02272727272727271,-0.08436304334190559
91,2017-01-31,-0.0064399900604654725,0.055100553149521884,0.07851722124927019,0.3679268903355033,-0.30831604752027153,-0.0220588235294118,0.17717086834733894,0.17717086834733894,0.1875,0.1875,1.0259740259740258,-1.1619718309859155,0.8887015177065767,6.253246753246753,-0.15551688130873653,0.16067588325652848,0.43532058492688397,0.2444208289054197,-0.3039832285115304,0.4599078341013825,0.0,0.0,-0.30373406193078323,0.0,-0.046511627906976834,-0.2287299630086313
92,2017-04-30,-0.07642608532544137,-0.13041534585060555,-0.034739820396112675,-0.062139654067905226,-0.3073882224645583,0.01441102756892221,-0.2290303390838786,-0.2290303390838786,-0.22368421052631585,-0.22368421052631585,1.8974358974358967,-19.731884057971016,-0.20178571428571426,-1.5689346463742166,0.10477289588657167,0.1431974589730014,0.16183385579937304,-0.0367207514944492,-0.3042168674698794,0.6426767676767677,0.0,0.0,-0.24983649444081105,0.0,0.024390243902439046,-0.07274180655475604
93,2017-07-31,-0.017466263483323585,-0.026358835350750117,0.0293630362195092,-0.16974043715846998,-0.3790592403070262,0.03314803376569908,0.11111111111111116,0.11111111111111116,0.1186440677966103,0.1186440677966103,-2.6039823008849563,-1.223597678916828,-0.7807606263982103,-2.30684500393391,-0.1239367258618117,0.1948367677703171,0.506070826306914,0.12588652482269502,-0.37662337662337664,0.7171406610299769,0.0,0.0,-0.3679163034001744,0.0,0.0,0.1726053639846743
94,2017-10-31,-0.046394120349104284,-0.10147362357797728,0.0015352234740622086,0.028383381324557755,-0.6599049128367671,0.026903148664806587,-0.1680555555555555,-0.1680555555555555,-0.16666666666666666,-0.16666666666666666,-0.29517241379310344,-2.0069204152249136,2.9846938775510203,-0.10355207706201086,-0.12682054339494075,0.11316732874721458,0.0,-0.0031496062992126816,-0.6597222222222222,0.7855863921217547,0.0,0.0,-0.6441379310344828,0.0,0.0714285714285714,-0.12620486848554147
95,2018-01-31,-0.009248554913294791,0.003205299428388209,0.08032734195366786,0.2132571428571428,-3.3858341099720413,0.07471375897535415,0.4482470784641068,0.4482470784641068,0.4181818181818182,0.4181818181818182,-2.5518590998043056,3.252577319587629,0.8079385403329065,-1.3546004029550034,0.05150214592274671,0.019583949865088268,0.0,0.050552922590837435,-3.3877551020408165,1.99649034845826,0.0,0.0,0.0,0.0,0.06666666666666665,-0.17313265401514455
96,2018-04-30,-0.04915402567094518,-0.09579849832259436,-0.07543024533138043,-0.127449133383572,-0.49765625,0.011014806789454656,-0.5250720461095101,-0.5250720461095101,-0.5128205128205128,-0.5128205128205128,-1.213114754098361,-0.8076767676767677,-0.9585694050991501,-0.7159090909090908,0.013914656771799594,0.03645210858801429,0.0,-0.0541353383458647,-0.4957264957264957,0.0,0.0,0.0,0.0,0.0,0.08333333333333348,0.036178631995477765
97,2018-07-31,-0.02004397402464586,-0.05842167255594821,0.008564356435643461,0.033736370506315394,0.8786936236391913,0.09251652080728713,-0.5218446601941747,-0.5218446601941747,-0.5263157894736843,-0.5263157894736843,-3.562130177514793,-2.846638655462185,11.444444444444445,-14.173333333333336,-0.18078682525160106,0.09883864591055104,0.0,-0.17567567567567566,0.8813559322033901,0.0,0.0,0.0,0.0,0.0,0.0769230769230771,-0.08914348063284228
98,2018-10-31,-0.015288285937907653,-0.005504128096072036,0.00935061110293045,0.03676048248133257,0.4002483443708609,0.08043158410985772,-0.3984771573604061,-0.3984771573604061,-0.3888888888888888,-0.3888888888888888,-0.09468822170900693,-1.9101251422070533,-0.0755494505494505,-0.9003036437246964,-0.022001340183158358,0.048946855558054114,0.0,-0.21311475409836056,0.3873873873873872,0.0,0.0,0.0,0.0,0.0,0.08928571428571419,-0.04072831816003841
99,2019-01-31,0.2529673590504451,0.018867924528301886,0.20118170544897507,0.15900277008310248,-0.3765888264853681,0.11559993947647153,-3.729957805907173,-3.729957805907173,-3.727272727272727,-3.727272727272727,6.946428571428571,-10.37625,-4.297176820208024,-1.5228426395939088,0.011762018956263498,-0.04201800771759323,0.0,-0.7561274509803921,-0.37662337662337664,0.0,0.0,0.0,0.0,0.0,0.03278688524590168,-0.12087912087912075
100,2019-04-30,0.016768163748625664,-0.12203703703703705,0.023015728426549968,-0.03498174865287673,0.16311047889995267,-0.0024413400244134307,-1.3740340030911902,-1.3740340030911902,-1.3666666666666667,-1.3666666666666667,-0.28988764044943816,-0.961071857085722,-1.4335286164939165,-1.2718446601941746,-0.003160270880361193,0.2138594659107862,0.0,-0.7336683417085428,0.16666666666666674,0.0,0.0,0.0,0.0,0.0,0.015873015873015817,-0.09019886363636376
