Unnamed: 0,Quarter end,Assets,Current Assets,Liabilities,Current Liabilities,Shareholders equity,Revenue,Earnings,Earnings available for common stockholders,EPS basic,EPS diluted,Cash from operating activities,Cash from investing activities,Cash from financing activities,Cash change during period,Cash at end of period,Price,ROE,ROA,Book value of equity per share,P/B ratio,P/E ratio,Cumulative dividends per share,Equity to assets ratio,Net margin,Asset turnover,Current ratio
0,1993-12-31,0.0163563712040955,0.04416788677403605,0.024455925401058558,-0.13940341981768167,0.008043478814130811,0.07441750505660782,0.08387371106622732,0.08387371106622732,0.13333333333333353,-0.4727272727272728,0.10945864501719438,-0.06567468273492783,-0.3612004881837346,-4.077720207253886,0.011310360993905366,-0.04312449145646857,-0.14259927797833927,-0.2028985507246377,0.008183306055646433,0.03125,0.3186698088504845,inf,-0.008105369807497431,-0.16174734356552545,-0.096774193548387,0.21339164530236765
1,1994-03-31,0.0163563712040955,0.04416788677403605,0.024455925401058558,-0.13940341981768167,0.008043478814130811,0.07441750505660782,0.08387371106622732,0.08387371106622732,0.13333333333333353,-0.4727272727272728,0.10945864501719438,-0.06567468273492783,-0.3612004881837346,-4.077720207253886,0.011310360993905366,-0.04312449145646857,-0.14259927797833927,-0.2028985507246377,0.008183306055646433,0.03125,0.3186698088504845,inf,-0.008105369807497431,-0.16174734356552545,-0.096774193548387,0.21339164530236765
2,1994-06-30,0.026708220751544776,0.06893355145283175,0.042848774867538575,-0.02770360899051061,0.00987281850601196,0.07441750505660782,0.08387371106622732,0.08387371106622732,0.13333333333333353,-0.4727272727272728,0.10945864501719438,-0.06567468273492783,-0.3612004881837346,-4.077720207253886,-0.034420814741843886,0.03826530612244916,-0.14259927797833927,-0.2028985507246377,0.008116883116883189,0.03125,0.3186698088504845,1.3333333333333337,-0.01654749744637385,-0.16174734356552545,-0.096774193548387,0.09942828734775057
3,1994-09-30,0.032358837055773026,-0.058738221383336175,0.05365082054537451,0.05986101620618079,0.00942504712523573,0.04471663977311624,0.03717143978030602,0.03717143978030602,0.0,-0.4727272727272728,0.5623671891226893,0.4378573996961015,-0.019887103777681325,5.065656565656567,-0.2162275700654144,0.018837018837018826,-0.14259927797833927,-0.2028985507246377,-0.009661835748792202,0.010101010101010166,0.3186698088504845,0.4285714285714286,-0.022226838388034853,-0.16174734356552545,-0.096774193548387,-0.11191498982591007
4,1994-12-31,0.1872267843579145,0.0444258626963665,0.2617288220347105,-0.005443641583339431,0.1034641180083613,0.3517352741569353,0.4567375886524823,0.4567375886524823,-0.058823529411764726,-0.4727272727272728,0.4416947037949829,1.0068327390651972,3.5237905369484315,0.5767416042187066,1.3003828483920363,0.004823151125401992,-0.14259927797833927,-0.2028985507246377,-0.013008130081300863,0.014999999999999902,0.3186698088504845,0.30000000000000004,-0.07053324835351604,-0.16174734356552545,-0.096774193548387,0.050152749490834925
5,1995-03-31,0.2680102934901678,0.19301392914594093,0.4758707683712484,-0.08360598592195312,0.0007945352137332937,-0.17366966176716706,-0.7349561830574489,-0.7349561830574489,-0.625,-0.4727272727272728,-0.5422793465693472,1.471586318340964,4.295149396245264,0.6963562753036436,-0.3207735579003428,-0.0544,-0.14259927797833927,-0.2028985507246377,0.003294892915980175,-0.03940886699507384,0.3186698088504845,0.3076923076923077,-0.21074285714285712,-0.16174734356552545,-0.096774193548387,0.30181818181818204
6,1995-06-30,-0.010806346187207216,0.22734785688543124,-0.015765356790714224,0.17461260227166564,-0.0014050314253836182,0.21880172359608616,-0.8684790595150624,-0.8684790595150624,-0.8333333333333333,-0.4727272727272728,0.18876784081575715,-0.9745209877386524,-1.1186088963607814,-0.6796720971256616,-0.15127903557777125,0.13620981387478848,-0.2589473684210526,-0.2028985507246377,-0.0032840722495893764,0.1333333333333333,0.3186698088504845,0.17647058823529416,0.009556907037358895,-0.30422535211267604,0.0,0.04487895716945989
7,1995-09-30,0.031852489492307345,0.020362288757707958,-0.07155163865710346,0.17619353335871055,0.2250674308454852,-0.08554369438284659,12.113594040968342,12.113594040968342,9.0,-0.4727272727272728,-0.2305175335679833,6.028916124090388,-1.7846127457859693,-0.7505668934240363,-0.04445984179225128,-0.007446016381235988,-0.18181818181818188,-0.2028985507246377,0.10543657331136737,-0.004524886877827927,0.3895949166004766,0.1499999999999999,0.1873207114170969,-0.1578947368421053,-0.0357142857142857,-0.13250757440741398
8,1995-12-31,0.017270591056046447,0.033699837256380816,0.02892840683723508,0.1126734710636017,0.0007617046785717285,0.10186101886083088,0.2134336836126101,0.2134336836126101,0.09999999999999988,-0.4727272727272728,1.23384214003761,0.17571629659901022,-1.1055089629953496,2.7870129870129867,-0.17620400024170646,-0.057764441110277565,-0.29166666666666663,-0.29999999999999993,0.0,-0.15000000000000002,0.1421834809945699,0.17391304347826098,-0.016187484899734206,-0.25721153846153844,-0.07407407407407418,-0.07098099640472523
9,1996-03-31,0.02407540696265076,0.06499596805160901,0.03223675726341413,-0.07120065639529582,0.01219265345002074,0.17415238333541838,0.8320655354008193,0.8320655354008193,0.8181818181818183,-0.4727272727272728,-0.4838423443579029,-0.04084533152073167,-12.692409116594462,-3.04320987654321,0.43702780019071374,0.021496815286624168,0.4901960784313724,0.5584415584415585,0.011922503725782407,0.021390374331550662,0.2039284373827097,0.11111111111111094,-0.011787819253438192,0.4368932038834952,0.08000000000000007,0.14672711189739052
10,1996-06-30,0.15810411262607849,0.06450871428764593,0.05527122476217183,0.16652177164544654,0.310791527050982,0.08323727418026827,0.5609709358032577,0.5609709358032577,0.4499999999999997,-0.4727272727272728,1.1450800041140776,0.2952180775673239,-0.8163028594442208,-1.5773749580396106,-0.17559083252513907,0.11067809820732656,0.5460526315789473,0.6500000000000001,0.13107511045655373,0.09947643979057608,-0.25958640756520834,0.10000000000000007,0.13195825049701804,0.6373873873873874,0.0,-0.08745540449329847
11,1996-09-30,0.03682108018396546,-0.007163724120411551,0.05246179220875225,0.029273765401182095,0.01812467122930217,0.08373573702471647,0.2332528542783483,0.2332528542783483,0.1724137931034484,-0.4727272727272728,-0.11113622664255574,0.2479435446264806,4.965973866526354,-0.1523255813953488,-0.1805460962169525,0.04210526315789465,0.3085106382978724,0.33838383838383823,0.01692708333333326,-0.080952380952381,-0.3747368421052632,0.1212121212121211,-0.01800219538968173,0.2778541953232461,0.07407407407407396,-0.03539729501267963
12,1996-12-31,0.04099495975293421,0.1435321409990704,0.05020121530311794,0.2054492157847408,0.02961894668752318,-0.3371922239091689,0.6988419550718385,0.6988419550718385,0.6764705882352939,-0.4727272727272728,0.13037983462667713,-0.339838475833653,-1.209569307658386,-0.9746227709190672,-0.0055912353607857615,0.08080808080808087,0.42439024390243896,0.4490566037735848,0.02688860435339313,0.06735751295336789,-0.19506172839506164,0.08108108108108114,-0.010954616588419341,0.5683530678148547,-0.10344827586206884,-0.05137473984007013
13,1997-03-31,0.017825855152180825,-0.07458718059636926,0.006477825022440875,-0.06829491986294511,0.032128736213513635,0.6332926662267979,0.032794249775381916,0.032794249775381916,0.0,-0.4727272727272728,0.2734548627680897,0.4186169369750119,-1.5530616539243882,-91.70270270270271,0.5099916419724946,0.04797507788161992,0.20547945205479445,0.2317708333333335,0.031172069825436518,0.01941747572815533,-0.2964305633017289,0.07499999999999996,0.014014466546112159,0.2244337680164723,0.03846153846153855,-0.0068129330254042
14,1997-06-30,0.030388571611762668,0.004412564727690249,0.044033365311538335,-0.0687292250848327,0.01361828975106305,-0.013544465405209705,-0.5130964313406585,-0.5130964313406585,-0.4912280701754386,-0.4727272727272728,-0.4907011852375293,0.08191157146581117,12.004565630944832,-1.8478843861740168,-0.28636843959140545,-0.06896551724137934,-0.015151515151515138,-0.02114164904862581,0.01330108827085863,-0.10000000000000007,-0.2552516845025763,0.09302325581395343,-0.01627284886312963,-0.0297085201793722,0.0,0.07859551214974991
15,1997-09-30,0.0351776857598598,0.15465596790371114,0.04933485287405026,0.0527430400476403,0.01725555314959637,0.06918146661463997,0.1957197234521868,0.1957197234521868,0.1724137931034484,0.13793103448275867,1.7089850319542548,-0.022181464143818053,-1.4627514847719452,-3.0056229133719907,0.8048230150895501,0.1392081736909323,-0.018269230769230704,-0.025917926565874768,0.0155131264916466,0.12698412698412698,0.13943587014369352,0.06382978723404252,-0.01722184455019271,-0.03235124205661466,0.0,0.09679853400883907
16,1997-12-31,0.11062082742282532,0.21032460267270792,0.1417312648642195,0.21542083994753414,0.06999488261891096,0.3669078005983784,0.4776027286015916,0.4776027286015916,0.5294117647058822,0.4848484848484849,-0.2854626302760339,1.3938257139552543,-6.815831067838402,-2.393902225337305,-0.6215814971089233,0.03811659192825112,-0.06660137120470133,-0.08203991130820397,-0.016451233842538215,0.023474178403755985,0.043904717421765486,0.06000000000000005,-0.036661286603642984,-0.21373134328358206,0.14814814814814814,-0.0042260442260442215
17,1998-03-31,0.0007707859092602742,0.018465301482219358,-0.06964435125605117,-0.1694440970030513,0.09888808375313808,-0.4450036876567916,-0.6184488216672529,-0.6184488216672529,-0.6538461538461539,-0.6326530612244898,-0.4249750206351275,-0.9330797073287552,-0.8690024531918672,-7.9256442489000625,11.375903365682428,-0.10097192224622033,-0.26652675760755506,-0.2608695652173913,0.09677419354838723,-0.08715596330275233,-0.0577181208053692,0.07547169811320731,0.0981330780277645,-0.19362186788154895,-0.06451612903225812,0.2263126727200946
18,1998-06-30,0.008724660614420232,0.04117701776689087,0.016796102515512112,0.02234783613688185,-0.000797296244760992,0.04850225530962282,-0.4678497349619728,-0.4678497349619728,-0.5,-0.5,0.18125070826880216,4.9653126569563035,-0.05986003153439734,-1.2809678092696961,-0.25826499712195405,-0.01981981981981973,-0.17596566523605162,-0.16993464052287574,-0.0010893246187363426,-0.1055276381909548,0.2616334283000949,0.05263157894736836,-0.009590235396686908,-0.1073446327683617,-0.06896551724137923,0.018350100603621744
19,1998-09-30,-0.008057762175263106,-0.2342264781289172,-0.04285039893792042,-0.18162665460823813,0.03371014353830093,-0.03838151654461863,-0.6534213945430922,-0.7166522304027718,-0.6666666666666667,-0.6666666666666667,0.20261422232881632,-0.3933726602501697,-2.9060228911054224,-0.042960043929067486,-0.3332321119283802,-0.19914215686274506,-0.30729166666666663,-0.28740157480314954,0.04252998909487471,-0.1966292134831461,-0.0523146405720738,0.05000000000000005,0.042253521126760514,-0.2278481012658228,-0.07407407407407418,-0.06425353671066147
20,1998-12-31,-0.03576773269463995,-0.19756905530434526,0.005773656705779562,0.2799621587907557,-0.08194385072103637,0.1051950321943662,-50.7282099343955,-61.8253725640046,-56.0,-56.0,-0.4010131025267735,0.5176790020645743,-1.6190490892250695,0.5102770933882346,-0.7547946360799528,-0.07651109410864576,-2.7218045112781954,-2.734806629834254,-0.08263598326359843,-0.11888111888111885,0.2740270055599683,0.06349206349206349,-0.0479307432432432,0.0,-0.16000000000000006,-0.3730574324324325
21,1999-03-31,0.023888017753478367,0.05925893289862105,0.04635341160835993,-0.2532327797654477,-0.003469799920414407,-0.19763112788575388,-0.9863801985174016,-0.97745947983415,-0.9757575757575756,-0.9757575757575756,-0.4938349703124133,0.2675773770398102,3.5061343573886585,-1.1015464378296236,0.3125816881062118,-0.08864954432477222,0.1775836972343523,0.15605095541401282,-0.0034207525655644,-0.007936507936507908,0.0,0.04477611940298498,-0.02661343978709252,0.0,0.0,0.4184292065202748
22,1999-06-30,0.1963693199593306,0.32709841111388394,0.039864735082247416,0.19480866419668752,0.3964855943563672,0.5003382787736728,-16.11439114391144,-9.258639910813823,-8.0,-8.0,1.5942817049640414,2.484689023262945,2.6403087905702662,-0.2636443661971831,0.17535768565588805,0.4054545454545455,-0.20024721878862808,-0.19283746556473824,0.20022883295194505,0.4159999999999999,0.0,0.04285714285714293,0.1672362724994303,0.0,0.0,0.11074176085098307
23,1999-09-30,0.006653157558301093,0.11317585038597633,-0.010814813697870409,0.2558013378539357,0.023284917306180646,0.3684010566830944,1.22100830078125,1.289113120950324,1.1071428571428568,1.1071428571428568,0.905451318458418,-0.8646266285022179,-1.1924380759536777,-2.7193664076509263,-0.2565211575333304,0.33893919793014216,-0.5347758887171561,-0.5733788395904437,0.02097235462345104,0.11299435028248594,0.0,0.0547945205479452,0.01639664259223128,0.0,0.1428571428571428,-0.11355280034202653
24,1999-12-31,0.11669260255024015,-0.03407654341148346,0.19963618594827515,-0.017033746431844632,0.04035130110799767,-0.2537604666429678,0.3393745362609579,0.36414028983797975,0.3898305084745763,0.3728813559322035,0.10352490319490104,5.409822589278886,-4.304163046054192,-0.39110029549800107,-0.210087561472952,-0.14879227053140087,-3.598006644518273,-4.311999999999999,0.04481792717086819,-0.1624365482233503,0.0,0.038961038961039085,-0.06836950259266382,1.2295081967213115,0.0,-0.01736278576251571
25,2000-03-31,0.03899451580841795,0.1302919537817575,0.04580892557876215,-0.03646615871583059,0.03176224710396647,0.5512041280416142,0.1931429978353869,0.2000302601290378,0.19512195121951206,0.18518518518518512,-0.026331126679609133,-0.5916399481038519,-0.8973591473531703,-4.237225235512418,0.8609824614683774,0.12996594778660595,0.4667519181585675,0.4661835748792269,0.030384271671134888,0.07878787878787885,-0.20542394014962595,0.03749999999999987,-0.0070088641517211964,0.3167892156862744,0.12500000000000022,0.17306370864827736
26,2000-06-30,0.08705216899721391,0.2073023233023956,0.12000041850917588,0.15698142047538188,0.05160746405326533,0.09434520540575676,0.2496302792681249,0.26467038904899143,0.2551020408163265,0.2395833333333333,0.2590921475218997,1.1107605337540265,5.230294419081338,-1.486243386243386,-0.22496022194116927,0.26167754897036666,0.3190932868352223,0.27347611202635913,0.04770164787510845,0.2247191011235956,-0.21616320125539426,0.0,-0.03259290014531868,0.19218241042345266,0.07407407407407396,0.04351464435146446
27,2000-09-30,0.08626779401876061,0.15213648558587806,-0.019875562273557468,0.2184760692206682,0.207879774281579,0.2772128978341111,0.4186201724268424,0.4332509666806714,0.3577235772357723,0.3529411764705883,0.3569416894805004,0.0016937774871192968,-0.3517734102490289,-2.502357635110628,0.43606885297678577,0.08121019108280247,0.21943159286186398,0.20957309184993544,0.11672185430463575,0.032110091743119185,-0.19569569569569567,0.08433734939759052,0.11201716738197408,0.1533957845433256,0.06896551724137945,-0.05445068163592626
28,2000-12-31,0.10828335507846608,0.16805561993047502,0.14598626099195974,0.2096047531920755,0.07323110696323654,0.16437519144629964,0.18944310256186392,0.19406270184329505,0.16766467065868262,0.16149068322981375,0.3730386542764224,0.3786471656041603,0.3832178883076587,0.1941091260260744,0.3625966790073678,0.10162002945508107,0.16422764227642286,0.1657754010695187,0.0711638250555966,-0.013333333333333195,-0.14436838830118234,0.0,-0.03164801235044379,0.02707275803722497,0.129032258064516,-0.03434823170214574
29,2001-03-31,0.18368794231450347,0.2961286943271641,0.2941045955394104,0.6344825218172323,0.07407501118615899,0.10407168770780584,0.15072766344393385,0.15380582451556002,0.14871794871794886,0.14973262032085555,0.13071366351966066,0.38100989094280296,1.2075702992094466,6.042256368782855,1.873994565948404,-0.080548128342246,0.12849162011173187,0.1009174311926606,0.05951557093425607,-0.14414414414414425,-0.25381818181818183,0.0,-0.09246711837385413,0.0728171334431631,0.02857142857142869,-0.20700860706130345
30,2001-06-30,0.012318809651079787,0.02623235491135656,-0.04114746692722282,-0.10055548430181904,0.07626901145987919,-0.006927412493544114,-0.2709274595058132,-0.2756109963107616,-0.2857142857142857,-0.2790697674418604,-0.30349780949194216,-0.7319965273525417,-1.2448181684251085,-0.677184117596394,0.21049281602471104,-0.09632860777898956,-0.02887788778877887,-0.023333333333333317,0.08033964728935318,-0.14736842105263148,-0.2543859649122806,0.0,0.06302151954325863,-0.04146191646191655,0.0277777777777779,0.1408793886366153
31,2001-09-30,0.011303687412252959,-0.15910229973938195,-0.0858768537355139,-0.2421971997197261,0.0133312136837207,-0.17216363396541656,-0.23773117208194605,-0.24365752633570306,-0.23750000000000004,-0.2322580645161291,0.0265141866316303,1.041170775958948,-1.6337622861022387,-3.7335467805051583,-0.4753369470241179,-0.19348350764279965,-0.10492778249787592,-0.11604095563139938,0.016324062877871803,-0.2530864197530865,-0.2339869281045751,0.1333333333333333,0.0020656889072505624,-0.0650432553668695,-0.054054054054054064,0.1096980875643141
32,2001-12-31,-0.014677720259828941,-0.00983426496319606,0.06795505441513305,-0.15249365332987275,0.004611202486834332,-0.21017913641226416,-0.4987024414504601,-0.5148132302122759,-0.8688524590163934,-0.8571428571428571,-0.1614105354810622,-0.4804674479576929,-2.2682873385516213,-0.4757613222280063,-0.4749524693814388,0.03291770573566088,-0.22259136212624586,-0.22007722007722008,-0.08804283164782856,0.016528925619834656,0.09726962457337862,0.0490196078431373,0.01958359101216245,-0.13159698423577793,-0.1142857142857142,0.16831423322543948
33,2002-03-31,0.003432973017989393,0.03981517709090232,-0.008594355077867433,-0.11256407213594198,0.015723496050567658,-0.00029203362997798354,0.0261002289493768,0.027838072498372002,2.4375,2.235294117647059,-0.4671873702134729,-0.2619059778861622,-1.2290902808438753,-0.9347421336808788,-0.059031578947368435,0.17914051183003374,-0.3046398046398047,-0.280940594059406,0.014350945857795285,0.29268292682926833,0.5754276827371696,0.03738317757009346,0.012131014961585196,-0.2059984214680348,-0.096774193548387,0.17169599400973426
34,2002-06-30,0.02249171019569229,0.13080368833818046,-0.0027196155454600746,0.01874266685071424,0.04763793414241713,0.241069232188432,0.8136404204680683,0.8904624887809514,0.8545454545454545,0.8181818181818181,1.0403868170413857,-0.001466034700479124,-4.748366013071895,-47.81740370898717,2.937086092715232,0.0982800982800982,-0.13257243195785784,-0.11876075731497415,0.0012861736334404128,0.08176100628930816,0.6071076011846002,0.04504504504504482,0.024770275669196984,-0.05765407554671964,-0.07142857142857151,0.11004601226993847
35,2002-09-30,0.009029180615032885,0.10479357216685847,0.005231627478554879,0.1373211556131415,0.012634859246145158,-0.0009043425476135123,0.0014899870138747053,0.013216597197494906,-0.009803921568627416,0.0,-0.08031135093835062,0.3147983733006492,-0.4846198555875976,-0.6395177590217049,0.2689215708559696,-0.06711409395973156,-0.03542510121457498,-0.02734375000000011,0.01156069364161838,-0.06395348837209291,0.10933660933660927,0.034482758620689724,0.003508771929824573,-0.009493670886075887,0.0,-0.028612550374208286
36,2002-12-31,0.022829348398787364,-0.15404431558415194,0.010701164488677415,-0.009242367833209196,0.034260558351326235,0.16024141763111266,0.23402353133872025,0.2361943743884456,0.16831683168316824,0.1499999999999999,-0.03565828279471628,0.5491348329781311,-0.6368821705090113,-4.256649385777076,-0.6901791952039458,0.04756195043964828,0.20881427072402947,0.20883534136546172,0.015873015873015817,0.031055900621117963,0.12070874861572545,0.05000000000000005,0.011072261072260892,0.13045793397231087,0.0769230769230771,-0.14615065489243162
37,2003-03-31,0.14930795421619214,0.30176151991246525,0.11765023632085135,0.3689535637453381,0.17846669970026086,0.2912654042681093,0.8744103219241341,0.8813315570320905,-0.10169491525423724,-0.08695652173913038,0.4484922560028428,0.8797276579819728,-20.951621573194767,-0.8968032184106934,-0.2298886019350113,0.11407859595574198,0.3845486111111112,0.3936877076411962,0.12187499999999996,0.0963855421686748,-0.19367588932806312,0.03174603174603185,0.025552353506244074,0.26189354686764044,0.10714285714285696,-0.049073367113208866
38,2003-06-30,0.09416174083784813,-0.045791982495897436,0.16320759444028646,0.019577137131916444,0.03384811566231849,0.09077817400831156,-0.2789610803442609,-0.28013475196216986,-0.2924528301886793,-0.2857142857142857,0.2752262374056995,0.21773740157168567,0.17174075737165095,-1.0872736418511066,0.026052354972721403,0.07431506849315084,0.056426332288401326,0.04648390941597147,0.032869080779944326,-0.03846153846153855,-0.2542892156862745,0.03846153846153855,-0.05526414387411027,-0.010824934677118423,0.06451612903225823,-0.06416058394160595
39,2003-09-30,0.028918038657418155,-0.08726789002769675,0.007877370194001143,0.11635295052021274,0.04959743472982181,0.04759777532446341,0.13331641985260712,0.13409559558941564,0.1333333333333333,0.11999999999999987,0.246048819163883,-0.4782160384132697,-1.7449900362781667,0.5734870317002883,0.03995219395595018,0.04335352247370095,0.06765578635014835,0.06605922551252852,0.048004314994606334,0.011428571428571344,-0.0566967953985209,0.04444444444444429,0.020226055919095653,0.008679245283018666,0.06060606060606055,-0.18235707043132365
40,2003-12-31,0.014385649725960903,0.03420184761065581,-0.010034057102857874,-0.010763242429796538,0.03743208166953438,-0.03598598875007808,-0.05541213383833821,-0.05569770016077458,-0.07058823529411762,-0.0714285714285714,-0.26686309278736386,-0.2228388006451819,-0.3162233714215168,-6.576312576312578,-0.2142270797664001,0.15673693858845095,0.007782101167315147,0.010683760683760646,0.034482758620689724,0.10169491525423724,0.02613240418118456,0.042553191489361764,0.022740524781341254,-0.003367003367003241,0.0,0.04540684918439397
41,2004-03-31,0.02976645050154936,0.0987440382972664,0.005089466370054474,0.11480439504716113,0.05199012735431285,0.07996483823616418,0.3343475502075577,0.336172240712699,0.3544303797468356,0.35897435897435903,0.04074883015231556,0.0980658965072514,-0.2710840956507784,-4.0271513028246115,0.8252992269349013,0.06022187004754365,-0.03309431880860436,-0.029598308668076112,0.05124378109452722,0.02564102564102577,-0.003395585738539819,0.04081632653061229,0.021474724439376702,-0.03340840840840853,0.0,-0.01441737384797881
42,2004-06-30,0.03630936412604392,0.1721050766816825,0.01056792425038533,0.0667402174376559,0.05845813982488601,0.07895549242177191,0.0689060512655979,0.0691874913709789,0.06542056074766345,0.06603773584905648,-0.008602981303998614,0.24753307659249546,-0.914696573551672,0.3138155515370704,0.5940346344414829,0.05281514698555045,0.06160867084997124,0.0838779956427016,0.055844770468528086,0.0,0.049403747870528036,0.03921568627450989,0.021395348837209168,0.06873786407766991,0.02857142857142869,0.09878714933802436
43,2004-09-30,0.10360521333248696,0.37079138828048896,0.16321533555051215,0.17346163741455256,0.054635368973778416,0.13400868680046396,0.16239836200011792,0.1630187400125902,0.1578947368421053,0.15929203539823036,0.5794872587827808,1.5834781227267785,-43.866994676560736,-0.7785669061579541,0.08251949117767743,0.17676289635589204,0.07039226222461048,0.07336683417085421,0.05333930972657997,0.115,0.059253246753246724,0.03773584905660377,-0.0444444444444444,0.05523255813953476,0.0277777777777779,0.16818335018537245
44,2004-12-31,0.060164271819562964,-0.15020759959425145,0.049914560260839284,0.12059715520584754,0.06945132949155307,0.09090321122500188,0.18228180801641547,0.1828805384962353,0.18939393939393945,0.16793893129770998,-0.10818063096312623,-0.4894391701248037,-1.2194744715080017,-0.3076827449030333,0.052774724233349835,0.03498894027749855,0.1124497991967872,0.11329588014981272,0.06425531914893634,-0.017937219730941756,-0.07816091954022998,0.036363636363636376,0.008768585589020272,0.0740358126721763,0.027027027027026973,-0.2416330063473746
45,2005-03-31,0.04867530872479753,0.17810513485500246,0.04591083738840696,0.22492635773421127,0.05113438230436973,0.08299221514323696,0.09299196368153484,0.09325018528404684,0.08280254777070062,0.0915032679738561,-0.0821191660418823,-0.03913313023204512,-0.4169217184057338,0.8419824025857425,0.09233705093930313,0.10122401398873128,0.06498194945848379,0.06055508830950361,0.05077968812474999,0.0365296803652968,-0.06317539484621781,0.04678362573099415,0.002456538170823919,0.028214171208720717,0.026315789473684292,-0.03823473463952809
46,2005-06-30,0.038353287320936236,-0.00360728429767776,0.00665953196851765,0.15767633270482562,0.06640565708354718,0.05831901571809461,0.04914868069147493,0.04927351658042123,0.05294117647058827,0.05389221556886237,0.18756547695928585,0.29086478199028365,-0.16554431570899253,-5.103431468122441,-0.34686982389926746,0.05416372618207488,0.05084745762711873,0.05075337034099925,0.06430745814307448,0.0,-0.06033717834960072,0.04469273743016755,0.026955702167766216,0.02369816027439975,0.02564102564102577,-0.13933939873417733
47,2005-09-30,0.057611586805666574,0.12842367876711247,0.05938272388999821,0.1781179588913313,0.05613176916582896,0.1715641663886096,0.1682992364335152,0.168706636436474,0.16201117318435765,0.16477272727272707,0.3402849319593277,0.016793598194509318,4.6157383750638745,-1.4139880740265602,0.2198642408337328,0.20033472803347285,0.05725806451612892,0.06641509433962267,0.05470146585627456,0.1277533039647578,0.08026440037771487,0.04278074866310155,-0.001468428781203901,0.016752969844654242,0.049999999999999815,-0.042169366884982185
48,2005-12-31,0.07946514825971085,0.2101594924451684,0.07252053562017657,0.020202830822521056,0.08528536060112524,0.01970886712222697,0.14734750616816705,0.14765270028807942,0.14903846153846145,0.15121951219512209,-0.11927207973461862,0.00606466360870095,-0.8770481001537448,6.584987949041662,1.3670927971536138,-0.0566090351366425,0.048817696414950484,0.0573248407643312,0.08169491525423722,-0.10546875,-0.15646853146853135,0.05128205128205132,0.005514705882353033,0.034152186938286366,0.023809523809523725,0.1861804222648753
49,2006-03-31,0.03773945095724352,0.09028216848891146,0.0013774570100202332,-0.023296825521686104,0.06785565041600994,-0.04880445245287923,-0.16150399253002326,-0.16179547077917955,-0.16317991631799167,-0.1652542372881356,-0.10995807789628498,-0.11421525721114455,-4.020849282907161,1.0817319331800026,1.2022852398846458,0.03029855158143646,-0.028727272727272823,-0.014725568942436484,0.06800376057662172,-0.048034934497816484,-0.07875647668393781,0.048780487804878085,0.029067641681901124,-0.005793742757821518,0.0,0.11630258899676373
50,2006-06-30,0.09561688841744552,-0.1078088503924448,0.15314139134928514,0.5495077785228111,0.050939208791083816,0.031222018686390293,0.09487366871380988,0.09507794529500324,0.09499999999999996,0.101522842639594,0.1329839238404884,1.9478716396090712,7.187429778247098,-2.6793770783740074,-0.9168159677787368,-0.05207287333237698,-0.013852489704230586,-0.016983695652173947,0.05428403755868549,-0.11009174311926616,-0.08661417322834664,0.046511627906976834,-0.04085983300763885,0.011363636363636465,-0.023255813953488413,-0.4242616416017394
51,2006-09-30,0.06912260788983615,0.1317516341050211,0.07036866279910603,0.054591700748768617,0.0680607170326899,0.09699794035269148,-0.10580203834859214,-0.10601006639389088,-0.10502283105022836,-0.10599078341013823,-0.007038774170405993,-0.5459576015000192,-0.8639674283703764,-1.2575174912192242,2.83823880169823,-0.0043886198547213855,-0.07630979498861057,-0.07878369039391843,0.06763150570553855,-0.05670103092783496,-0.05295566502463045,0.044444444444444516,-0.0009260974254492461,-0.03745318352059923,-0.04761904761904756,0.07317073170731714
52,2006-12-31,0.037661266310722086,0.04623080700990778,0.03023302731259858,0.09220908018438778,0.04400530777732148,-0.13035838019421786,-0.19507034852812088,-0.19549937736585488,0.1734693877551019,0.19072164948453607,-0.2213590479371289,-0.08201936877448801,0.17518071009776934,-1.171417526639551,-0.12675706242776008,-0.008207934336525445,-0.1438553226469378,-0.145536384096024,0.03910323253388937,-0.0710382513661203,0.005201560468140354,0.06382978723404252,0.006117908787541593,-0.0802155043400179,-0.07500000000000008,-0.042082111436950176
53,2007-03-31,0.07181254865904174,-0.04758518249620225,0.13392225074079422,-0.05754389481405764,0.01946789236613644,0.01559126608422945,-0.053551851716742704,-0.05369825247727755,-0.3565217391304347,-0.3636363636363637,0.163766257355886,1.0465797366761258,6.368020550288183,0.1793313069908815,-0.17118783979960714,0.04551724137931035,-0.10609697551608266,-0.1246707638279193,0.0188158554942297,0.00588235294117645,0.05174644243208282,0.06000000000000005,-0.048829924451815,-0.0657338106085259,-0.054054054054054064,0.010561763355273257
54,2007-06-30,0.03370424905657732,0.07120754912679184,0.017514821570001168,-0.12687523818458324,0.04888013738994057,0.2354760654289878,0.2851998888323133,0.2860238154818941,0.29054054054054057,0.2857142857142856,0.3035910560674113,-0.4327348808582833,-1.0435607172171175,-4.000249418024609,0.6196895284541677,0.16051011433597195,-0.07894736842105254,-0.08625877632898693,0.04604777148485595,0.14035087719298245,0.23370233702336995,0.05660377358490565,0.014529252227818869,-0.08289794496691061,0.0,0.2269009391093608
55,2007-09-30,0.026696451880854788,0.005247851049668517,0.011801982779260593,-0.0668670807580154,0.04024093829873099,0.012772793087560077,-0.03186864876297868,-0.0319402390060084,-0.036649214659685736,-0.03174603174603163,0.02958716026444597,0.05845031885011509,2.342784749034749,-2.06991437359714,-0.4093468050593188,0.03991410887962599,-0.05072886297376099,-0.053787047200878124,0.03837099811676081,-0.00512820512820511,0.07876370887337991,0.0535714285714286,0.013175482146266848,-0.04101785036080508,-0.02857142857142847,0.07728395061728399
56,2007-12-31,0.03557686583859532,0.07762710298231168,0.021462886315464447,-0.08943660552204691,0.048060716997730735,0.20585822743885407,0.7486369891154776,0.7503742270332456,0.75,0.7486338797814207,0.2609475385420468,-0.16789706355900855,3.041544847500451,-1.1864931364931364,0.12924736587029484,0.19494716385278754,0.1971744471744472,0.19373549883990732,0.046928134209929695,0.14948453608247414,0.21256931608133067,0.050847457627118516,0.012061816811157255,0.11405940594059395,0.08823529411764698,0.18347467338986934
57,2008-03-31,0.04125854371334925,0.10931125104505356,0.03616262060342135,0.12587766827666336,0.04565151246467436,0.05776257738088919,-0.04756075161092122,-0.04762380462009719,-0.049689440993788914,-0.05312500000000009,0.0046906571864613325,0.2614313651194988,-0.7822531429268889,16.861051315880843,2.0442764836317684,0.05133157145761347,0.13648024628014374,0.14868804664723026,0.043741879601559175,0.004484304932735439,-0.06021341463414631,0.04838709677419351,0.004283054003724418,0.061500177746178324,0.08108108108108114,-0.01471869855718011
58,2008-06-30,0.06912660368609891,0.3613513857868536,0.11841976903434093,0.3745468228104685,0.02701876933262537,0.2234968273771301,0.41479256749547,0.4153699711692953,0.411764705882353,0.4125412541254128,0.06696788991840319,-0.14323876663019908,-0.3133818221590288,1.4314178300812157,1.6327328738512947,0.29014792613361684,0.19548532731376955,0.19120135363790208,0.024481327800829792,0.2366071428571428,0.08759124087591252,0.07692307692307687,-0.03931021694789538,0.10214333556597466,0.07499999999999996,-0.009533169533169628
59,2008-09-30,0.03498658710457847,0.003836542963458811,-0.07377379872925904,-0.29289724833505204,0.13616162893278605,-0.13725148332479098,-0.17603023465485398,-0.17620336207905618,-0.1782407407407408,-0.17757009345794394,0.1871698965902724,0.3499750345403987,-0.7055274580860977,0.017204933786588494,0.6308364784489342,-0.10139388489208634,0.06948640483383706,0.08948863636363646,0.1352774402592143,-0.12274368231046927,-0.2751677852348993,0.04285714285714293,0.09766454352441613,0.06593740504405954,0.023255813953488413,0.41962691010121067
60,2008-12-31,-0.11535818274930446,0.06679350342689339,-0.10903973947887624,-0.10323950915987556,-0.1201498835000986,-0.4243682694559456,-3.473590158083681,-3.4777371879216923,-3.47887323943662,-3.5,-0.5473888472947694,-0.07102771529587704,-1.3235850970315777,-1.7280441145494383,-0.2816203779146834,-0.33166541572846303,-0.8531073446327684,-0.8500651890482399,-0.1202283267927221,-0.411522633744856,-0.4125514403292182,0.04109589041095885,-0.005451028661860424,-0.8375142531356898,-0.09090909090909084,0.18955755923673712
61,2009-03-31,-0.09914455269279596,-0.14567103739541054,-0.08882560047655086,-0.22133634237626693,-0.10706892435822256,-0.15648906983924082,-0.4035401120242205,-0.40334567003491306,-0.4034090909090909,-0.4034090909090909,-0.4760526864047779,-0.2833452909272667,-6.5565771601713525,0.27766790311645795,-0.5008735028989801,-0.1321437484402297,-3.995192307692308,-3.9869565217391294,-0.1082725060827251,-0.013986013986013957,5.0,0.039473684210526334,-0.008663366336633671,0.0,-0.10000000000000007,0.09718549856043236
62,2009-06-30,0.004150299070422525,-0.08349848366747348,-0.009385842062097804,-0.11197697093326743,0.014757668160218175,0.28127431028414906,-1.2531219051305111,-1.2521099206078392,-1.2533333333333334,-1.2533333333333334,0.5159954787782393,-0.3889762440249549,-1.3638637132864502,-1.3073288528906293,0.30840454270272843,0.06858375269590211,0.5208667736757624,0.5545851528384279,0.006366530241018742,0.198581560283688,0.0,0.03797468354430356,0.0037453183520599342,0.0,-0.13888888888888884,0.03207840197076006
63,2009-09-30,0.031193518564004874,0.15340142349469232,0.037309564290927584,0.0987604756809366,0.02651481295661151,0.11419485635179115,-0.006080230257240471,-0.006099706744868039,-0.015037593984962403,-0.015037593984962403,0.5940756247928083,0.1692571860816945,1.3742442251046456,2.2211267760524347,0.7592530428730475,0.08167384284176538,0.3145118733509233,0.3099250936329587,0.02530501581563493,0.0769230769230771,0.0,0.03658536585365857,-0.004264392324093702,0.0,-0.06451612903225812,0.049761311747613
64,2009-12-31,0.03527013796185763,0.140843027667225,0.04523505721146126,0.2041365933398392,0.027566924353654043,0.0955059335088584,0.3253049663360603,0.3226901742185584,0.32061068702290063,0.32061068702290063,0.17629511358667593,-0.05320755254056586,-3.6480715653839457,0.17914773978460485,0.5088929719662523,0.2098519716382634,-0.9229225210758732,-0.9249463902787706,0.03305420890260025,0.17582417582417587,0.0,0.03529411764705892,-0.0010706638115632883,0.0,0.10344827586206916,-0.05259255597844882
65,2010-03-31,0.03698387514567214,0.0986526159060188,0.0050376711053539145,-0.06346011256571417,0.06210396966883236,0.0462035729604664,0.2034376568351981,0.20970293699765952,0.20809248554913284,0.20231213872832374,-0.2530437023854856,0.431829735594925,-0.7685245308762729,-0.8877789890163343,0.03784793544509424,0.04904380012338061,-8.21875,-8.466666666666665,0.059940273037542464,0.01869158878504673,0.0,0.03409090909090895,0.024294390853876413,2.945614035087719,0.09375,0.1731100328689934
66,2010-06-30,0.041201565846034516,-0.1054561549584132,0.02301769299397538,-0.01691014430144511,0.054731749837813926,0.11172127121620834,0.22020735310597028,0.22020735310597028,0.17224880382775146,0.1826923076923077,0.675015974108506,1.0718043426389885,1.8963141822313758,-5.131829147154818,-0.1506783387920968,-0.04655493482309125,0.14141414141414144,0.14923469387755106,-0.02354598510766748,-0.1009174311926606,-0.5598365440747226,0.03296703296703307,0.012905476107429205,0.09293019119608714,0.05714285714285716,-0.09006004002668455
67,2010-09-30,0.2134547556491342,-0.056907791095510474,0.17452234901538,0.14703552467615588,0.2415523858662938,0.013711384261299921,-0.0952752948944634,-0.11070850233020968,-0.12244897959183687,-0.1382113821138211,-0.11245220008985446,2.3340866886899496,-61.42653801829194,0.8542994252030209,-0.32897166029577696,-0.06949013157894746,0.03855878634639698,0.04217536071032192,0.1712695795548227,-0.04591836734693866,-0.2082228116710876,0.03191489361702127,-0.03409090909090895,0.05695687550854345,-0.027027027027027084,-0.17781036168132935
68,2010-12-31,0.17592584493826147,-0.18126508660239127,0.2713102818687381,0.3946879959473311,0.11080317490030467,0.1399165985928046,-0.11530005846337688,-0.12442270411731415,-0.17209302325581388,-0.1603773584905661,0.1230807002524561,-0.5927957396925863,-1.0113665713686897,0.8139543498319606,-0.8893877446573868,0.20039770216526745,-0.06695069993913583,-0.07774227902023434,0.06422664085870132,0.021390374331550662,0.08458961474036841,0.030927835051546507,-0.04973262032085568,-0.04503464203233254,-0.02777777777777779,-0.4129711092616811
69,2011-03-31,0.03318364997121481,0.14971264367816084,0.032549349013019764,0.12287173666288308,0.03367928785330432,0.14292203670162884,0.6469846673570254,0.6646586255443732,0.6348314606741574,0.6067415730337078,0.0276216815193222,-0.4065362448911729,-0.8572015065241062,-1.2060665242146729,1.6567164179104483,0.11724645683784285,0.04044357469015013,0.026558891454965483,0.03356481481481488,0.05235602094240832,0.11042471042471047,0.030000000000000027,0.0022509848058525073,0.030229746070133068,-0.02857142857142847,0.02389873417721522
70,2011-06-30,0.03706592965720135,0.22469382654336426,0.009863738051657522,0.13318170331058887,0.05829827764108252,0.10522292993630566,0.11022927689594364,0.11210762331838577,0.10996563573883143,0.10839160839160833,0.3870641738251641,-0.0691823899371069,44.75,2.3828828828828827,2.109550561797753,0.025782537067545297,0.018808777429467183,0.011248593925759163,0.05999040153575441,-0.00995024875621886,-0.06050069541029213,0.029126213592232997,0.023395096387797132,0.0078247261345854,0.0,0.08080308574819495
71,2011-09-30,0.02048185002901426,-0.06612244897959185,-0.014248313362199228,-0.10258697591436217,0.04634942063224212,-0.002305209774089434,-0.20413026211278795,-0.20725806451612905,-0.2074303405572755,-0.21135646687697165,-0.10856102003642988,0.3814496314496314,0.96448087431694,-1.6937416777629828,-0.4706413730803974,-0.1595599453946841,-0.0061538461538461755,-0.003337041156840859,0.04829459704195571,-0.20603015075376885,-0.21983715766099188,0.02830188679245293,0.027432333577176227,-0.02911490683229812,0.02941176470588225,0.040629575402635336
72,2011-12-31,0.09622593825028436,0.04960664335664333,0.17769038255273514,0.2333499005964215,0.039063899939074664,-0.007162661737523113,0.18662674650698602,0.1902339776195321,0.19140625,0.17599999999999993,0.1369023293829179,0.3423743886171633,-0.9248956884561892,-0.4414587332053743,-0.4965870307167235,-0.1463787502388687,0.07492260061919498,0.0714285714285714,0.04016700259141959,-0.1835443037974684,-0.17741935483870966,0.02752293577981635,-0.05055179779280883,0.06717313074770104,0.0,-0.14896236370031654
73,2012-03-31,0.022785345142264383,0.03143868415573592,0.020123167664151342,-0.053395123916985636,0.024902562687545204,0.0556202001396322,-0.32968881412952056,-0.3350427350427351,-0.3377049180327868,-0.3197278911564626,-0.27857656362329264,-0.12487578668433252,-11.833333333333336,-0.8281786941580755,-0.1694915254237288,0.1392433400492501,-0.11290322580645162,-0.11250000000000004,0.008858131487889276,0.09302325581395343,0.02306805074971164,0.03035714285714275,0.003187101612298626,-0.10678156612963664,0.0,0.08958462492250474
74,2012-06-30,0.07476003531378561,-0.06358498183286232,0.1284754697729784,0.0900383141762453,0.032239609624768566,-0.1243386243386243,-0.5533249686323714,-0.5668380462724936,-0.5693069306930694,-0.5700000000000001,0.3911310413552567,0.8713096139288419,2.8769230769230765,-3.32,0.4734693877551019,-0.11544507761839262,-0.2448051948051948,-0.2523474178403755,0.032651941281382824,-0.12056737588652475,-0.04284103720405852,0.029462738301559988,-0.03831059615025245,-0.2000838926174497,-0.05714285714285705,-0.14091986723565664
75,2012-09-30,0.02784137581488011,0.08730329812459581,0.0584689572031345,0.05252880296817032,0.0013366804681642641,0.05211480362537757,-0.4943820224719101,-0.5222551928783383,-0.5287356321839081,-0.5232558139534884,-0.4186962750716332,-0.39846278317152106,-0.4232804232804233,-1.3706896551724137,-0.1191135734072022,-0.02021548372764648,-0.2699914015477214,-0.28414442700156994,0.0011956954962135669,-0.056451612903225874,0.25206124852767964,0.028619528619528545,-0.0256509910610182,-0.24488725747247,-0.06060606060606066,0.03300585053537919
76,2012-12-31,0.0327665363033498,-0.016256938937351362,0.04662585421412292,0.027087198515769902,0.020088558963339283,0.05072983967456324,2.7111111111111112,3.0310559006211184,3.0487804878048776,3.024390243902439,0.2828096118299446,-0.03698722259583054,-0.5229357798165137,2.6744186046511627,-0.4968553459119497,-0.07278086384763616,-0.2285041224970553,-0.23684210526315802,0.01963906581740993,-0.06837606837606824,0.23894637817497635,0.0245499181669393,-0.011567610690067731,-0.21736111111111112,-0.03225806451612912,-0.04220987390468045
77,2013-03-31,0.01736997217511571,-0.022974607013301118,0.01356865945725372,0.004696531791907432,0.02093772940538119,-0.07173764518332959,0.07335329341317376,0.07550077041602465,0.07228915662650602,0.06666666666666665,0.25888568683957724,-0.0949720670391061,-0.905448717948718,-1.5569620253164556,0.55,-0.0306883482088276,-0.05954198473282446,-0.07471264367816087,0.02160333159812589,-0.05504587155963303,0.22323462414578588,0.03194888178913735,0.004439063761097818,-0.015084294587400128,-0.06666666666666654,-0.02755773736472156
78,2013-06-30,0.02521361988606929,-0.01856435643564358,0.027646368059050408,-0.07263574253865512,0.02294682214649701,0.07531894013738949,0.4435146443514644,0.4555873925501432,0.4550561797752808,0.4431818181818181,0.0526516596718809,0.06944444444444442,-1.8644067796610169,-1.7272727272727273,-0.25806451612903225,-0.01942482341069629,0.34577922077922074,0.3198757763975157,0.030191082802547783,-0.03883495145631066,0.031036623215394243,0.030959752321981563,-0.0014061872237847162,0.33513513513513504,0.0,0.05839834786599352
79,2013-09-30,-0.049108129439621166,0.264396805380412,-0.11005909432237426,-0.12310973245443968,0.007945967421533641,-0.08304814054300702,-0.7043478260869565,-0.7047244094488192,-0.7104247104247103,-0.7047244094488192,-0.2830735773831098,-1.3715728715728717,37.058823529411775,-17.671875,5.7989130434782625,0.05634165165937755,0.025331724969843258,0.04235294117647048,0.021516013354766942,0.03030303030303028,-0.22275737507525584,0.03003003003003002,0.10138805069402547,0.06545209176788136,-0.0357142857142857,0.4418428184281844
80,2013-12-31,0.0232075565663441,0.058178191489361764,-0.03720008804754571,0.039133318593853605,0.012583002334677571,-0.11022642448370246,-0.24836601307189546,-0.42,-0.4266666666666665,-0.4133333333333333,0.25227502527805856,-3.700970873786408,-1.4945904173106646,-0.3861293345829429,0.5235811350919264,0.08986848514369218,-0.2,-0.16478555304740405,0.02421014405035704,0.058823529411764726,0.034856700232377864,0.02478134110787167,-0.010410958904109702,-0.13679544015199496,-0.03703703703703709,0.01834448537703937
81,2014-03-31,-0.008371594983532571,-0.14184731385485394,-0.011431184270690451,-0.07319148936170218,-0.009402323631572672,0.027684563758389347,0.0260869565217392,0.3563218390804597,0.3953488372093024,0.3636363636363635,-0.07428340734759786,-0.2994248741912293,-1.6322916666666667,-1.401526717557252,-0.1379853095487933,-0.0769832402234637,-0.2250000000000001,-0.2081081081081081,0.0137099633613047,-0.09259259259259267,0.12649700598802416,0.03556187766714092,-0.0009228497600589637,-0.190755685986794,-0.03846153846153855,-0.07412329272794392
82,2014-06-30,0.0008180494429084195,-0.06168771737140768,0.012912426765340657,0.04912764003673087,-0.009884529351308902,-0.05197278911564629,1.597457627118644,1.139830508474576,1.1833333333333336,1.1833333333333336,0.02006105538595726,0.30425859415084666,0.5090609555189456,3.254752851711027,-0.6810712111990262,0.11499818423919628,-0.30170777988614794,-0.22525597269624564,-0.00151568147370873,0.09183673469387754,0.4132890365448505,0.03434065934065944,-0.010714945501570372,-0.2529465095194923,-0.040000000000000036,-0.10557371820428996
83,2014-09-30,-0.002958918441745229,-0.1365587202497074,0.06564176719053227,-0.05754923413566738,-0.059136009769500834,0.07347876004592413,-3.0244698205546494,-3.633663366336634,-3.67175572519084,-3.67175572519084,-0.18939717828131675,-0.03619197482297398,-1.589519650655022,-0.9874888293118856,-0.026717557251908386,0.0715448919769841,-1.3478260869565215,-1.1145374449339207,-0.044138253152732336,0.0747663551401867,0.4969440526563236,0.033200531208499307,-0.056395891690009366,0.0,0.0,-0.08389052331282865
84,2014-12-31,-0.08260370552549601,0.4493899683687301,-0.0067490358520211355,-0.14929185047596938,-0.15838146537737685,-0.2106951871657754,2.761482675261885,2.619548872180451,2.6514285714285712,2.6514285714285712,0.01951476793248941,-0.23959183673469386,-0.65,-19.5,0.5078431372549019,-0.24913880445795344,12.7734375,31.538461538461537,-0.1591741998534083,-0.20869565217391287,0.0,0.025706940874036015,-0.08252523253512756,0.0,-0.04166666666666663,0.7037757882444529
85,2015-03-31,-0.1305047183299971,-0.07934528448947775,-0.0923961891065972,0.4991812227074235,-0.18221074141188265,-0.3841463414634145,-0.006855184233076296,-0.03385957623597835,-0.034428794992175216,-0.034428794992175216,-0.6637351267459907,0.13687600644122375,3.910052910052911,-3.0849420849420848,-0.7022106631989598,-0.14424504115503978,1.1083380601247872,1.0709219858156027,-0.1827691413627779,0.01098901098901095,0.0,0.03132832080200498,-0.0595340811044004,0.0,-0.08695652173913049,-0.3858807402330363
86,2015-06-30,-0.2741623843782117,-0.06992888587876732,-0.3045355515943752,-0.5661751319861642,-0.2671726934137947,0.08745874587458746,0.2001725625539259,0.2040421414749516,0.2017828200972447,0.2017828200972447,0.9738461538461538,-2.9593956562795087,-3.922413793103448,-6.038888888888889,11.882096069868991,0.008672343109429105,0.886736615550175,0.8304794520547945,-0.2689777777777779,0.23913043478260845,0.0,0.03037667071688932,0.009633027522935713,0.0,0.0,1.1438802083333337
87,2015-09-30,-0.21239238785681924,-0.2574185326779538,-0.09779575098251414,-0.09064204783885854,-0.3689526505404015,-0.24329792615073345,0.014737598849748457,0.00982142857142865,0.008091706001348564,0.008091706001348564,-0.38503507404520654,-1.2421686746987952,-0.6021386430678466,-1.475927967658949,-0.4389830508474576,-0.27325308738471155,0.0,0.5254131587153104,-0.36892023346303504,-0.008771929824561429,0.0,0.02948113207547176,-0.19877328487051332,0.0,-0.04761904761904756,-0.1834193744306103
88,2015-12-31,-0.3225226520926219,-0.08016670752635446,-0.07739898989898986,-0.15043839409321647,-0.7384035069833825,-0.2814171122994652,0.36060928090683664,0.2755083996463308,0.27491638795986617,0.27491638795986617,-0.6679340937896071,-0.6507462686567165,-0.9082483781278962,-0.8548262548262548,-0.11359516616314205,0.007313400731340014,0.0,0.472812755519215,-0.738728323699422,0.5929203539823011,0.0,0.028636884306987295,-0.6138361213495889,0.0,-0.05000000000000005,0.08271795144238436
89,2016-03-31,-0.06172380851289672,-0.1412579957356077,-0.033461064732448365,-0.13199348180336778,-0.2135619641465316,-0.021395348837209286,-0.9269721426711792,-0.9322057396367668,-0.9323189926547744,-0.9323189926547744,0.05343511450381677,0.6866096866096867,0.4848484848484849,1.4627659574468086,-0.31561008861622364,-0.1029254751227846,0.0,0.08383067314365023,-0.21386430678466084,2.4444444444444446,0.0,0.0278396436525612,-0.16226138032305426,0.0,0.1578947368421053,-0.010647693817468109
90,2016-06-30,0.3771140901634709,0.02172563625077584,0.1079646017699114,-0.017521902377972458,2.539147670961348,0.3136882129277567,-0.6434937611408199,-0.5010224948875255,-0.4961240310077519,-0.4961240310077519,1.5615942028985508,-0.3682432432432432,-0.07482993197278909,-1.42548596112311,0.19621513944223112,0.25850987860033325,0.0,-0.1861954155461648,2.5309568480300197,0.5999999999999999,0.0,0.027085590465872226,1.5714285714285716,0.0,0.045454545454545414,0.03992461439269945
91,2016-09-30,-0.04916618746405976,-0.006075334143377909,-0.028753993610223683,0.03694267515923566,-0.09423130775693077,0.040520984081041884,1.795,1.4877049180327868,1.4615384615384617,1.4615384615384617,-0.07920792079207918,0.058823529411764726,0.661764705882353,-0.8527918781725888,0.024146544546211457,0.07849442027614906,0.0,-0.3255704169944925,-0.09404888416578104,-0.6945564516129032,0.0,0.026371308016877704,-0.047375596455350936,0.0,0.04347826086956519,-0.04149179702403672
92,2016-12-31,-0.02721499848805564,-0.009474327628361869,-0.023684210526315752,0.13206388206388198,-0.035708764878652044,0.030598052851182226,-1.0840787119856887,-0.8929159802306426,-0.89375,-0.89375,0.22273425499231947,-0.2474747474747475,0.5530973451327434,4.068965517241379,0.11951219512195133,0.07751666082076447,-0.6335377156708969,-0.8644423705086328,-0.036363636363636376,0.18811881188118829,0.0,0.025693730729702047,-0.008944543828264928,0.0,0.0,-0.12503731714598465
93,2017-03-31,0.004041032017407575,0.05708114779389084,-0.003571428571428559,0.02984264785675528,0.02356524527092008,0.2672064777327936,4.680851063829787,-4.276923076923077,-4.294117647058823,-4.294117647058823,-0.42839195979899497,-0.6879194630872483,-0.3789173789173789,-0.020408163265306145,0.10457516339869287,-0.07259114583333337,-0.5828793774319065,-0.6695352839931153,0.021302495435179702,-0.03611111111111109,0.0,0.025050100200400882,0.01949458483754518,0.0,0.12500000000000022,0.0264998578333806
94,2017-06-30,-0.00035382574082265533,0.35639229422066543,-0.03043213633597075,0.5136986301369864,0.08050117462803441,-0.2630457933972311,1.2958801498127341,1.6854460093896717,1.6785714285714284,1.6785714285714284,0.6505494505494505,3.688172043010753,-0.22477064220183485,0.013888888888888841,0.09598948060486512,-0.12442962442962435,-1.1623134328358211,-1.84375,0.07926102502979737,-0.14409221902017288,0.0,0.02443792766373409,0.08073654390934859,-0.7779126213592233,0.0,-0.10392776023489003
95,2017-09-30,-0.03393504999557562,-0.188939100494943,-0.061309897468089576,-0.14201183431952658,0.016234236845919625,0.13800578034682087,-0.8287112561174551,-0.8898601398601399,-0.8933333333333333,-0.8933333333333333,-0.26231691078561914,-0.7844036697247706,0.0946745562130178,0.8835616438356164,0.16496700659868035,-0.10463018641010224,5.781609195402299,1.8456790123456792,0.016013252346769757,-0.16835016835016836,3.837625628140704,0.02385496183206115,0.05209698558322407,5.770491803278687,0.03703703703703698,-0.0547140649149922
96,2017-12-31,0.003984428669567164,-0.011674184133722454,-0.02429781542576903,0.04016227180527388,0.05776636713735561,0.0069841269841270925,3.9333333333333336,6.238095238095237,6.5,6.437499999999999,0.2057761732851986,7.436170212765957,-0.1945945945945946,-1.9963636363636363,-0.141091658084449,-0.04432505036937552,0.5949152542372882,0.4663774403470713,0.0565217391304349,-0.06072874493927138,-0.8648315263260404,0.02329916123019582,0.05356586733104951,0.6384180790960454,0.03571428571428559,-0.04983649444081106
97,2018-03-31,-0.005975732141228041,-0.12671140939597314,-0.015916533394257915,-0.0865834633385335,0.011596548004314977,0.09836065573770504,-0.6023166023166023,-0.6820175438596492,-0.6833333333333333,-0.6806722689075629,-0.0793413173652695,0.1223203026481714,1.1208053691275168,1.1569343065693432,-0.35431654676258995,-0.03302881236823607,-0.08873538788522839,-0.0325443786982248,0.009773662551440188,-0.08620689655172398,-0.4183477425552353,0.022768670309653904,0.017735737511084926,-0.031527093596059215,0.0,-0.043915198237885485
98,2018-06-30,0.005460970125281017,-0.03504457423916385,-0.0005417118093173912,-0.012809564474807857,0.01839509464142885,0.1073478760045925,0.3058252427184467,0.3448275862068966,0.3421052631578947,0.3421052631578947,0.8097560975609757,0.1505617977528091,-0.38607594936708856,-0.8223350253807107,-0.09749303621169914,0.02083333333333326,-0.3224489795918368,-0.2324159021406728,0.0173204279164545,0.014150943396226356,0.07762180016515298,0.02226179875333933,0.012779552715654896,-0.3606307222787385,0.06896551724137945,-0.022534197264218903
99,2018-09-30,-0.001825650387950684,-0.1127747690347244,0.0006968641114981633,-0.04541522491349481,-0.0036649214659686398,0.027993779160186527,-0.4014869888475836,-0.5846153846153845,-0.5882352941176471,-0.5882352941176471,-0.09613656783468104,-0.095703125,1.365979381443299,2.6095238095238096,-0.3899176954732511,0.08281917418130047,0.000860585197934638,0.05179282868525892,0.004506760140210231,0.0604651162790697,0.560919540229885,0.021777003484320545,-0.001720676799541132,-0.0365950676213207,0.06451612903225823,-0.07056050673933856
100,2018-12-31,-0.013168724279835398,-0.035188509874326764,0.1182296502630764,-0.002718622564567341,-0.0633210719915922,-0.10741301059001518,-3.1739130434782608,-5.703703703703702,-5.7142857142857135,-5.7142857142857135,0.03677932405566597,0.1922246220302375,-1.3965141612200436,-1.3192612137203166,0.20404721753794264,-0.18255533640149035,-0.9535683576956148,-0.7518939393939394,-0.05333998005982055,-0.18421052631578932,-0.2002945508100148,0.021312872975277168,-0.05084745762711862,-0.9554087530966144,0.03030303030303028,-0.03256993422616683
101,2019-03-31,0.0078305995737189,-0.06810569408262003,-0.09064489344035433,0.07860063607451151,-0.019775596072931226,-0.07627118644067797,-0.8657142857142857,-0.8766404199475065,-0.8787878787878788,-0.8787878787878788,-0.42665388302972207,-0.1503623188405797,-1.2582417582417582,-4.198347107438016,-0.5420168067226891,-0.17211796246648792,-4.833333333333333,-0.8854961832061069,-0.021063717746182098,-0.12365591397849475,16.23327194597913,0.020868113522537483,-0.02754237288135608,0.0,0.0,-0.13597640891218887
102,2019-06-30,0.002528619373821872,0.11461661341853024,-0.0008370111094201382,-0.047177759056444835,-0.06266990985834886,-0.01957186544342504,5.7234042553191475,6.659574468085108,7.0,7.0,0.43143812709030094,-0.04690831556503194,-6.531914893617022,-1.5736434108527133,0.6788990825688073,0.0307642487046631,3.8309178743961363,-17.933333333333334,-0.0629370629370628,0.04907975460122693,0.0,0.02044153720359776,-0.06504824151882971,0.0,-0.058823529411764726,0.16979522184300344
