Unnamed: 0,Quarter end,Assets,Current Assets,Liabilities,Current Liabilities,Shareholders equity,Revenue,Earnings,Earnings available for common stockholders,EPS basic,EPS diluted,Cash from operating activities,Cash from investing activities,Cash from financing activities,Cash change during period,Cash at end of period,Price,ROE,ROA,Book value of equity per share,P/B ratio,P/E ratio,Cumulative dividends per share,Equity to assets ratio,Net margin,Asset turnover,Current ratio
0,1993-12-31,0.02413923730953793,0.0431896551724138,0.0640491922239621,0.14836293342998674,-0.02484413818965925,0.032715900890065035,-0.8489932885906041,-0.8489932885906041,-0.8461538461538461,-0.2430555555555555,0.26410026857654434,0.2429284525790349,-0.220703125,-0.3083969465648855,-0.26200115673799884,0.05392371766768966,0.2770448548812665,0.001506024096385561,-0.015151515151515247,0.04705882352941182,0.058767319636884974,1.0,-0.04788418708240538,0.26239067055393583,0.0,-0.09161612557973607
1,1994-03-31,0.02413923730953793,0.0431896551724138,0.0640491922239621,0.14836293342998674,-0.02484413818965925,0.032715900890065035,-0.8489932885906041,-0.8489932885906041,-0.8461538461538461,-0.2430555555555555,0.26410026857654434,0.2429284525790349,-0.220703125,-0.3083969465648855,-0.26200115673799884,0.05392371766768966,0.2770448548812665,0.001506024096385561,-0.015151515151515247,0.04705882352941182,0.058767319636884974,1.0,-0.04788418708240538,0.26239067055393583,0.0,-0.09161612557973607
2,1994-06-30,0.004130448184452185,-0.05602842740269398,-0.01701363962670499,0.02135718043135193,0.032447243186078945,0.011413929652923429,3.8740740740740733,3.8740740740740733,3.833333333333333,-0.2430555555555555,0.35127478753541075,0.07764390896921025,0.3609022556390977,-0.5496688741721854,-0.15987460815047014,0.05392371766768966,0.2770448548812665,0.001506024096385561,0.031952662721893565,0.04705882352941182,0.058767319636884974,0.5217391304347825,0.028070175438596585,0.26239067055393583,0.0,-0.07572068180032976
3,1994-09-30,0.030656516044531783,0.030990107677492777,0.03330168699335423,0.10877626699629173,0.02728373219107927,0.06563795485951185,0.2021276595744681,0.2021276595744681,0.2068965517241379,-0.2430555555555555,0.6105870020964361,0.5186335403726707,0.30386740331491713,-0.642156862745098,-0.06809701492537312,0.05392371766768966,0.2770448548812665,0.001506024096385561,0.025229357798165042,0.04705882352941182,0.058767319636884974,0.34285714285714297,-0.003185437997724749,0.26239067055393583,0.0,-0.0701963117192147
4,1994-12-31,0.0297446487430999,0.029973677507005195,0.05972153509081912,0.07478632478632474,-0.008701957940536631,-0.005835314458612517,0.09608091024020228,0.09608091024020228,0.10000000000000007,-0.2430555555555555,-0.5587373901724699,-0.2,-1.905367231638418,-1.547945205479452,0.040040040040040026,0.05392371766768966,0.2770448548812665,0.001506024096385561,0.005592841163311046,0.04705882352941182,0.058767319636884974,0.2553191489361701,-0.037206117324811605,0.26239067055393583,0.0,-0.041678091582122316
5,1995-03-31,0.043771693019668316,0.037675185490519285,0.04435107376283853,-0.002852450514305493,0.04297732260424292,0.06836956521739124,0.02191464821222611,0.02191464821222611,0.025974025974025983,-0.2430555555555555,0.2883480825958702,0.03783231083844574,-0.7675507020280812,-3.525,-0.09720885466794993,0.05392371766768966,0.2770448548812665,0.001506024096385561,0.041156840934371434,0.04705882352941182,0.058767319636884974,0.22033898305084754,-0.0009483167377905,0.26239067055393583,0.0,0.04062947067238909
6,1995-06-30,0.05675226307038605,0.04544371176610795,0.07478127594354689,0.0030339805825243533,0.03200070138523592,-0.0005086987486010441,0.1297968397291196,0.1297968397291196,0.12658227848101267,-0.2430555555555555,0.4064109902690327,0.5783251231527093,5.879194630872482,-3.801980198019802,0.3017057569296375,0.10232945091514156,0.08126721763085397,0.001506024096385561,0.033119658119658224,0.05992509363295895,-0.15794223826714804,0.1805555555555556,-0.023255813953488302,0.07390300230946889,-0.01388888888888895,0.04225093941893498
7,1995-09-30,0.01674766616551859,0.012234972262330055,0.015448603683897888,0.13300492610837433,0.01860504630022941,0.02371742671009769,-0.07492507492507494,-0.07492507492507494,-0.2921348314606742,-0.2430555555555555,-0.3406593406593407,-0.385143570536829,-0.9951219512195122,-2.243816254416961,-0.28746928746928746,0.04830188679245295,0.016560509554140124,0.001506024096385561,0.0175801447776629,0.014134275618374659,-0.054662379421221874,0.15294117647058816,0.001700680272108901,0.017204301075268942,-0.014084507042253502,-0.10657755891663734
8,1995-12-31,0.03748280605226961,0.018018018018018056,0.05002925687536575,0.016781083142639153,0.01959966638865729,-0.0583673063537834,-0.0388768898488121,-0.0388768898488121,0.26984126984127,-0.2430555555555555,-0.2222222222222222,0.4568527918781726,337.0,-1.2272727272727273,0.09195402298850586,-0.023398128149748062,-0.02067669172932329,-0.03157894736842115,0.019308943089430874,-0.03832752613240431,-0.0011337868480725266,0.13265306122448986,-0.0172204705311666,-0.0010570824524313016,-0.02857142857142847,0.001279527559055138
9,1996-03-31,0.031488233344381784,0.011799410029498471,0.02284758985789903,-0.04876219054763686,0.04417177914110426,0.06969376979936648,0.5168539325842696,0.5168539325842696,0.5125,-0.2430555555555555,0.5952380952380953,-0.08013937282229966,-0.7041420118343196,-2.625,-0.13684210526315788,-0.0014743826022852735,0.09404990403071034,0.08850931677018625,0.042871385842472735,-0.021739130434782483,-0.011350737797956813,0.11711711711711704,0.012339585389930852,0.11640211640211627,-0.029411764705882363,0.06359972476162379
10,1996-06-30,0.03984575835475579,0.044460641399416856,0.05774993189866516,-0.1017350157728707,0.014101057579318343,-0.015794669299111552,-0.274074074074074,-0.274074074074074,-0.28099173553719003,-0.2430555555555555,-0.01990049751243783,0.2083333333333333,1.64,-1.6923076923076923,0.10975609756097572,0.06386120339608703,-0.028654970760234044,-0.03566333808844513,0.018164435946462776,0.022222222222222143,-0.06257175660160752,0.10483870967741947,-0.024865919063871256,-0.008530805687203769,-0.015151515151515138,0.16275415896487974
11,1996-09-30,0.007725587144622903,-0.0404745289602233,0.016739634303373663,0.10886742756804213,-0.005793742757821518,0.07923771313941819,-0.04081632653061229,-0.04081632653061229,-0.28735632183908044,-0.2430555555555555,0.17766497461928932,-0.3448275862068966,-1.2651515151515151,-2.333333333333333,-0.13186813186813184,-0.04129077029840389,-0.013847080072245666,-0.02514792899408269,0.00375586854460086,-0.061594202898550665,-0.03612982241273721,0.13138686131386845,-0.013250000000000095,-0.014340344168260022,-0.015384615384615441,-0.1346474843017248
12,1996-12-31,0.12183379331493405,0.2510545454545454,0.2000506585612969,0.2578780680918449,0.0018648018648017566,0.05046468401486992,0.06276595744680846,0.06276595744680846,0.4677419354838711,-0.2430555555555555,-0.012499999999999956,1.7478468899521529,-13.174285714285714,-7.833333333333332,1.0341772151898736,0.1639522258414765,0.012820512820512777,-0.022761760242792084,0.00467726847521055,0.16216216216216206,0.16772554002541296,0.0903225806451613,-0.10691664555358504,-0.018428709990300662,0.0,-0.0054193074308809255
13,1997-03-31,-0.013968236612634244,-0.03243808859434949,-0.01709654269914307,-0.1273997608107258,-0.008220877927718306,0.020171635848889702,0.06106106106106113,0.06106106106106113,0.05494505494505497,-0.2430555555555555,-0.0785683107813182,-0.7487375935921992,-1.2675428303215208,-1.5963414634146342,-0.3042937149968886,0.12033582089552253,-0.06871609403254975,-0.10248447204968948,-0.004655493482309203,0.11295681063122932,0.08596300326441786,0.08284023668639051,0.005673758865248235,-0.09782608695652162,-0.015625,0.10879202068710736
14,1997-06-30,0.0016217564870260044,-0.007149723624128802,-0.008718433258890212,-0.054966457476736674,0.0204488583046607,-0.002428236926545813,0.0943396226415094,0.0943396226415094,0.09375,-0.2430555555555555,0.2908574135480815,0.1884961884961885,0.2473684210526317,-0.15746421267893662,-0.368515205724508,0.05467665834027202,0.0433656957928803,0.01730103806228378,0.0205799812909262,0.059701492537313376,0.13326653306613226,0.08196721311475398,0.01889985895627655,0.009857612267250905,0.015873015873015817,0.050641345993670095
15,1997-09-30,0.002490970232905676,-0.017065052950075654,-0.004375893592132085,-0.1415922448668041,0.014636576114027466,0.06780839780926717,-0.07413793103448274,-0.07413793103448274,-0.2952380952380953,-0.2430555555555555,0.17651376146789002,0.24081632653061225,-0.11111111111111116,-0.5606796116504854,-0.25637393767705385,0.11342105263157908,0.024813895781637733,0.006802721088435382,0.02658111824014653,0.09295774647887334,0.0565870910698496,0.05555555555555558,0.012181616832779518,-0.0010845986984815426,0.0,0.14499762169018535
16,1997-12-31,-0.02341215609944647,0.031644400664901706,-0.025435161009573548,0.03174462030944336,-0.01990106113817458,0.0009769600260522981,0.494413407821229,0.494413407821229,0.9864864864864864,-0.2430555555555555,-0.13849033063006866,-1.3355263157894737,1.4778481012658229,-2.845303867403315,0.6361904761904762,-0.08106830536516185,0.13922518159806296,0.15033783783783772,-0.015178571428571375,-0.10567010309278346,-0.11087866108786604,0.07177033492822993,0.003555798687089773,0.11726384364820852,0.03125,-6.923769300004601e-05
17,1998-03-31,0.012057389214785495,-0.03914781882198482,0.017860730950414183,-0.034646212186503544,0.002042074439392749,-0.016998779991866608,-0.2492211838006231,-0.2492211838006231,-0.23809523809523805,-0.2430555555555555,-0.2074583635047067,-4.739495798319328,-1.1538952745849298,-1.026946107784431,-0.010477299185098987,0.05092592592592582,0.025504782146652527,0.032305433186490484,0.006346328195829587,0.06628242074927959,-0.08235294117647063,0.06696428571428559,-0.01008449168710812,0.017492711370262315,0.015151515151515138,-0.004639246641739314
18,1998-06-30,0.026327551048912046,0.044966151170734665,0.035555263100173214,0.07365413802339082,0.01015111316184103,0.0138176402449115,0.14605809128630698,0.14605809128630698,-0.4285714285714286,-0.4220183486238532,0.11466423024211968,-0.032958801498127355,-0.17012448132780078,-29.66666666666667,0.3035294117647058,0.02667645619187486,0.041968911917098506,0.03982930298719767,0.022522522522522515,0.021621621621621626,-0.004102564102564044,0.07112970711297062,-0.01569383259911905,0.02769818529130852,0.0149253731343284,-0.026713043478260867
19,1998-09-30,0.01922893730522701,-0.02424962852897472,0.02141404727611617,0.05238649592549472,0.015302044079022581,0.0368073124948991,-0.07530774800868932,-0.07530774800868932,0.1875,0.1587301587301586,-0.038524590163934384,-0.10728117738187448,-2.3725,-2.9108527131782944,-0.4449458483754513,-0.1671036948748511,0.03679761312779717,0.028727770177838563,0.02466960352422909,-0.18518518518518512,-0.2054582904222452,0.06640625,-0.003916083916083779,0.029739776951672736,0.0,-0.07283253520120081
20,1998-12-31,0.03061578722495195,0.012243406225254327,0.001472326483213493,0.08019911504424783,0.03944063284969812,0.003306045340050412,-0.01018010963194993,-0.01018010963194993,-0.21052631578947367,-0.1917808219178082,0.16410912190963334,-0.0780911062906724,0.18943533697632065,-0.924949290060852,-0.06016260162601628,0.013451631368059493,-0.07817745803357301,-0.08244680851063824,0.039552880481513286,-0.012987012987012991,-0.12572909915748542,0.06227106227106227,0.008705419825891571,-0.0703971119133574,-0.014705882352941237,-0.06290471785383901
21,1999-03-31,0.009677544727875631,0.032254182212059224,0.013231457323891194,-0.01923780264794095,0.001262398557258848,-0.01671112505884198,-0.15427215189873422,-0.15427215189873422,-0.1499999999999999,-0.15254237288135586,0.01281581838154522,0.29741176470588226,-1.4410413476263402,-8.486486486486488,0.4792387543252594,0.011296243998870636,-0.04214360041623312,-0.04637681159420304,0.0016542597187758634,-0.02631578947368418,0.0637509266123053,0.05862068965517243,-0.008351893095768337,-0.03495145631067953,-0.0149253731343284,0.052484369858506234
22,1999-06-30,0.028035824266064543,-0.0039057945668649055,0.030715468089019593,0.08092183770883055,0.020280979827089318,-0.012367350195483963,-0.11506080449017775,-0.11506080449017775,-0.11764705882352945,-0.12,-0.12870571221981195,0.07363075807036634,0.8263888888888888,-1.1877256317689528,-0.06081871345029244,0.15805640882435054,-0.1037479630635525,-0.1063829787234043,0.0198183319570604,0.15540540540540548,0.17979094076655056,0.05863192182410426,-0.007580011229646355,-0.08953722334004033,-0.015151515151515138,-0.07847428482100992
23,1999-09-30,0.02788282722382407,0.043132205770468834,0.020421920850186348,0.28186020837645764,0.04565194365003712,0.02932622394571016,0.2959830866807611,0.2959830866807611,0.2444444444444445,0.2727272727272729,0.23734439834024895,-0.14054054054054055,-2.2870722433460084,2.5961538461538463,-0.2328767123287672,-0.144682903303593,-0.03696969696969698,-0.0357142857142857,0.04615384615384621,-0.1608187134502923,-0.07324276432368583,0.055384615384615365,0.017256011315417208,-0.012154696132596676,-0.030769230769230767,-0.1862595419847328
24,1999-12-31,0.033926294699775365,0.04527603231597843,0.060369952978665424,0.18177414145763807,-0.01090626688276608,-0.007613217172906417,-0.5872756933115824,-0.5872756933115824,-0.5714285714285715,-0.5892857142857143,-0.16566063044936286,0.4571540880503144,-3.0649926144756283,-1.9572192513368984,0.2905844155844155,-0.16013532562729071,-0.17998741346758973,-0.18871252204585545,-0.011609907120743057,-0.19512195121951226,-0.0917782026768642,0.05247813411078717,-0.04338153503893216,-0.16666666666666666,-0.015873015873015928,-0.11548884719616424
25,2000-03-31,0.006506241999318929,0.016960979013472155,0.012863503930515163,-0.22131632885447505,-0.002048270917966777,0.06548560582094276,-0.05928853754940711,-0.05928853754940711,-0.08333333333333326,-0.0434782608695653,0.016077170418006492,-0.5187483140005396,-1.474964234620887,-0.26815642458100564,0.16477987421383644,0.007049345417925457,-0.16884113584036842,-0.17826086956521736,-0.0015661707126076731,0.017316017316017396,0.21684210526315795,0.049861495844875314,-0.008430232558139461,-0.17315436241610727,-0.016129032258064502,0.3060334668866369
26,2000-06-30,-0.0004083871043020215,0.028394996569377717,0.04949796472184542,-0.014915769770706631,-0.09564533232990112,0.0439429928741093,-5.044117647058823,-5.044117647058823,-5.090909090909091,-5.090909090909091,0.4861550632911393,3.7606502242152464,-8.537650602409638,0.5801526717557253,0.22354211663066947,0.1103333333333334,-0.9085872576177284,-0.9126984126984128,-0.09568627450980394,0.11063829787234036,0.32468281430219137,0.05013192612137196,-0.09527997654646736,-0.9139610389610392,0.016393442622950838,0.04394117116304242
27,2000-09-30,-0.03458701031890553,-0.07364639466256095,-0.08057092620365103,-0.18365892761712488,0.06717857548133299,0.03036120591581337,-2.135064935064935,-2.135064935064935,-2.0666666666666664,-2.0666666666666664,-0.21027415491083312,-1.2011067938302131,-1.9866133866133864,-1.927536231884058,-0.16946160635481022,0.011407985589912741,3.4343434343434343,3.424242424242424,0.06678230702515188,0.11877394636015336,12.333478450152375,0.04773869346733672,0.10531432274789387,3.283018867924529,0.032258064516129004,0.1347450302506481
28,2000-12-31,0.0037240795598814094,0.015346260387811615,-0.011024242083356728,-0.06502764038405584,0.031049516180484238,0.0037954592505693436,-0.3794050343249428,-0.3794050343249428,-0.34375,-0.35416666666666663,-0.04314122008763055,-1.7271662763466042,-0.6727420008100445,-0.5416666666666667,-0.09351753453772582,0.07984565152864365,0.6879271070615034,0.6986301369863013,0.03252032520325199,0.013698630136986356,-0.7671009240212884,0.04556354916067162,0.027264731750219703,0.6299559471365637,0.046875,0.08599284027724874
29,2001-03-31,-0.002023779408044546,0.03939542751132219,0.0004549849286241691,0.12167418702349453,-0.006566055897418321,0.03004262340162245,-0.3023598820058997,-0.3023598820058997,-0.3015873015873016,-0.3064516129032259,-0.6618527650581191,0.2028985507246377,-1.3985148514851486,-2.738636363636364,0.17936694021101984,0.07833974711379854,0.2280701754385965,0.2379032258064517,-0.0015748031496062296,0.04391891891891887,-0.3888966774148324,0.043577981651375934,-0.004566210045662046,0.191891891891892,0.04477611940298498,-0.07336232290643853
30,2001-06-30,-0.007930472569255831,-0.06551525014436455,-0.03704545885206445,-0.17055070051324728,0.04467437192885315,-0.05499566174998327,0.39852008456659616,0.39852008456659616,0.4090909090909092,0.3953488372093024,2.2135416666666665,0.2838018741633199,-2.574534161490683,0.013071895424836557,0.15407554671968193,0.1047667601325517,1.1945054945054945,1.2899022801302933,0.04731861198738163,0.10679611650485432,-0.10415232851571476,0.04395604395604402,0.05303899082568808,1.2653061224489797,0.0,0.12662730850741746
31,2001-09-30,-0.01638925390567969,-0.053536318184371656,-0.04358691802117365,0.13086378459737436,0.028785319155983924,-0.04378840313581467,-0.22071050642479212,-0.22071050642479212,-0.29032258064516125,-0.2833333333333333,0.2823338735818477,-1.978623566214807,5.25542406311637,-4.219354838709677,-0.429801894918174,-0.06252884171665896,-0.21782674011016528,-0.1948790896159318,0.029367469879518108,-0.10526315789473684,-0.601280409731114,0.04210526315789487,0.046011434794445805,-0.18518518518518529,0.0,-0.16305005038629486
32,2001-12-31,-0.005591222275825425,-0.033357075023741745,-0.023229018784848617,-0.07763975155279501,0.0208641895807844,-0.02762390132210646,0.10281280310378273,0.10281280310378273,0.20454545454545456,0.2093023255813955,-0.30788675429727,-2.021310602024508,-0.8770297966262022,-1.0420841683366733,0.03172205438066466,0.03667240954959383,-0.06722151088348283,-0.03886925795053009,0.02048280907095834,0.006535947712418277,0.300578034682081,0.040404040404040435,0.02654867256637173,-0.023341523341523285,-0.02857142857142847,0.048001284315299486
33,2002-03-31,-0.02091082113224441,0.0016578656514798509,-0.06197076294392723,-0.21893538560205228,0.03977165205323918,-0.0028864413216862506,0.10905892700087948,0.10905892700087948,0.0943396226415094,0.09615384615384603,-0.2574872169466764,-1.588941053729786,2.614102564102564,13.047619047619047,0.4319180087847732,0.14933523266856594,0.03637611530542206,0.08455882352941169,0.04014336917562722,0.12662337662337664,0.20740740740740726,0.03883495145631044,0.06211967545638952,0.10691823899371067,-0.014705882352941237,0.2823988970588234
34,2002-06-30,0.046462875438328936,0.09176730215165828,0.029888619419743183,0.13979267166170595,0.06885673552340221,0.046697646072979326,0.12053925455987312,0.12053925455987312,0.12068965517241392,0.10526315789473696,0.21790457452041312,-2.2090345438441097,-0.8808087974459028,1.9830508474576272,0.8997955010224951,0.014046684569303913,-0.020529801324503216,0.01864406779661021,0.06891798759476231,-0.025936599423631246,-0.052760736196318936,0.039252336448598164,0.02124612079255206,0.027272727272727337,-0.0149253731343284,-0.042107149256405685
35,2002-09-30,0.031384690098949834,0.07203818079730495,0.057540937138870214,0.1312021611886538,-0.017964071856287456,0.017467248908296984,0.02123142250530785,0.02123142250530785,-0.15384615384615385,-0.0634920634920636,0.369951534733441,1.0388278388278387,-1.2529761904761905,-0.2284090909090909,0.3654467168998923,-0.0664086371969852,0.05611899932386755,0.07154742096505817,-0.0180528691166989,-0.12721893491124248,-0.07944732297063906,0.037769784172661865,-0.04791958859280043,0.07632743362831862,0.0,-0.052313256016959686
36,2002-12-31,0.021294879340788768,-0.03917666160372912,0.006391489010762363,0.02069734118770894,0.0408912264478094,0.03505007153075823,-0.1282051282051282,-0.1282051282051282,0.03636363636363616,-0.050847457627118516,-0.2240566037735849,0.21559468199784404,-10.24705882352941,-3.1929307805596467,-0.5869136775719354,-0.05258564259218845,-0.008322663252240736,0.0031055900621119736,0.040709126723571736,-0.03389830508474578,-0.11819887429643527,0.03639514731369165,0.019396022587773176,-0.0010277492291881352,0.0,-0.058688071583656735
37,2003-03-31,0.019006673659216933,0.04829653856636695,0.020486765549454944,0.04032132272656375,0.02304339376440212,0.09060124395300616,-0.0969793322734499,-0.0969793322734499,-0.08771929824561397,-0.0892857142857143,-0.327887537993921,-0.5394620159621637,-0.3244274809160306,-0.7891202149093351,-0.29961832061068705,-0.06517733763242739,-0.0497094899935443,-0.051083591331269385,0.022712933753943343,-0.10175438596491226,-0.08138297872340428,0.03511705685618738,0.003853564547206201,-0.0679012345679012,0.03030303030303028,0.00768854406933661
38,2003-06-30,0.012227400235272912,0.049555405335135916,0.0035332851521721045,-0.1248219506709648,0.023419902846753,0.03282428236486923,-0.7658450704225352,-0.7658450704225352,-0.7692307692307693,-0.7647058823529411,0.6416054267947993,-0.4428754813863928,1.6685499058380415,-3.162420382165605,0.9250681198910082,0.046563192904656166,-0.2323369565217392,-0.23491027732463304,0.02344231955582976,0.0234375,0.07411696583671112,0.03715670436187391,0.011036468330134276,-0.2516556291390729,0.014705882352941124,0.1992786293958521
39,2003-09-30,0.05397311401401295,0.0245243757431628,0.09252220532927913,0.35446290902861066,0.002996393720831492,0.007607828701147402,3.93609022556391,3.93609022556391,4.0,3.833333333333333,0.05199724517906335,4.365207373271891,-1.6400846859562457,-1.9587628865979383,-0.4607218683651805,0.05084745762711873,-0.052212389380530966,-0.05543710021321957,0.003013863773357439,0.026717557251908275,0.3520215633423178,0.035825545171339616,-0.04841006169909823,-0.06932153392330376,0.014492753623188468,-0.2436090225563909
40,2003-12-31,0.037606420763578896,0.0709898931282944,0.026916668192554786,-0.08841386288894515,0.05287508261731655,0.025939231565487383,0.003808073115003863,0.003808073115003863,-0.01666666666666672,0.0,-0.3266775777414075,-0.6302340562593944,-1.227122381477398,-1.2565284178187404,0.21916010498687646,0.08848566308243733,-0.010270774976657404,-0.015801354401805856,0.05288461538461542,0.08550185873605942,0.0944976076555024,0.03458646616541339,0.014713216957605857,-0.0221870047543582,0.014285714285714237,0.17487383391955946
41,2004-03-31,0.01797355567817216,0.05002934934754144,0.0048499545316762465,0.3178853892049396,0.03979912115505346,0.10184580687281143,0.07132018209408186,0.07132018209408186,0.06779661016949158,0.06896551724137945,-0.191541079241614,0.13472706155632985,-4.728155339805825,1.958083832335329,0.5317545748116255,0.050627701173080686,0.036792452830188616,0.03669724770642202,0.03995433789954328,-0.003424657534246478,0.03897996357012756,0.033430232558139705,0.021626935364954525,0.02431118314424641,0.0,-0.2032541490400261
42,2004-06-30,-0.0032622333751568533,0.005289185121479356,-0.02014018276994056,-0.12402611076016,0.0252595991306448,0.01939132776730413,0.15439093484419253,0.15439093484419253,0.1587301587301586,0.14516129032258052,0.9488875526157547,-0.035823950870010224,-3.53125,-2.0688259109311744,-0.3710470836261419,-0.013907933398628723,0.2784349408553233,0.2831858407079648,0.02524698133918779,-0.05154639175257747,-0.07117812061711082,0.040787623066104166,0.028626413278806776,0.2689873417721518,0.014084507042253502,0.14760660022872085
43,2004-09-30,0.011117824773413831,0.03383522970313968,-0.01711336472292646,0.024999999999999908,0.046730732994158634,0.04491413474240424,0.03128834355828225,0.03128834355828225,0.027397260273972712,0.028169014084507005,0.2027152113545203,0.09713375796178347,-0.3899176954732511,-2.075757575757576,0.6346368715083799,0.03476360746920948,0.02277580071174357,0.04827586206896538,0.046573875802997884,0.010869565217391351,-0.21026802567006408,0.03918918918918912,0.03507951356407868,0.016209476309227092,0.04166666666666674,0.008612712648586873
44,2004-12-31,0.061053344488267484,0.08030948735984111,0.05551358820819896,0.05821998123827399,0.0667866786678668,0.006826801517066938,-0.007733491969066031,-0.007733491969066031,-0.013333333333333308,-0.013698630136986356,-0.08850692662904057,0.2612481857764877,-1.2141652613827991,1.2253521126760565,0.8639781271360218,0.06584757151084664,0.012526096033402823,0.03618421052631572,0.06547314578005102,0.017921146953404854,0.005258126195028634,0.03771131339401812,0.005422503389064692,0.01595092024539868,0.013333333333333421,0.02088920254057891
45,2005-03-31,0.0050594176507030575,0.06135580237456905,-0.02054531490015365,0.022438916283450627,0.03571127235909555,0.00617780010045199,0.05095923261390878,0.05095923261390878,0.04054054054054057,0.04166666666666674,-0.11398817900365887,-0.2485615650172613,-0.07874015748031493,0.09335443037974687,0.5067840117345068,0.09690201729106618,0.008934707903780259,0.0349206349206348,0.0283245319251082,0.028169014084507005,0.04184498335710885,0.04010025062656642,0.03056179775280898,0.033816425120772875,0.0,0.03808931287156092
46,2005-06-30,-0.037124204981648035,-0.12582996535796764,-0.016984192047905022,-0.01918283299013768,-0.06012097513288939,0.03748814456147365,0.08727895037079292,0.08727895037079292,0.09090909090909084,0.09333333333333327,-0.15470139771283353,0.2480857580398161,-15.837606837606838,-3.3791606367583213,-0.8001946945728888,-0.018062397372742185,0.020435967302452118,0.03067484662576692,-0.02801120448179273,-0.044520547945205435,-0.062072113190324026,0.03855421686746974,-0.023986044483209845,0.017523364485981352,0.013157894736842035,-0.10874342411933148
47,2005-09-30,0.009602514112785787,-0.0032198142414860964,0.024728960440915104,0.07359116022099442,-0.008537563110793345,-0.0036566589684372533,-0.06086044071353625,-0.06086044071353625,-0.04761904761904756,-0.03658536585365847,0.652010522360015,0.11370143149284262,-0.4403801843317973,-0.9200121654501217,-0.32034104750304504,-0.039297658862876166,0.008678237650200371,0.007440476190476275,-0.010566762728145941,-0.010752688172043112,-0.07445255474452561,0.037122969837587005,-0.017873100983020532,0.003444316877152742,0.0,-0.0715780035863719
48,2005-12-31,0.020761278917838855,0.02000248478071809,0.008686882983617084,-0.10987031700288186,0.029133428040651218,0.013424763376472805,0.00949720670391052,0.00949720670391052,0.012499999999999956,0.012658227848101332,-0.3814831665150137,0.047741461623209684,-1.1477097272259391,-1.5665399239543727,0.2670250896057347,0.0,0.02117802779616129,0.019202363367799347,0.02669902912621347,0.010869565217391351,-0.01945320715036813,0.03579418344519025,0.008189262966332933,0.005720823798627039,0.012987012987013102,0.14590375020119106
49,2006-03-31,0.03836271400201419,0.04060089321965088,0.023117534597372424,0.09498757009886116,0.054982161060142636,0.10416468121604884,0.12894299944659648,0.12894299944659648,0.1358024691358024,0.11250000000000004,0.03346818683339458,0.5229582895198037,4.435540069686411,-0.785234899328859,0.04526166902404527,0.09747606614447336,0.036292935839274065,0.031884057971014464,0.047754137115839417,0.06810035842293916,0.06970509383378021,0.03671706263498909,0.016019855595667876,0.0022753128555175195,0.03846153846153855,-0.04965236322775479
50,2006-06-30,0.02341264445955127,0.0193133047210301,0.04112735938008938,0.08827877507919757,0.015882601606377108,0.0010357327809424888,0.03088235294117636,0.03088235294117636,0.021739130434782483,0.033707865168539415,0.2323843416370106,-0.4789413118527043,-1.8717948717948716,-5.1875,-0.1813261163734776,0.02077716098334648,0.0031269543464664817,0.0028089887640450053,0.03339350180505418,-0.02684563758389269,-0.022556390977443552,0.03541666666666665,-0.007328447701532292,-0.002270147559591318,0.0,-0.06333136269583206
51,2006-09-30,-0.009751301944946332,3.8277511961615225e-05,0.0009385806026676047,0.12720745196972638,-0.024293583798993386,-0.08820486290739782,-0.3894436519258203,-0.3894436519258203,-0.3723404255319149,-0.3804347826086958,0.29078833381461155,-0.9977915194346292,2.465441176470588,0.8880597014925373,-0.4181818181818182,0.005282784338098256,-0.08167082294264337,-0.08123249299719881,-0.008733624454148492,-0.024137931034482696,-0.024102564102564058,0.03420523138832987,-0.014765100671140896,-0.07053469852104677,-0.012345679012345734,-0.11282051282051285
52,2006-12-31,0.0285581403668822,0.01435351756870551,0.019905571915047604,0.0355513471636395,0.03807879772542644,0.1501182033096926,0.793613707165109,0.793613707165109,0.7966101694915255,0.8070175438596494,-0.6366890380313199,424.6,-1.16995544239338,-2.158102766798419,0.8323863636363635,0.07140649149922695,0.04684317718940957,0.047256097560975485,0.04052863436123366,0.07773851590105996,0.1455596426694692,0.033073929961089384,0.00930971843778372,0.030599755201958345,0.024999999999999908,-0.02045353490440205
53,2007-03-31,0.03286956521739137,0.09758122335006236,0.03603400164524096,-0.059725685785536164,0.03228015259708505,0.01677286742034934,-0.011723838471558893,-0.011723838471558893,-0.009433962264150941,-0.009708737864077666,0.34852216748768483,0.2796052631578947,-0.7078651685393258,-1.9283276450511944,-0.4217054263565891,0.06174264281592622,0.0149156939040207,0.011644832605531395,0.03132938187976286,0.022950819672131303,-0.010091743119266194,0.03578154425612068,-0.0006749156355455588,0.013064133016627231,-0.012195121951219412,0.16722650930549254
54,2007-06-30,0.058157939046977525,0.036511156186612485,0.0799302517475986,0.20386332493480092,0.034075618307590316,0.049205514899122615,0.2517574692442883,0.2517574692442883,0.2571428571428571,0.2549019607843137,0.9410958904109592,1.6827029012118988,11.811965811965814,-0.7941176470588236,-0.15013404825737264,0.060054347826086873,0.07220447284345055,0.06330935251798553,0.036535303776683126,0.02564102564102577,0.021316033364226158,0.034545454545454664,-0.0227375056280954,0.06213364595545135,0.012345679012345512,-0.13899043322703586
55,2007-09-30,0.007216281586149842,-0.051908852698265284,0.007222662726158678,-0.11044611712869468,0.007202683136924294,-0.022350674373795787,0.02772902772902764,0.02772902772902764,0.03030303030303028,0.0234375,0.6252646436132674,-0.6339493497604379,-2.394929953302201,-2.8928571428571432,0.334384858044164,0.12650602409638556,0.15673420738974975,0.1529093369418133,0.010693069306930704,0.08749999999999991,0.02268602540834852,0.033391915641476144,0.0,0.13907284768211925,0.012195121951219523,0.06576332429990961
56,2007-12-31,0.02802638334847352,0.0018891687657429657,0.034523230183494125,-0.08176827506501018,0.01954290705291495,-0.02499014584154513,-0.09938524590163933,-0.09938524590163933,-0.09558823529411777,-0.09160305343511456,-0.4692430163554784,0.25018698578907994,-1.052367288378766,4.283018867924528,1.2813238770685578,0.12106041642962805,0.009273570324574987,0.0011737089201877544,0.02390282131661436,0.1091954022988506,-0.05811889973380646,0.032312925170068015,-0.008293020041465038,0.0281007751937985,-0.036144578313252906,0.0911171384980507
57,2008-03-31,0.01645113452125746,0.0445911027306376,0.04965549683167758,0.10298480625730466,-0.0140460467606639,0.05324223803363527,0.1918847174819871,0.1918847174819871,0.2032520325203253,0.2016806722689075,-0.2789746386692119,-1.0068800478612026,-11.32420091324201,-0.2446428571428572,0.43834196891191707,-0.08890693189891408,0.06891271056661563,0.05275498241500598,0.003444316877152742,-0.10880829015544036,-0.11917098445595865,0.036243822075782584,-0.02996515679442502,0.06691800188501418,-0.012499999999999956,-0.05290142158005129
58,2008-06-30,-0.011528227147652005,0.04348988801604548,-0.02570287476768552,-0.1325345396747769,0.008037217385008066,0.07780294016044209,-0.7769646834234807,-0.7769646834234807,-0.777027027027027,-0.7762237762237763,0.8850226928895613,-78.69565217391305,0.4772224679345423,-1.297872340425532,-0.09077809798270896,0.10426645872786013,-0.19006685768863416,-0.19376391982182628,0.002669717772692648,0.09883720930232552,0.017647058823529568,0.0349761526232113,0.01987547892720309,-0.20229681978798567,0.012658227848101332,0.2029199475065615
59,2008-09-30,-0.03859007792962621,-0.08761532547411588,0.00171814332291631,0.03922950434578332,-0.09661141738646364,-0.09985754985754992,2.7318116975748934,2.7318116975748934,2.787878787878788,2.78125,0.1037319422150882,1.2893116955791828,-0.5200598802395209,0.8015873015873016,-0.17987321711568938,-0.16685160899828502,-0.012382075471698006,-0.031767955801105134,-0.08672499049068083,-0.1693121693121692,0.02101944298476077,0.033794162826420886,-0.0603428034749941,-0.033222591362126234,0.0,-0.12205100231828715
60,2008-12-31,-0.02527184937118676,-0.005161335627260288,-0.0019988115174760512,0.004475587703435703,-0.060548233844196615,-0.13146858680170914,-0.7377675840978593,-0.7377675840978593,-0.736,-0.7355371900826446,-0.6378840210870751,-0.2537276949401125,-1.7666874610106051,-1.6607929515418502,0.14492753623188406,-0.3343019736045527,-0.18149253731343284,-0.202567760342368,-0.061224489795918435,-0.2707006369426752,-0.3180648481729285,0.0326894502228825,-0.036231884057971064,-0.19243986254295545,-0.012499999999999956,-0.00963031997514774
61,2009-03-31,-0.030578768688385494,-0.08364509070374815,-0.03728212623146043,-0.1015347225347676,-0.01862000380863716,-0.10927891404363864,1.9970845481049562,1.9970845481049562,1.9696969696969693,2.03125,0.2776104417670682,-0.19554536521454305,-1.3653376729048006,-3.5866666666666664,-0.3274261603375528,-0.0574754456165878,-0.11451495258935085,-0.12880143112701248,-0.019520851818988327,0.004366812227074135,0.1924528301886792,0.03237410071942448,0.012185636505055886,-0.09361702127659566,-0.03797468354430378,0.01991844416562105
62,2009-06-30,0.030693077641869237,-0.009744261284855948,0.009347633572764023,-0.1019385863848119,0.06256872426209004,0.010637209778050494,-0.4494163424124513,-0.4494163424124513,-0.4489795918367345,-0.4536082474226804,0.5854616895874263,-0.07166123778501632,3.1804008908685963,-0.7577319587628866,-0.11794228356336255,0.20281744500192972,0.10626029654036252,0.0882956878850103,0.061538461538461535,0.2260869565217392,0.39873417721519,0.03135888501742157,0.03099385245901632,0.1737089201877935,-0.06578947368421062,0.10264493310779632
63,2009-09-30,0.06416465879854627,0.16596009490101515,0.12791410188563626,0.3964747880410531,-0.027676886553172464,0.07747191579799617,1.154593639575972,1.154593639575972,1.148148148148148,1.1509433962264146,0.15415117719950433,0.14692982456140347,-2.12519978689398,-45.45744680851064,5.9445234708392585,0.1320391464784214,-0.014892032762472085,-0.035849056603773584,-0.035379369138960004,0.06737588652482263,0.053846153846153655,0.03040540540540526,-0.08621118012422357,0.02000000000000001,-0.05633802816901401,-0.1650512516560909
64,2009-12-31,-0.008795695788657687,-0.07158582960837945,-0.045523576693706665,-0.14327368589231504,0.05050188860368543,0.020757995585403588,0.03239032390323904,0.03239032390323904,0.02586206896551735,0.017543859649122858,-0.5836375348937084,0.05315487571701727,-1.396306818181818,-1.395309882747069,-0.33838590741499386,0.1281179138321995,0.26984126984127,0.27397260273972623,0.04860804242156447,0.16943521594684394,0.1545727780163162,0.02950819672131133,0.05981511691136476,0.29281045751633994,-0.0149253731343284,0.08368130950392527
65,2010-03-31,0.018436640984939467,0.013940787582638723,0.0005045017075442362,0.0936174180614482,0.0460279306303264,0.03473659995399125,0.0007942811755361491,0.0007942811755361491,0.0,0.0,0.7988653945332647,0.10130718954248374,0.6176821983273597,-0.4424939467312349,-0.28513931888544897,-0.065075376884422,0.023809523809523725,0.030721966205837118,0.04509060261272646,-0.1079545454545454,-0.2718482707326144,0.03121019108280265,0.026936890713186168,0.020222446916076768,0.0,-0.0728267570900123
66,2010-06-30,-0.011647887109772936,0.04372785258681789,-0.013808618750242418,-0.014025663980901215,-0.0064949863263445975,0.0014673188083593749,0.004761904761904745,0.004761904761904745,0.0,0.008620689655172377,0.40625,-0.2443125618199801,-0.4025110782865583,-2.8935939196525515,0.7553053269813772,-0.027815103466810043,0.14534883720930236,0.14605067064083446,-0.007661290322580672,-0.07006369426751602,-0.07405515832482124,0.030265596046942456,0.005246065450911885,0.12685827552031714,0.03030303030303028,0.058515501620812975
67,2010-09-30,0.03896333676938935,0.030012901473484014,0.023703703703703786,-0.029704254583189264,0.06030890392629117,0.043910669093815136,0.07464454976303325,0.07464454976303325,0.07563025210084051,0.06837606837606837,-0.002650356778797103,0.08464223385689351,2.457354758961681,-1.1777522935779816,-0.07648655317049102,0.0266758811333796,-0.008629441624365521,0.01820546163849146,0.05201137748882578,0.03424657534246589,-0.11527854384997238,0.029376498800959275,0.020626242544731662,0.002638522427440781,0.014705882352941124,0.061562622693364766
68,2010-12-31,-0.003420727237725685,-0.053925769661810286,-0.041724831269290386,-0.13680317276413712,0.04743189889848387,0.017225246682545103,-0.012862918044836413,-0.012862918044836413,-0.0234375,-0.016000000000000014,-0.3119378577269011,0.1134352373290426,-0.3185555952806578,3.1,-0.3395671920919049,0.1598007539041466,-0.019969278033794224,0.0063856960408683605,0.044032444959443806,0.10264900662251653,0.1334164588528679,0.02853814793244025,0.05113221329437545,-0.007894736842105288,0.014492753623188468,0.09601301871440192
69,2011-03-31,0.026820805812908244,0.03703574663786502,0.04530571333110589,0.1415518042434567,0.002616179001721175,0.045825145294142285,0.13291139240506333,0.13291139240506333,0.1359999999999999,0.13008130081300814,-0.1381461675579323,-0.2640895953757225,-0.6573976915005246,-1.1817466561762389,0.09344660194174748,0.0343586767266395,0.02403343782654144,0.03680203045685282,0.017018128005919175,-0.009009009009009028,0.01925192519251939,0.03284258210645508,-0.02362751911049332,0.02210433244915988,0.014285714285714237,-0.09158399136127426
70,2011-06-30,0.045641682403930295,0.10078951789013946,0.029789682286006425,-0.04861393750282639,0.0698688457048684,0.030584096269939742,0.07295432139336189,0.07295432139336189,0.08450704225352124,0.07913669064748219,0.7304377800758359,0.819833087874325,-1.3598774885145484,5.917748917748918,0.5911949685534592,0.039052856020648674,0.02091836734693864,0.0379436964504285,0.06365951255001813,0.02121212121212124,-0.008634646519158129,0.0317982456140351,0.023013048635824436,0.032006920415224904,0.0,0.15705794947994067
71,2011-09-30,-0.011126872642978292,-0.02646116282618649,0.036935874355950034,0.11322369046487313,-0.07002342671929651,0.01295678485530294,-0.005206738131699806,-0.005206738131699806,0.0,0.0066666666666666,0.2440239043824701,-0.02616671162665229,-11.727659574468086,-1.0475594493116396,-0.017670309230411574,-0.06804190517334485,0.0339830084957522,0.030660377358490587,-0.05813953488372092,-0.12462908011869435,-0.12520413718018508,0.03081827842720508,-0.059369202226345126,0.017602682313495373,0.014084507042253502,-0.12546551945550274
72,2011-12-31,0.007039543199423459,-0.004263590193742561,-0.0021312260536398013,-0.0020495303159692173,0.019531384795886675,-0.07203584558823528,-0.2361453201970444,-0.2361453201970444,-0.23376623376623384,-0.23178807947019875,-0.3103282626100881,-0.011080332409972304,-0.6497421658072193,1.0,-0.0359763313609468,-0.058639471549426385,-0.02078298695021752,-0.03318077803203656,0.018881626724764008,0.0,-0.1020535158680772,0.02989690721649496,0.012327416173570029,-0.019769357495881386,-0.01388888888888895,-0.0022026431718060735
73,2012-03-31,0.0392250873791804,0.052484100497449886,0.02570132706198547,0.08651377716926234,0.05985784396683025,-0.03252032520325199,0.19306731156791626,0.19306731156791626,0.18644067796610164,0.18965517241379315,-0.25586254933828656,0.16050420168067234,-1.1721404303510758,3.8881578947368425,-0.18242082003437265,0.0961467438138619,-0.02467917077986181,-0.026035502958579933,0.05559515324305075,0.07457627118644061,0.10949410949410954,0.032032032032031976,0.019727228446176248,0.009243697478991564,-0.02816901408450712,-0.031346578366445936
74,2012-06-30,-0.005008090506693042,-0.09267402554668104,-0.036837302887089966,-0.15909269906277068,0.040062592811407116,-0.001791579575992852,0.6368243243243243,0.6368243243243243,0.6357142857142859,0.6376811594202898,0.6396255850234009,-1.2326816316678737,-38.13815789473684,-1.3795423956931359,0.08468468468468471,-0.051549865229110536,0.11892712550607287,0.12393681652490884,0.03882511816340295,-0.10094637223974756,-0.04934415990006247,0.031037827352085486,0.04537855266300439,0.15986677768526225,-0.043478260869565084,0.07900334244910368
75,2012-09-30,0.13849296749524553,0.12617454089875044,0.20556264043237985,0.2596703193781025,-0.005588307541144699,0.07012520832443059,-0.7137254901960784,-0.7137254901960784,-0.7117903930131004,-0.7168141592920354,-0.006660323501427201,-11.320539419087137,-1.990611160318866,2.3049645390070923,0.2580287929125138,-0.034695085849615226,-0.1605608322026233,-0.175135135135135,-0.011049723756906049,-0.07017543859649134,-0.15111695137976355,0.030103480714957605,-0.12657071053232805,-0.12849964106245526,-0.045454545454545525,-0.10595606871303864
76,2012-12-31,0.026638255675311973,0.043123133672931635,0.0629860971186782,0.10297780586638904,-0.02746557154325946,0.023240955195271917,1.0064888248017303,1.0064888248017303,1.0151515151515151,1.046875,-0.4567049808429119,-0.6415720172881696,-0.719062947067239,-0.02145922746781115,0.20070422535211274,0.00036800785083412885,0.010237068965517349,-0.022280471821756298,-0.0029576076240551696,0.01132075471698113,0.16021671826625394,0.0292237442922374,-0.05257651059377444,0.01153212520593083,-0.031746031746031744,-0.054256240648870135
77,2013-03-31,-0.0098832295565483,-0.051612360023574944,-0.023324361210099287,0.08584718055883256,0.010509104186179341,-0.030518264127380568,0.04347826086956519,0.04347826086956519,0.04511278195488711,0.05343511450381677,0.14386459802538787,-0.02832305103757715,-1.7281985996180778,-2.5789473684210527,-0.26392961876832843,0.06989576946658492,-0.009066666666666669,-0.037533512064343084,0.006921555702043447,0.07462686567164177,0.0413609072715142,0.03149955634427681,0.02043070127001645,-0.0187296416938112,-0.016393442622950838,-0.1266444629475436
78,2013-06-30,0.01568415673704493,0.03003669507575757,0.011935837594977185,0.04224608889992544,0.02753907784148924,0.02540053135818376,-0.00688705234159781,-0.00688705234159781,-0.007194244604316501,-0.014492753623188246,0.407213316892725,0.4900432900432901,-1.7202797202797204,-1.1194444444444445,0.042828685258964105,0.03816618911174774,-0.1652314316469322,-0.1963788300835655,0.021276595744680767,0.0277777777777779,0.037796284433055716,0.030537634408602125,0.011634199134199276,-0.18174273858921164,-0.033333333333333326,-0.011726570693107008
79,2013-09-30,0.02051305506165924,-0.011951618927227292,-0.01464312770303311,-0.03874676117580489,0.07664200097847362,0.01538884308876054,-0.5246185852981969,-0.5246185852981969,-0.5362318840579711,-0.5367647058823529,0.10164293537787517,-0.0726321905868681,-1.1177184466019416,0.8372093023255813,0.07545367717287488,0.13093398101126086,-0.023210831721469986,-0.01559792027729634,0.06826923076923075,0.10810810810810813,0.3481481481481481,0.02963272120200333,0.055094945172506016,-0.009127789046653123,0.0,0.027879606405556645
80,2013-12-31,0.003647038391941804,-0.031694338635108066,-0.013780485431224121,-0.02552980542818195,0.03151048692861513,-0.01585153682582641,1.1167031363967903,1.1167031363967903,1.140625,1.1428571428571428,0.0874925432491549,-0.2151211361737677,23.55670103092784,-2.9873417721518987,-0.13943161634103018,0.055349472862163296,-0.023762376237623672,0.005281690140845008,0.029702970297029733,-0.012195121951219412,0.05769230769230771,0.02877989460883645,0.027883396704689426,0.013306038894575378,0.0,-0.006288127639605734
81,2014-03-31,0.002668125390729692,-0.009068796732830895,-0.004164281908070056,-0.011096273686887924,0.014716409691629906,0.0142997446474169,-0.023087525844245338,-0.023087525844245338,-0.029197080291970882,-0.022222222222222254,-0.1250685682940208,0.07982969664715278,-0.5822837951301427,-0.5111464968152866,-0.0792053663570691,0.05041161779668868,-0.04259634888438135,-0.017513134851138368,0.011655011655011592,0.02160493827160481,0.04155844155844135,0.03033884948778565,0.011837237977805115,-0.016161616161616155,0.0,0.002077823951643243
82,2014-06-30,0.01966263987084571,0.012091275493196774,0.002675492488802611,0.01472526765906834,0.04420084385895895,0.02041132499322207,0.10758377425044086,0.10758377425044086,0.10526315789473673,0.10606060606060597,0.16886102403343786,0.08107442089699357,0.4572864321608041,-0.3713355048859936,-0.05407677220509943,0.08207115181401893,-0.014124293785310769,0.01426024955436733,0.04061059907834119,0.06948640483383682,0.0960099750623442,0.02944550669216084,0.024128686327077764,0.016427104722792633,-0.017241379310344862,-0.002639019792648356
83,2014-09-30,-0.029323768030486638,-0.013473860710222165,-0.01463641215187872,-0.061183105731757566,-0.04299245131030184,0.01609352463372038,-0.6687898089171975,-0.6687898089171975,-0.6666666666666667,-0.6712328767123288,0.07706061147863408,-0.07020743104627303,0.23241379310344826,-0.9481865284974094,-0.002962085308056861,0.07527669270833326,-0.04297994269340977,-0.03163444639718793,-0.04594519789648499,0.033898305084745894,0.05271141448615847,0.028603268945022187,-0.014040932889100466,-0.040404040404040435,0.017543859649122858,0.05084105084105084
84,2014-12-31,-0.008082523862287694,-0.047832948889158684,-0.012747605436036258,0.013128585892676405,-0.001941404871161345,-0.04340679865521102,2.121153846153846,2.121153846153846,2.1020408163265305,2.125,-0.1922310756972112,0.13557244422652606,-0.3738108561835478,96.8,-0.2905525846702317,0.013471581018693612,0.0314371257485031,0.03811252268602528,-0.004641717435451054,0.06010928961748618,0.046469740634005774,0.027807872878295337,0.006275645667390696,0.03368421052631576,0.0,-0.060161870503597226
85,2015-03-31,-0.008029304693967787,-0.007235751625653486,-0.010758477761748986,0.026449915053799344,-0.0025845065632864594,-0.057130584192439875,-0.10659272951324704,-0.10659272951324704,-0.11184210526315784,-0.11333333333333327,-0.012330456226880449,-0.18696027633851464,0.293118856121537,-0.5593047034764826,-0.18048576214405365,0.10245687401986414,0.007982583454281489,0.013986013986013957,-0.004954823666569519,0.10824742268041243,0.06746987951807237,0.028460997891777806,0.005277044854881119,0.022403258655804503,0.0,-0.03281982585398524
86,2015-06-30,0.010157884507654202,-0.00391716166318834,-0.007722721437740666,-0.05270502709895175,0.03457211046709864,0.023068958376475386,0.09931034482758627,0.09931034482758627,0.0962962962962961,0.10526315789473673,0.4371618809821056,0.060010621348911324,0.8804422944022114,-1.4547563805104409,0.10015329586101183,-0.015714963083384048,0.007919366450684029,0.013793103448275671,0.03368482718219101,-0.009302325581395321,-0.017736214124476013,0.027673385719166443,0.024337866857552008,0.020916334661354563,-0.017241379310344862,0.05144440047487153
87,2015-09-30,-0.013207707325354371,-0.06172839506172845,0.04084948718214099,0.24982013772311484,-0.04442393883469553,-0.008420370820176548,0.08061480552070255,0.08061480552070255,0.08108108108108114,0.0748299319727892,0.12914434631533234,-0.09644288577154314,0.5314222712238148,-1.4540816326530612,-0.04133766836971664,-0.0633129172114788,0.2371428571428569,0.2380952380952381,-0.04647208841031458,-0.0938967136150235,-0.06533158240315172,0.026928191489361764,-0.03167947822035877,0.25951219512195123,-0.01754385964912264,-0.2492472713586751
88,2015-12-31,-0.010196064938267302,-0.045279648206678624,-0.029402406284180223,-0.020750527671938856,0.016291902331356134,-0.038213440026128816,0.05544267053701013,0.05544267053701013,0.049999999999999815,0.05696202531645556,-0.2646493140146172,-0.16440255059606326,-0.5248380129589633,-9.168539325842696,0.3522286821705427,-0.00639188891337894,0.030023094688221837,0.03571428571428559,0.015156017830609159,0.041450777202072464,-0.1921320688443976,0.026222078342505558,0.02670194852056773,0.05267234701781565,-0.017857142857142905,-0.02506579771901241
89,2016-03-31,-0.026042421047142827,0.09075206908960064,-0.0003688033356212817,0.07465569365132674,-0.06115024908037081,-0.035911367688258755,-2.3017051705170517,-2.3017051705170517,-2.3035714285714293,-2.2994011976047903,-0.14751525719267655,-0.1297279362972794,0.014646464646464574,-0.5323246217331499,0.12182013615191688,-0.03209109730848858,-0.5739910313901345,-0.5755968169761273,-0.06293911007025754,-0.047263681592039634,-0.05913043478260871,0.027129337539432363,-0.03608247422680422,-0.5732155997056658,0.0,0.015040493636714112
90,2016-06-30,0.016221714612035143,0.11467405647928207,0.014921549135554548,-0.046938084446875535,0.01862186623485517,0.0718562874251496,-1.7327276568772447,-1.7327276568772447,-1.7305936073059358,-1.7327188940092166,0.4573532419717734,-0.025162028211971,0.2538576406172226,4.932352941176472,0.6442031299904183,0.09365928189457584,0.07105263157894748,0.05937499999999996,0.01624492346141837,0.16710182767624016,1.5942698706099816,0.026412776412776395,0.002430724355858116,0.055172413793103336,0.0,0.16945288753799392
91,2016-09-30,0.0568852986800128,0.2777613353853439,0.09477648864519916,-0.10265380305556317,0.004854231129531428,0.011748274728885956,0.13610149942329874,0.13610149942329874,0.13749999999999996,0.12578616352201255,0.1966315789473685,-0.023856081345326567,-2.5073441842000794,3.8909271194843833,1.9162781662781665,0.03080469404861685,0.0921375921375922,0.07669616519174037,0.0012296341838302636,0.015659955257270708,-0.015496971856074016,0.025733093955715214,-0.04922405431619781,0.08333333333333326,0.0,0.42397660818713456
92,2016-12-31,-0.11625949167280525,-0.17800477150070648,-0.1980095739676625,-0.10766606767581402,0.01156845019492625,-0.23568818514007306,-0.2390862944162437,-0.2390862944162437,-0.2417582417582418,-0.23463687150837986,-0.3963171475486745,0.03165064102564097,-3.38346062681064,-1.673086670045616,-0.5558515952840871,-0.05319509385376432,-0.09448818897637801,-0.08493150684931505,0.010439054344488774,-0.05506607929515417,-0.12230866654604675,0.4334889148191365,0.1446059678653404,-0.05429864253393657,-0.036363636363636376,-0.07878926154080157
93,2017-03-31,0.12003484538925302,0.4918000450856628,-0.028038780462559358,-0.11178237422349646,0.30104028485652456,0.05184594953519262,6.104736490993996,6.104736490993996,6.086956521739131,6.080291970802919,-1.3386438702156596,-8.983300970873787,-0.2405524861878453,-2.8109939759036147,1.8033893221355728,0.013097623819066763,4.147826086956521,4.505988023952097,0.30021270130659383,0.002331002331002363,0.13090084518655942,0.019332519332519338,0.16176470588235306,4.771929824561403,-0.03773584905660377,0.6795178733592009
94,2017-06-30,-0.0009904037154128134,0.0099922555297407,-0.012708104078662408,-0.06498097836529226,0.010195977418593127,0.07161254482096857,-0.9521596244131456,-0.9521596244131456,-0.9519427402862984,-0.9525773195876288,-3.8973034997131375,-0.9311183538454054,-0.7197730248799651,-0.6147193347193347,0.24784678756753875,-0.004733309784528572,-0.14358108108108106,-0.08754758020663403,0.009114279037158337,-0.2348837209302325,-0.8222748815165877,0.018965861449391053,0.011123897199846631,-0.04310583033987292,-0.058823529411764726,0.08017105780574107
95,2017-09-30,0.03435683159887537,0.09906489620347858,-0.007454547633600539,0.022932763439092563,0.07158641791679066,0.03826759036712391,3.5996074582924438,3.5996074582924438,3.5319148936170217,3.608695652173913,0.4306930693069306,1.7761299435028248,-0.0316718587746625,1.0310813727606305,0.4034125010717655,0.043938103350369184,-0.060016906170752275,0.01966626936829563,0.06855025474756826,0.03647416413373872,0.13230769230769224,0.0186128526645768,0.03603945371775419,0.05833092694195785,-0.02083333333333337,0.07444823663253697
96,2017-12-31,-0.013992375671460722,-0.08868923035036669,-0.047586848110895086,-0.2641221374045801,0.012799666871567084,0.006127729108982738,-0.6701514828248347,-0.6701514828248347,-0.6666666666666667,-0.6698113207547169,-0.22352941176470587,-2.233528364283897,2.4375335120643435,-1.5855472901168968,-0.16831622678396874,0.0720745223363024,-0.12290167865707426,-0.07831677381648161,0.01127004768097084,0.002932551319648091,0.04619565217391308,0.018272744758607296,0.02709630172098132,-0.08567530695770798,0.0,0.23836347465164545
97,2018-03-31,0.016601862835551984,0.007618336289795469,-0.008836655002789184,-0.04329547936230616,0.03577966383757692,-0.02747451051159433,1.6934023285899094,1.6934023285899094,1.676056338028169,1.7000000000000002,-0.0267379679144385,-0.9146215714580326,-0.7278115738574326,-1.6248638838475498,0.1264600014691839,0.03976660112894015,-0.6127819548872181,-0.6036778693722258,0.034504929275611,0.02631578947368407,0.09350649350649354,0.02077823951643376,0.018894830659536455,-0.6081766636824828,0.021276595744680767,0.05325079517083342
98,2018-06-30,0.037539638379134654,-0.0631543835591053,0.07394568873994299,0.20401757689893274,-0.008959624981097812,0.047919469313912,0.13808837656099904,0.13808837656099904,0.1368421052631581,0.13756613756613767,0.36172161172161177,10.932367149758454,0.6171919770773641,-1.2335172814406041,-0.026215396654602367,-0.008905697206295079,0.29214474845542804,0.3024,-0.009322560596643936,-0.03988603988603978,1.4885193982581155,0.020355292376017745,-0.04478656403079073,0.3046458492003048,0.0,-0.22191193661514488
99,2018-09-30,-0.0014422576278246837,0.0052813767184254345,-0.046927108146736514,0.10830410465446973,0.03542818996757592,0.017662682602921587,-0.04431314623338256,-0.04431314623338256,-0.04629629629629628,-0.051162790697674376,-0.0700739744451917,0.23522267206477745,-0.07158043940467751,1.427860696517413,-0.06536079022266872,-0.0009231905465286738,-0.028688524590164025,-0.01965601965601971,0.034295273943956595,0.005934718100890191,-0.2472160356347438,0.01994922016684808,0.03681318681318689,-0.021015761821366108,0.0,-0.09293881979801344
100,2018-12-31,-0.0018927642178920843,0.0015150918893391818,-0.007923019245188678,-0.014882607022195569,0.0023393967303706464,-0.03258079951281045,-0.23272245528814306,-0.23272245528814306,-0.2330097087378641,-0.23039215686274506,-0.0523575354353486,-0.628810226155359,0.10610687022900757,-1.6762295081967211,0.04728979328628236,-0.014353477484137291,0.11111111111111116,0.11403508771929838,0.001819652244237746,-0.0471976401179941,-0.002535925612848655,0.01955903271692749,0.004239533651298365,0.12820512820512842,-0.02083333333333337,0.01660915573959043
101,2019-03-31,0.005354717375404938,-0.03825222499459713,-0.02487844204267753,-0.10006511829824184,0.025985720717823343,-0.016321942446043125,0.2123741007194244,0.2123741007194244,0.2088607594936709,0.21019108280254767,-0.037545787545787516,1.8944812362030907,-0.4133885438233265,-2.4196969696969703,-0.06410563404371772,0.07743749999999983,-0.010759493670886132,-0.006749156355455589,0.02361251261352182,0.07739938080495358,-0.045338983050847485,0.020230205790024325,0.02058047493403703,-0.0010570824524313016,0.0,0.06870021723388864
102,2019-06-30,0.01493413702616331,0.004085634907664559,0.008293394995543268,0.039652677279305326,0.01973902218400992,0.016592768661150892,0.1583194873012106,0.1583194873012106,0.1570680628272252,0.1578947368421053,0.1379638439581352,-0.15588773642464915,0.1823529411764706,-0.7913553895410885,-0.014291458021126526,0.2059864261268056,-0.012156110044785562,0.0045300113250283935,0.018730283911672085,0.17816091954022986,0.20461606746560146,0.019829059829059803,0.004653567735263486,0.012698412698412652,-0.021276595744680767,-0.03421698992123312
