Unnamed: 0,Quarter end,Assets,Current Assets,Liabilities,Current Liabilities,Shareholders equity,Revenue,Earnings,Earnings available for common stockholders,EPS basic,EPS diluted,Cash from operating activities,Cash from investing activities,Cash from financing activities,Cash change during period,Cash at end of period,Price,ROE,ROA,Book value of equity per share,P/B ratio,P/E ratio,Equity to assets ratio,Net margin,Asset turnover,Current ratio
0,1993-12-31,0.14923646693035542,0.17091609092832627,0.2127408234388908,0.34331439310516965,0.06079450346268711,0.018109536869062914,0.05154190253750834,0.05154190253750834,0.05063291139240489,0.28378378378378377,-0.9141472920670152,-0.27536326176534376,9.352344127597874,0.24358612912320265,-0.09850156430100444,0.07060063224446789,0.0010845986984815426,0.07466666666666688,0.05914718019257225,-0.132142857142857,0.07015221707478503,-0.07690302398331582,0.03734439834024905,-0.006968641114982632,-0.1283286340852129
1,1994-03-31,0.14923646693035542,0.17091609092832627,0.2127408234388908,0.34331439310516965,0.06079450346268711,0.018109536869062914,0.05154190253750834,0.05154190253750834,0.05063291139240489,0.28378378378378377,-0.9141472920670152,-0.27536326176534376,9.352344127597874,0.24358612912320265,-0.09850156430100444,0.07060063224446789,0.0010845986984815426,0.07466666666666688,0.05914718019257225,-0.132142857142857,0.07015221707478503,-0.07690302398331582,0.03734439834024905,-0.006968641114982632,-0.1283286340852129
2,1994-06-30,0.04897413610500402,0.030361271137003376,0.035601567971775605,0.061959651028835376,0.07144816717856273,0.018109536869062914,0.05154190253750834,0.05154190253750834,0.05063291139240489,0.28378378378378377,-0.9141472920670152,-0.27536326176534376,9.352344127597874,0.24358612912320265,-0.16113830642215246,-0.07972440944881898,0.0010845986984815426,0.07466666666666688,0.07012987012987004,-0.132142857142857,0.07015221707478503,0.021462863597853758,0.03734439834024905,-0.006968641114982632,-0.02978570465878972
3,1994-09-30,0.13270502875764212,0.16650002430532052,0.13641873053207432,0.15424153411979755,0.1269489851512311,0.4717398614486738,-0.2405225313405865,-0.2405225313405865,-0.4337349397590361,-0.5157894736842105,4.295397225725095,-0.8671774459042887,-1.0296932629908029,-2.3288369984130584,0.2552584592605496,0.0064171122994654,0.0010845986984815426,0.07466666666666688,0.006067961165048486,-0.061728395061728565,0.07015221707478503,-0.004976499861763961,0.03734439834024905,-0.006968641114982632,0.01065012039266522
4,1994-12-31,0.25330126886999205,0.2732439042127341,0.15768555065315604,0.2295723105786345,0.4313547291583744,0.4334608551414598,0.9773470804005157,0.9773470804005157,0.06382978723404252,0.06521739130434767,3.0637613859617785,7.763632266786841,13.81132075471698,0.7014416105092554,0.8318791306007043,-0.03825717321997868,0.0010845986984815426,0.07466666666666688,0.0892641737032569,-0.04385964912280682,0.07015221707478503,0.1419838844123369,0.03734439834024905,-0.006968641114982632,0.035508109594062136
5,1995-03-31,0.12274092175003215,0.10144502494155284,0.16310231228017624,0.169730645444353,0.08198738490365631,-0.18298657533485085,0.1243388232934748,0.1243388232934748,0.92,0.8571428571428572,-0.5863549129052579,1.3951610829712289,-5.326326963906582,-1.7432066579765366,-0.1403708122644547,0.10220994475138112,0.0010845986984815426,0.07466666666666688,0.07862679955703222,0.013761467889908063,0.07015221707478503,-0.036253041362530485,0.03734439834024905,-0.006968641114982632,-0.05840449537631087
6,1995-06-30,0.05045226877062836,0.05890571624505703,0.05486546425136885,0.0070528192677863375,0.06533999719826468,0.01239973811975248,0.1538650197320015,0.1538650197320015,0.13541666666666674,0.1208791208791209,-3.838746236939969,-0.7978959798185821,1.0650242920940274,-0.01834862385321101,-0.1602960939393272,0.1388471177944861,0.030335861321777013,0.07466666666666688,0.061601642710472186,0.05429864253393668,0.07015221707478503,0.014137843978793141,0.06399999999999982,-0.010526315789473715,0.051501339222780766
7,1995-09-30,0.07030731116352218,0.08889029503361899,0.08683916369108302,0.053889929990371455,0.05383835654166358,0.0009449922610758057,-0.015342402226000916,-0.015342402226000916,-0.01834862385321101,-0.009803921568627416,-0.2073684998502845,-0.028522866096563407,0.011799234772689404,-1.097168774051677,0.01854912764003669,0.1910211267605635,0.05730809674027326,0.07466666666666688,-0.02707930367504829,0.1244635193133048,0.16202844774273314,-0.01543440378391836,0.15037593984962405,-0.06737588652482263,0.033203735978907016
8,1995-12-31,0.04952721041516495,0.06354110292672299,-0.03632290035408081,0.03588444076818287,0.1749492786017106,0.06965786991013245,0.07898661642921613,0.07898661642921613,0.01869158878504673,0.07920792079207928,-1.0214226125828336,-0.8661016949152542,-0.7880118847694096,10.529702970297027,0.2099711503786512,-0.1267553584626755,-0.01392342118349077,0.008684863523573005,0.17097415506958247,-0.10305343511450382,-0.2666311868014901,0.11959544879898855,0.11764705882352945,-0.09505703422053237,0.026730103806228426
9,1996-03-31,0.03301202214277876,0.0435939843693951,0.02625918833556562,0.04106886879593796,0.04627550734563046,0.09098723277244124,0.033192077551243086,0.033192077551243086,0.018348623853211118,0.018348623853211118,-0.9882439382806758,4.543487137607187,-1.1254224142706777,-1.9837453229466968,-0.1707132745058384,-0.09818027930596697,-0.023701462430660625,0.008610086100861114,0.0424448217317488,-0.2297872340425532,-0.2322206095791001,0.012646793134597932,0.014619883040935644,-0.008403361344537784,0.0024012132445867533
10,1996-06-30,-0.02732832481895442,-0.03523471752402718,-0.07771871847545297,-0.0956145301932354,0.04582004298201525,-0.05968820854356027,-0.04773975496408955,-0.04773975496408955,-0.054054054054054064,-0.054054054054054064,3459.875,0.18864172068355933,21.61439929328622,-0.045828656939768016,-0.1964214660693886,0.1252932895354295,-0.06146694214876025,-0.018292682926829285,0.0439739413680782,0.07734806629834258,0.07183364839319473,0.07537912578055317,-0.011527377521613924,-0.004237288135593098,0.06677873502836729
11,1996-12-31,-0.001319119756544973,0.0004931389972431255,-0.054730226318464366,0.013529992381518195,0.03815668005551176,0.0,0.0,0.0,0.0,0.0,0.0,0.0,0.0,0.0,1.178704916461681,0.02543786488740607,0.0,0.0,0.06942277691107646,-0.015384615384615441,0.0,0.039402737453338776,0.0,0.0,-0.012882130475890374
12,1997-03-31,0.1811311523857979,0.13271446986802182,0.414520190889619,0.1142538709643106,-0.008764930267754711,0.15838853682140286,-0.07028246081041112,-0.07028246081041112,-0.04761904761904767,-0.04761904761904767,-1.9343554736880124,19.26281217078763,-8.437703861403543,-0.5016009932692935,-0.05591642228739002,0.1337942252948352,0.0,0.0,-0.013129102844639085,0.057291666666666526,0.0,-0.1608140462889066,0.0,0.0,0.016602147104601398
13,1997-06-30,0.024004773090763758,0.0329574006847404,0.03715282047135959,-0.024165816342765708,0.010518537771754266,-0.003552462010862789,0.029526384857040625,0.029526384857040625,0.02000000000000001,0.02000000000000001,0.2887183749202729,-0.9137166991354236,-0.7828299672008887,0.7877278090992526,-0.10588399742181977,-0.010401721664275445,0.0,0.0,0.02660753880266076,0.004926108374384342,0.0,-0.013076557299096405,0.0,0.0,0.05853256389117889
14,1997-09-30,0.0443604059148428,0.027160721765060014,0.0883906898590141,0.2336577916184328,-0.007839122711996938,0.05444458988869183,-0.8207381370826009,-0.8207381370826009,-0.9019607843137256,-0.9019607843137256,-3.2755972824212245,-0.3664622691666962,-2.3224464624723398,-2.6044004400440044,0.1899980892494224,0.057992026096411735,0.0,0.0,-0.010079193664506823,0.029411764705882467,0.0,-0.050108407612623584,0.0,0.0,-0.16740839638035898
15,1997-12-31,0.03339462457774034,0.03230865414163242,0.04788670607861102,0.05420900666896333,0.007915133415106856,0.08262969658294161,4.6346692523163115,4.6346692523163115,4.799999999999999,4.3,-1.3129506359981546,1.111390847040394,-1.621332236090157,-2.113046260742366,-0.17771176668077715,0.04693388146625544,-0.3351678591084204,-0.3950310559006212,0.01745454545454539,0.05714285714285716,0.0,-0.02460055795079885,-0.3848396501457725,-0.017021276595744702,-0.020757238307349768
16,1998-03-31,0.011929484184423744,0.011186006371799895,0.005561417423369797,-0.07041882716358927,0.025956856399153905,-0.04013979797903222,-0.1980076862775091,-0.1980076862775091,-0.2413793103448275,-0.18867924528301894,1.5571771544099064,0.07856593974403148,0.5520072992700731,1.0301449751529836,-0.43875205254515603,0.03501308900523559,-0.05960264900662249,-0.07597535934291587,0.029306647605432445,0.01801801801801784,0.7010582010582009,0.014040561622465031,-0.07109004739336501,-0.0043290043290044045,0.08779112081513829
17,1998-06-30,0.03593580921979922,0.03859103235889805,0.06747810062901394,0.03667769856747127,-0.004788410971012347,-0.0008855935550114992,-0.14197162951484088,-0.14197162951484088,-0.15909090909090906,-0.16279069767441867,-1.1993164504838378,-0.08807488207547165,-0.6224422066715973,-1.33247693801586,0.25991175493808605,-0.2263673727473917,-0.10651408450704224,-0.12888888888888886,0.009722222222222188,-0.2477876106194689,-0.1918092275790565,-0.0394871794871795,-0.12244897959183675,-0.008695652173913104,0.0018399264029438367
18,1998-09-30,0.034142945390215784,0.03790681022268272,0.018226759996639474,0.11323624940699364,0.05161890723581642,0.05474548485498265,-0.011864406779661052,-0.011864406779661052,0.0,0.0277777777777779,4.339393438558797,-0.6635954632398502,-4.0001004570797125,-0.8104046242774566,0.0993498016769594,-0.2823865958316306,0.16551724137931026,0.15306122448979598,0.050894085281980805,-0.28823529411764703,-0.2065426555484285,0.01708489054991991,0.16279069767441867,-0.008771929824561429,-0.06766007179230328
19,1998-12-31,0.0011766828546382335,-0.0021990708446105733,-0.008628888319516359,-0.09230928639819502,0.017935642212477676,0.011895900680588769,-0.09090909090909094,-0.09090909090909094,-0.054054054054054064,-0.08108108108108103,-0.9102101776759736,2.146872747657564,-1.8840178137922952,21.895057766367135,0.8145530525330258,0.0996583143507972,-0.14032121724429425,-0.13716814159292035,0.017670157068062853,0.04132231404958686,-0.07599029911075184,0.016535433070866024,-0.12499999999999988,-0.01327433628318575,0.0992523615525811
20,1999-03-31,0.07484652479210885,0.03279519996923952,0.1476043208957185,0.010464337825079495,0.0035211007188100663,0.01919669062163809,-0.12338385400556764,-0.12338385400556764,-0.1428571428571428,-0.11764705882352955,0.10057743686977516,7.823361750858887,1.5679762885524084,-1.9711806674983527,-0.4359631018600085,0.029518384256861818,-0.10816125860373647,-0.12564102564102564,0.01221864951768481,0.015873015873015817,0.15923009623797024,-0.06635682933126774,-0.11428571428571432,-0.013452914798206206,0.022114523091960603
21,1999-06-30,0.00010563878513458748,-0.010476417399639115,-0.0003217778320647735,-0.05124726915667477,-0.00447018403329591,0.02198187526344086,-0.4699551885960269,-0.4699551885960269,-0.4666666666666667,-0.5,-2.06115896632733,-0.8776830471224122,-0.9510483579535816,-0.272512087753482,-0.5622998917881725,-0.13229376257545267,-0.1719955898566704,-0.1818181818181817,-0.015883100381194448,-0.140625,-0.04981132075471695,-0.004424778761061954,-0.1806451612903226,0.0,0.04295334103677728
22,1999-09-30,0.08054494164800419,0.07074572405617308,0.1139059258634192,0.1997584512949893,0.032112870183675264,0.05589663773073039,1.4466116362668089,1.4466116362668089,1.375,1.5333333333333337,-5.968784591543058,2.17100143837393,4.447532956685499,-1.1988334259185778,0.2554351981649037,0.15246376811594198,-0.0013315579227697327,-0.02508960573476715,0.031633311814073695,0.16363636363636358,0.3613979348689436,-0.04499999999999993,-0.015748031496062853,-0.01363636363636378,-0.1075071633237823
23,1999-12-31,0.005174910216507289,0.008757969921930009,0.0013766181948065006,-0.011506767128255713,0.011038732394366143,0.04603549882418402,0.19818790302832426,0.19818790302832426,0.2368421052631577,0.21052631578947367,-2.4858016990435448,-0.8531889737431123,0.6913269539244427,-1.4362402714029137,-0.0887589581176279,0.037726358148893364,0.09200000000000008,0.0625,0.010012515644555629,0.0078125,0.028588098016335994,0.005817335660267542,0.06399999999999982,0.0,0.020504259235477832
24,2000-03-31,0.060595259471076364,0.09033365770121438,0.07673201406218433,0.14145581397806686,0.030127782195624963,0.11438099959439366,0.4319549469764061,0.4319549469764061,0.4042553191489364,0.4130434782608696,-0.7626396913296416,0.11543331813807425,-0.40778350094023386,-5.965690759377859,0.483680516876462,0.4057198254968493,0.2576312576312576,0.2318339100346021,0.0216852540272614,0.3953488372093024,0.2750992626205333,-0.028629265471370787,0.21052631578947367,0.02304147465437812,-0.04479865771812075
25,2000-06-30,0.17965374383874888,0.21097291622195025,0.2364284106530412,0.2988891842951453,0.0683089548678566,0.14163450594780724,0.33161007944940457,0.33161007944940457,0.3181818181818181,0.3076923076923077,7.187273646087762,4.689492325855962,3.1262528646768093,-1.905895900506679,-0.2953224716570313,0.28034482758620705,0.3854368932038834,0.3258426966292134,0.05700424499696787,0.25,0.007117437722419906,-0.09437332539446253,0.3105590062111803,0.009009009009008915,-0.0676708238187248
26,2000-09-30,0.017515463105157725,0.030179430874888613,0.009678731526149951,0.5344619967158442,0.03481409723333262,0.05547637799011285,0.21404072883172565,0.21404072883172565,0.2068965517241379,0.21176470588235308,-0.20382172157498127,-0.7581847494692483,-0.3867793536558029,-0.8290028982559617,-0.07166297306512104,-0.05386479935362243,0.2403644008409249,0.2076271186440679,0.031554790590935244,-0.1022222222222222,-0.33701413427561844,0.01709401709401703,0.18009478672985768,0.02232142857142838,-0.32867034053977673
27,2000-12-31,0.3323990500060885,0.34192922070136755,0.4492233856271335,-0.14692141907888956,0.08381348704292901,0.10608713996837936,0.06882277351068744,0.06882277351068744,0.06666666666666665,0.058252427184465994,-1.2358242510772728,38.936398442141396,5.4626582278481015,-4.56259292298543,0.27501434637897404,-0.15656134358098506,0.15819209039548032,0.061403508771929786,0.08120133481646286,-0.1831683168316832,-0.33977348434377075,-0.18648998060762773,0.10843373493975904,-0.04366812227074235,0.5730723356486356
28,2001-03-31,-0.10410897909551677,-0.1476745295539198,-0.1424276019176941,-0.2658253451352769,0.009836718314010008,-0.11252535837671708,-0.34214704613662017,-0.34214704613662017,-0.3482142857142858,-0.3761467889908257,1.5556803550393117,-0.982085020326564,-1.0498220310078044,-0.029296385944411973,0.20937601267418,-0.06716166047924399,-0.022926829268292592,-0.05785123966942141,0.0072016460905348625,-0.1393939393939394,-0.2290615539858729,0.12713547874453734,-0.014492753623188468,-0.045662100456621,0.16092056554123355
29,2001-06-30,-0.098542311282813,-0.1365306983557647,-0.14170884502835598,-0.19611999542244865,0.010464805210463002,-0.233750042356751,-0.902984137613527,-0.902984137613527,-0.9041095890410958,-0.8529411764705882,5.219884231964841,0.389260506527656,8.232169183061359,-0.8350816852966466,0.02855186376086705,-0.10057887120115784,-0.2356465302046929,-0.22631578947368425,0.007150153217569065,-0.10563380281690138,-0.1086387434554974,0.12090236164962985,-0.16911764705882348,-0.06698564593301426,0.07414806561911713
30,2001-09-30,-0.054183946005259005,-0.08556907838131544,-0.05313116988843769,-0.07280229829150575,-0.05644211866363991,-0.13046798837150464,-23.87719298245614,-23.87719298245614,-24.0,-17.1,-0.08452519849100304,0.5236593059936909,-0.5516686306252729,129.84254431699688,3.6320954062581414,-0.044650040225261416,-0.9026779882429784,-0.9024943310657596,-0.06288032454361048,-0.055118110236220486,0.20264317180616745,-0.002515723270440362,-0.8938053097345133,-0.09230769230769233,-0.01377016345362847
31,2001-12-31,-0.07742380976728591,-0.10513022245778003,-0.09420166711210398,-0.255788512963113,-0.041309535503808,-0.010678281156861091,-1.0416687619430756,-1.0416687619430756,-1.0434782608695652,-1.0434782608695652,-0.1095712217647734,-0.7939413751770731,-0.08498765654489704,-0.05636446229617944,0.7399187626933292,0.06400000000000006,-3.644295302013423,-3.8372093023255816,-0.045454545454545414,0.14166666666666686,10.866910866910867,0.0390920554854981,0.0,-0.05084745762711873,0.2024370784071952
32,2002-03-31,0.02233893588784741,0.032612622163020744,0.030806483354455905,0.08913785775345406,0.005118142998911335,-0.0958733452047118,-0.5800271534168049,-0.5800271534168049,-0.5714285714285715,-0.5714285714285715,-0.44179940042536814,-0.019566367001586427,-0.9982192393736018,0.06686344806617939,0.4536949077058727,0.16818361693707962,0.9746192893401016,1.0573770491803276,0.003968253968253954,0.21897810218978092,0.0,-0.0166868932038835,0.0,-0.07738095238095233,-0.05190614066835564
33,2002-06-30,-0.07568166743266369,0.011613299905121721,0.03361393779859334,0.10598249074156096,-0.30364144900991386,-0.11096176699586112,-220.01688218390805,-220.01688218390805,-204.66666666666669,-204.66666666666669,-0.15926977994924818,8.508306364617043,128.12060301507535,-0.6057867759108629,0.1230330596684892,-0.20088075880758804,4.897172236503856,4.573705179282868,-0.3049124788255223,-0.20359281437125745,0.0,-0.2468373958654736,0.0,-0.04516129032258065,-0.08531891204071884
34,2002-09-30,-0.07297463438927765,-0.08448894249834404,-0.09226749919990596,-0.03440313868775191,-0.013246672155783012,0.043628890261440345,-0.9817677283708054,-0.9817677283708054,-0.9819967266775778,-0.9819967266775778,-0.5438196578039265,-1.369676204306687,5.412687293247713,-2.920579139724487,-0.21040763302687704,-0.2971598134802883,-0.11137750653879687,-0.1515368120085775,-0.008123476848091005,0.015037593984962516,0.0,0.06472757066775925,0.0,0.0067567567567568,-0.051855458560845946
35,2002-12-31,-0.00573179795220502,0.004182417880326028,-0.012130936637017364,0.20087191733126608,0.012492541032517844,0.04395643223052127,-1.6830979580822163,-1.6830979580822163,-1.6363636363636365,-1.6363636363636365,-0.20402520195137366,-1.4580775840903508,-0.6875538616529306,-0.8759527817567779,-0.03305564068986655,-0.23462002412545235,0.0956585724797645,0.033698399326032025,0.003276003276003303,-0.2296296296296297,0.0,0.018083878414774768,0.0,0.0,-0.16381776832220676
36,2003-03-31,0.0023577402115217967,-0.02371514232534977,0.004237905392098007,0.0032946000151805608,-0.002866628509717528,0.0471432749202918,-1.119173031340532,-1.119173031340532,-1.1428571428571428,-1.1428571428571428,-1.5759906702066946,14.85066327214257,-0.24492550939144964,13.86682400539447,-0.5082323380762204,0.07486209613869188,0.11708081486456234,0.04808475957620195,-0.002448979591836653,0.06730769230769229,0.0,-0.0049130763416478365,0.0,0.04026845637583887,-0.02689068257589033
37,2003-06-30,0.11752849671163013,0.15525390399963124,0.12607291997277548,0.04978970304884567,0.09361715601425002,0.07223556326558445,-8.543646408839779,-8.543646408839779,-8.0,-8.0,-2.568108387541464,-0.9835324848787128,-4.954905012412055,-2.0892674906451982,1.1257368192844504,0.1862170087976538,-1.003807615230461,-1.0038880248833593,0.09328968903436974,0.18918918918918906,0.0,-0.0216483099126471,-0.875,0.04516129032258065,0.10043727178469997
38,2003-09-30,-0.03674586112981215,-0.04448672012800081,-0.05121419423552409,-0.035403044804685924,0.004945000694126289,-0.013138094114422127,-1.9131390068844296,-1.9131390068844296,-1.857142857142857,-1.857142857142857,0.5602532932239941,1.7648870636550311,-1.5008195601693757,-1.1239661678594666,-0.06564936836911606,0.11990111248454882,1.947368421052632,2.0,0.0044910179640718076,0.03030303030303028,8.321946702335634,0.04347826086956519,2.0,0.018518518518518386,-0.009421981893408815
39,2003-12-31,0.058898350096448615,0.04924977182943113,0.039368100976544966,0.10425224451499693,0.1120303351313976,0.18402573446064774,-5.172601860763555,-5.172601860763555,-5.333333333333334,-5.166666666666667,0.3346040074655774,-0.044652803564797616,0.11973271512341464,0.3759919385313011,-0.09667998135550217,0.16501103752759372,2.375,2.4000000000000004,-0.025335320417287588,0.15441176470588225,-0.6671412803532009,0.05022321428571441,2.333333333333333,0.036363636363636376,-0.04979115834746295
40,2004-03-31,-0.008885262820767625,-0.0033451408049612885,-0.09325208606727298,-0.00485729819873415,0.2056371655137641,0.07845538417880515,0.13505305243733656,0.13505305243733656,0.0769230769230771,0.08000000000000007,-1.8070384907153931,0.7384122048391799,-0.7345198949144875,1.9418100817771269,-0.3148542465431317,0.20511605873993388,0.9735449735449736,1.1176470588235294,0.20412844036697253,0.23566878980891715,-0.6625659050966608,0.21643641516117595,1.0,0.05263157894736836,0.001523262392827629
41,2004-06-30,0.013380308736770541,0.025478056244854663,-0.016134404388714718,0.04795134305778004,0.0698232337842164,0.02794960713268524,1.2644877222692634,1.2644877222692634,1.0714285714285712,1.0370370370370372,-0.6936154908740182,-1.5982671883733932,2.0819407125849225,-0.18244665954423345,-0.3757012865062228,0.05306603773584895,0.8820375335120643,1.0462962962962965,0.06666666666666665,-0.12371134020618554,-0.5032429245283019,0.05562026790914398,0.9333333333333332,0.05555555555555558,-0.021467060664001503
42,2004-09-30,-0.004304069617868668,-0.008518051609249344,-0.02657288060345764,-0.04453508971368425,0.03486035257446929,-0.02964654669635625,-0.051780612931692116,-0.051780612931692116,-0.05172413793103437,-0.054545454545454564,-2.38504428556184,-3.5628328506026348,-0.6544279213507038,-0.845285747816213,-0.09310662080497198,-0.11422172452407607,0.4558404558404559,0.5791855203619909,0.03214285714285703,-0.1705882352941177,-0.5351137487636004,0.039172413793103315,0.517241379310345,0.047368421052631726,0.03770317079669616
43,2004-12-31,0.03296831663564137,0.05434429484643877,-0.0027280524599554434,0.019355912172288603,0.09202110796406092,-0.0438351842338276,-0.24723567361231602,-0.24723567361231602,-0.25454545454545463,-0.23076923076923075,4.6901592927172215,4.8993802406124685,0.3334700742503178,-3.7773176431998032,0.28513457766103434,-0.02022756005056892,0.02054794520547953,0.10601719197707736,0.08362168396770464,-0.049645390070921835,-0.377872340425532,0.05734005840191125,0.1079545454545454,-0.005025125628140725,0.0343219069628109
44,2005-04-01,0.012693541105890159,0.02854874187250611,0.022001770784469517,0.2310242272507963,-0.0013690726310349175,0.06864120565046772,0.1983949039247324,0.1983949039247324,0.19512195121951206,0.17499999999999982,-0.4819068703116961,-1.9488443950067973,-1.0403925429151542,3.542547537498524,1.0078612747056934,0.06451612903225801,0.08149568552253106,0.11917098445595853,-0.009047365620010515,-0.0149253731343284,-0.02735978112175097,-0.013808686919407507,0.1282051282051282,-0.010101010101010057,-0.16446687905995286
45,2005-07-01,0.0005404164271538558,0.012395854304897869,0.0067072056635346655,0.010197117625150964,-0.008994232336702268,0.014916730567746006,0.02199646797573052,0.02199646797573052,0.020408163265306145,0.021276595744680767,-0.5879793274225269,-0.9886415443331468,-21.566260472201066,-0.989518807646558,0.005261114410070046,0.021010101010100923,-0.061170212765957466,-0.04629629629629628,-0.014500537056927996,0.03030303030303028,-0.08368495077355842,-0.009674134419551894,-0.036363636363636265,-0.005102040816326482,0.0021788650094087814
46,2005-09-30,0.0004912177362923489,0.00444125036004972,-0.03233387244133834,-0.05053704080815258,0.05204713480336398,-0.020732800563097897,0.08681072387893729,0.08681072387893729,0.08000000000000007,0.08333333333333348,0.2676614706395395,-11.27637614678899,-0.5423926528042662,10.613643410852712,0.06078093126889561,0.17570241392956087,-0.03116147308781869,-0.009708737864077666,0.041416893732969966,0.19117647058823528,0.21949347659247892,0.05167095115681231,-0.004716981132075415,-0.01025641025641022,0.05791086075699181
47,2005-12-31,0.08238969858837962,0.0723999344805566,0.11263720364391673,0.18516534480611724,0.03869261144595315,0.09203931269205444,0.1719534656738504,0.1719534656738504,0.14814814814814814,0.1923076923076923,0.3321741305979484,8.494420265595357,-0.5004450918507728,-2.949217707053986,-0.11168683748758924,0.03635139683608202,0.09649122807017553,0.09068627450980382,0.029304029304029425,-0.006172839506172867,0.03650094398993065,-0.04057687606942073,0.07582938388625604,0.015544041450777256,-0.09514245679588973
48,2006-03-31,0.014315333031040822,0.012294260022304604,-0.016784989015615648,0.05228489655119173,0.06244294921879945,0.07867692026990047,0.09581441581817683,0.09581441581817683,0.09677419354838723,0.06451612903225823,-1.3043270043382726,-0.8219077451089862,10.186943139478373,1.7461441525354082,-0.345270304015596,0.09873335498538482,0.05688888888888899,0.06966292134831464,0.05185561769191649,0.06832298136645965,-0.017000607164541437,0.04764331210191086,0.052863436123347984,0.015306122448979663,-0.0380426366592681
49,2006-06-30,0.06751402441053123,0.08140890918088363,0.06415612027046347,0.08956394164153547,0.0723228678775878,0.07660824886615747,0.1370941051005774,0.1370941051005774,0.11764705882352945,0.15151515151515138,2.037335308093431,-0.5507853748680043,-1.4335331682523134,-0.7489737386836921,-0.13237816169353145,-0.005320721253325389,0.06307821698906646,0.07983193277310917,0.06959884001933281,-0.05232558139534893,-0.08832612723903653,0.0043774319066147704,0.06276150627615062,0.015075376884422063,-0.007458682120626725
50,2006-09-30,-0.04008686391121963,-0.05772716987473148,-0.09101892882008833,-0.12832532656685516,0.032297274603034776,0.005023229344387925,-0.07379019652232033,-0.07379019652232033,-0.07894736842105265,-0.07894736842105265,-0.6331155967776344,0.00051421435392629,-1.4735207174708151,0.5299541001847914,-0.23343408650624986,-0.12213967310549778,0.019778481012658,0.040856031128404524,0.031631269769543564,-0.1840490797546012,-0.2181571815718157,0.07554479418886206,0.011811023622047223,0.034653465346534684,0.08098610585500365
51,2006-12-31,0.06152226650024995,0.05060325304480706,0.0517376947411583,0.07450165952580677,0.07376684972720082,0.01129694406705628,0.4906189622663471,0.4906189622663471,0.5000000000000002,0.4857142857142858,-8.969015644469057,12.298384728340675,-0.07812224455965855,-2.1023533078781265,0.3356878161446859,0.012186865267433957,0.09464701318851844,0.1327102803738318,0.06789312308366191,-0.015037593984962403,-0.054592720970537134,0.011481314723097658,0.11284046692607007,0.014354066985646119,-0.022255563890972718
52,2007-03-31,0.061361508654528274,-0.016598711379005815,0.07325539005715465,-0.05968867182352211,0.04678265971068818,0.0012148901331685558,-0.2481201833358059,-0.2481201833358059,-0.2571428571428571,-0.2596153846153846,-0.6055017182011182,1.784357677613127,-8.449307521616037,-3.3129042519351075,-0.5812838658099666,0.20100334448160528,-0.01700921332388383,0.0016501650165015036,0.03609515996718637,0.12213740458015265,0.04124656278643446,-0.013799243267304641,0.013986013986013957,-0.014150943396226578,0.04583120204603586
53,2007-06-30,0.04286656532219246,0.0494489402537408,0.04857282232404669,0.13154648071915775,0.03569527146922313,0.1545415609264047,0.030292645440006538,0.030292645440006538,0.02564102564102577,0.025974025974025983,2.0415899662665042,-0.9208707273643008,-1.874459452519131,-1.7008257053642832,0.9729232814522002,0.11974380395433035,-0.02956020187454933,-0.014827018121911006,0.04038004750593816,0.08163265306122458,0.08274647887323949,-0.0067704807041300006,-0.02413793103448281,0.009569377990430672,-0.07253252469920758
54,2007-09-30,0.03680492943093938,0.03200542313839394,0.02337840103407252,0.037954306955293234,0.05388841673610445,-0.0019117982468414008,-0.008940540867444113,-0.008940540867444113,0.0,0.0,-0.5036906406280315,1.1253696186037183,-0.6890453760586377,-0.7193714385393649,0.1383885848234927,-0.046008455608057774,-0.02080237741456159,-0.02006688963210701,0.061263318112633185,-0.08176100628930827,-0.05528455284552858,0.01635991820040905,-0.010600706713780885,-0.009478672985781977,-0.0057480356483679
55,2007-12-31,0.053029170721204284,0.07197077940135754,0.06567191346971013,0.08022417540615434,0.03740864266727351,0.09642282841520733,0.15905577478540334,0.15905577478540334,0.1625000000000001,0.17721518987341778,0.2864136015683345,-0.5703118552142898,0.01473226933610361,2.3702149702149704,0.40970129751548295,0.03779979144942658,-0.07359635811836117,-0.07679180887372006,0.03549659376120462,-0.020547945205479427,0.010327022375215213,-0.014755197853789426,-0.08928571428571441,0.014354066985646119,-0.007637636575792972
56,2008-03-31,0.002543840711873413,-0.02379524080871009,-0.04493744454303461,-0.0743646426594059,0.06280681107926545,-0.08836673242841908,-0.2465010573607224,-0.2465010573607224,-0.24731182795698936,-0.2580645161290324,-0.8153854527147464,1.9049226210075727,-0.9401023731968358,-1.4291829332021764,-0.12473337785411333,-0.14041698065812613,-0.07043407043407035,-0.0573012939001849,0.06509695290858741,-0.1748251748251748,-0.11158432708688247,0.06013160880417522,-0.054901960784313635,0.0,0.05462319615179045
57,2008-06-30,0.05672393678353305,0.044091390761004316,0.1052893305232332,0.12153214627846842,0.0013337956805152815,0.079182502827982,0.12045975940655175,0.12045975940655175,0.12857142857142878,0.14492753623188426,1.4838836477987425,1.2370143670832272,-10.612492231199504,0.9231292638816768,-0.2740632432046217,-0.10198714202220917,-0.043171806167400906,-0.04313725490196063,0.02698309492847839,-0.15254237288135586,-0.07957813998082452,-0.05244006849315075,-0.029045643153526982,-0.018867924528301886,-0.06902493411717013
58,2008-09-30,-0.052307531591704766,-0.06897644258162318,-0.07544123577327344,-0.0579099224127313,-0.0231837450819794,-0.011998453355819949,-0.20937483760328435,-0.20937483760328435,-0.18987341772151894,-0.2025316455696204,1.0001879253046368,-0.6196743600787076,-5.839233181392041,-0.6178247874787013,-0.14428278666915073,-0.008135372600065138,-0.07366482504604055,-0.069672131147541,-0.02025957581513138,-0.040000000000000036,-0.007291666666666695,0.030720578269708643,-0.06837606837606837,0.004807692307692291,-0.011758301578660868
59,2008-12-31,-0.1203386177635054,0.007871581105415082,0.009513079433020044,0.015975359441309008,-0.2750676941626751,-0.04786308986956478,-12.461745760483765,-12.461745760483765,-12.40625,-12.587301587301589,0.3636359140965351,-0.3346693164281511,-1.072695935654544,-6.063465380305022,0.8537527163085317,-0.37106299212598426,-2.752485089463221,-2.6982378854625555,-0.2752827140549273,-0.35416666666666663,-0.3378803777544596,-0.17598071444225286,0.0,0.009569377990430672,-0.00798722044728428
60,2009-04-04,-0.09146219911116228,-0.12065357119875007,-0.14438015060832987,-0.20786750403084264,-0.003783019227421303,-0.16438725616648742,-1.0306642428274049,-1.0306699774628825,-1.03013698630137,-1.03013698630137,-0.16359278223408424,-0.3842341515510538,-2.470226061385775,-0.1953568936897057,0.3705813788579837,-0.05268648930620767,0.1911514463981847,0.1556420233463034,-0.005795809184128364,0.30645161290322603,0.0,0.0965425531914894,0.0,0.014218009478673022,0.11011161086123612
61,2009-07-04,0.05200541004334003,0.06318161531421795,0.06239754125321361,0.09406397044063453,0.037211070993020234,-0.007492476798340752,-0.21147516457211246,-0.2110616656071201,-0.18181818181818188,-0.18181818181818188,0.3281451196829843,-0.06270832768759649,-1.3140821301331334,0.7336410875843882,0.4687464127209966,0.22466960352422904,0.2071428571428573,0.1795735129068463,0.036771300448430466,0.23456790123456786,0.0,-0.014067426631093949,0.0,-0.004672897196261738,-0.0282112845138055
62,2009-10-03,0.05464975552512042,0.07005163287336291,0.07213902869144806,0.08945536502842355,0.02912902533012174,0.08256386020143157,-0.40347215634190303,-0.4036592880504337,-0.4444444444444444,-0.4444444444444444,-0.6333135295000947,-0.229392546332437,26.809353233830844,-0.16410965708018022,0.2667721236819249,0.11465827338129507,0.16883629191321492,0.12083729781160812,0.02768166089965396,0.07000000000000006,0.0,-0.02410824108241072,0.0,-0.009389671361502372,-0.017809347333745174
63,2009-12-31,0.08180631674302741,0.09195031758331518,0.1192904007834228,0.18896810396779884,0.02480252870066124,0.14464584073760878,4.018368320610687,4.014943168269613,4.3,4.3,0.7852399180984599,6.224627621656097,-1.1081636158062715,-1.0567914072203448,-0.011959818208677642,0.10851149657119816,-1.1488356395545056,-1.1485568760611207,0.024410774410774442,0.08411214953271018,0.0,-0.052684648348878205,-0.6146788990825689,-0.014218009478672909,-0.0815952206267686
64,2010-04-03,-0.03965723852753145,-0.04938687875323566,-0.06861264514499177,-0.09505300629065204,0.008548625966759982,0.0077042863583858265,0.3791732027697232,0.3796459195156357,0.35849056603773577,0.3396226415094339,-2.407313400087765,-0.8765670603142949,-1.7486602712537214,22.756157814429997,-0.2875584758932882,0.030931586608442533,0.4535147392290251,0.44,0.003697617091207972,0.0,3.3581616481774965,0.05002660989888241,0.41666666666666696,0.01923076923076916,0.0504422253922967
65,2010-07-03,0.07156425111596554,0.07553807473554941,0.12171311845227485,0.19463002229144968,-0.005360148693223654,0.08923455493574828,0.3349226226720741,0.3348459435241138,0.3472222222222223,0.35211267605633795,-1.2291711697027463,6.919639851901716,-9.143867090844822,-0.28618223858867864,-0.2881139582569493,-0.042004941757853735,0.4960998439937596,0.4563492063492065,0.01678264428980758,-0.043103448275861884,-0.3505454545454546,-0.07171819564115556,0.403361344537815,0.03773584905660377,-0.09967950459014607
66,2010-10-02,0.09024462913792043,0.06209505446393938,0.10002009133755174,0.0317001321891377,0.07333413758186169,0.00965337880180095,0.019872109335330013,0.019872109335330013,0.04123711340206193,0.04166666666666674,-1.3668748840373557,0.6702667955842196,-3.6527084508876255,-0.7131802542558069,-0.11608146164837753,-0.08953574060427416,0.3461939520333681,0.31335149863760203,0.09178743961352652,-0.10810810810810824,-0.3986562150055991,-0.015561015561015634,0.29940119760479056,0.009090909090909037,0.02944370701098098
67,2010-12-31,0.10238428914838127,0.1174106626119762,0.14029197727872322,0.16860306338220488,0.035177692192088994,0.1245901266273366,0.332416330526067,0.332416330526067,0.3564356435643565,0.3500000000000001,-20.472395482130818,-0.5039233335771833,-0.5612383060013172,-7.223438900507918,0.8172991658230728,0.2306758397409956,0.2122385747482572,0.17842323651452285,0.04424778761061954,0.1313131313131315,-0.11545623836126627,-0.061009428729894566,0.17972350230414744,0.0,-0.04378150275465942
68,2011-04-02,-0.002193939547971202,-0.025956013081875784,-0.03738197794637965,-0.009604344035090806,0.06547161889705166,-0.0028939540243314572,-0.13670563795964386,-0.13670563795964386,-0.13868613138686148,-0.14074074074074086,-1.3888594302237247,1.5466284534548973,0.6159741192045571,-1.9722081532032159,-0.4372339610135148,0.26570207168694515,0.057507987220447365,0.03873239436619702,0.05896892655367214,0.2142857142857142,0.007368421052631691,0.06792675723567633,0.046875,-0.009009009009009028,-0.016549187863928894
69,2011-07-02,0.051209382560108985,0.06192977773991393,0.053010376976933234,0.07459184861940947,0.04804945416586803,0.0606792682294075,0.14590379211937576,0.14590379211937576,0.14406779661016955,0.14655172413793127,-1.1946189938164071,-0.7344167778644981,-0.6020907973761185,-1.0240038121668371,0.01864945847128929,0.08755520914523253,0.01933534743202414,0.015254237288135688,0.053351117039013074,0.02941176470588225,-0.02194357366771172,-0.003042035398230114,0.026119402985074647,-0.00909090909090915,-0.011779370520411449
70,2011-10-01,-0.019990697151568648,-0.031063472494415656,-0.016189270618930274,-0.06940243873945673,-0.027537238651844875,-0.06373256273408456,-0.15353047753798088,-0.15353047753798088,-0.1333333333333334,-0.13533834586466176,2.405525209483227,0.03254429455762331,-0.9437436566623172,0.3929232668175273,0.02550167224080257,-0.16937410415671272,-0.004742145820983978,-0.005008347245408995,0.0003165558721114348,-0.2142857142857142,-0.2329059829059829,-0.007766990291262044,0.0,-0.004587155963302836,0.04118314833501513
71,2011-12-31,-0.0040175394455637115,-0.01085406213437312,-0.028108608030232185,-0.07965811655848554,0.03916807910884712,0.048895892059487966,0.3166938948387488,0.3166938948387488,0.32478632478632496,0.3304347826086957,0.2302886270689699,-0.6794711715020199,-68.0360824742268,-11.905257716733127,-0.2711865962987039,-0.07420189818809331,-0.0017867778439547566,0.02181208053691286,0.03765822784810125,-0.07272727272727275,-0.10167130919220048,0.04361196533407874,0.0181818181818183,0.0,0.07480768065903454
72,2012-03-31,0.03150539333339375,0.02065031259471195,0.028620763789120263,-0.0403104174439185,0.03710765228635315,-0.10126766551364197,-0.34729562060567065,-0.34729562060567065,-0.34838709677419355,-0.3464052287581699,0.7087246764593458,4.235907424381302,-2.0689234909650134,-3.321393021350361,0.8637748275957641,0.2295744019881951,-0.06026252983293556,-0.0525451559934319,0.040256175663311966,0.1862745098039216,0.18759689922480627,0.005357621216180109,-0.021428571428571463,-0.027649769585253448,0.06351442741208291
73,2012-06-30,-0.010242487533963729,-0.020116320864153603,-0.002965270161862321,0.07392782064047433,-0.022383982141172317,0.05338632821279932,0.006644489034392853,0.006644489034392853,0.029702970297029733,0.02000000000000001,-0.7578484830327361,-0.6265509092102672,-2.4202037931567797,-2.2072655992485872,-0.5595126725680944,-0.05912076806467902,-0.0780952380952381,-0.07105719237435004,0.0023453532688360035,-0.09917355371900816,-0.030026109660574507,-0.01225686117772462,-0.05474452554744536,-0.018957345971563955,-0.08759472206030416
74,2012-09-29,0.004032027417905981,-0.00866438808533121,-0.0049344210967972035,0.09162108495183352,0.01922773452107296,-0.03654590769979904,-0.09412237832545044,-0.09412237832545044,-0.07692307692307697,-0.07843137254901966,1.908807469605239,-0.5493591152127737,-0.7300072178394601,-1.079052663116489,0.10041371013282928,-0.07223415682062306,-0.0702479338842974,-0.05783582089552231,0.04650482597250672,-0.07339449541284415,-0.01076716016150736,0.015106555165902424,-0.04633204633204635,-0.01449275362318836,-0.0918805900801486
75,2012-12-31,0.07050108269051948,0.10779557568159803,0.08252996719444505,0.10241438582216822,0.05062002381237485,0.08874337483734962,0.6860553770134243,0.6860553770134243,0.71875,0.7127659574468088,0.06477096790658378,3.138673081298963,-0.6787764520486268,0.5628705911119259,0.14261330358387947,0.01997105643994224,-0.01925925925925942,-0.0217821782178218,0.05002794857462267,-0.029702970297029733,0.06802721088435383,-0.018602179112410355,0.004048582995951343,-0.02450980392156865,0.0049245331286773535
76,2013-03-30,-0.039455808424627925,-0.05311756469384665,-0.051022862249156975,-0.20016899477435895,-0.019775699170169303,-0.10237020159346112,-0.5542460390145618,-0.5542460390145618,-0.5515151515151515,-0.5527950310559007,-1.9555472703062584,-0.6926357624216528,-6.4460797196671065,-1.8904642703484957,-0.11114175803790237,0.12570942111237238,-0.07703927492447116,-0.07692307692307687,-0.007186585041256355,0.08163265306122458,0.1057324840764331,0.02057947468183041,-0.06854838709677424,-0.01005025125628145,0.1838604976770828
77,2013-06-29,0.014246154656954555,0.021215571920432996,0.03596661528290901,0.08825492273521585,-0.021653748503950958,0.09412183901077786,0.1548635634028892,0.1548635634028892,0.17567567567567566,0.1944444444444444,-2.8612572740853053,-0.3149004676360105,-2.822864220567182,-0.5989721740276284,-0.05014403365636777,-0.029997479203428438,-0.05810147299509005,-0.0614035087719299,0.022252010723860627,-0.028301886792452824,0.03341013824884809,-0.035553197134518544,-0.06060606060606055,0.0,-0.06160627889474257
78,2013-09-28,-0.013482657181324131,-0.02448303210801784,-0.05248872894588641,-0.04535387204237018,0.0547008368009152,-0.04859967377077445,0.07609940512592428,0.07609940512592428,0.10344827586206896,0.10465116279069764,-0.7570294414480245,1.4585602387168968,-0.6056870392921645,4.153395399780941,-0.27205391293789083,0.15046777546777568,-0.029539530842745413,-0.02336448598130847,0.048780487804878085,0.12621359223300965,0.1950947603121516,0.06932599724896837,-0.01843317972350233,-0.005076142131979711,0.021826306141155
79,2013-12-31,0.1634985518590546,0.17971760217141994,0.2437151451106672,0.299462808074104,0.0375726912124208,0.21891893979867327,0.3931844718378987,0.3931844718378987,0.3958333333333335,0.41052631578947385,1.650569442390179,4.38952271141184,-2.9465659104980864,-2.475138415107172,0.5513006870805035,0.14456742715156978,-0.10205908683974928,-0.117224880382775,0.04576144036008989,0.09482758620689656,0.14179104477611926,-0.10830975045021862,-0.1220657276995304,0.005102040816326482,-0.09211190222571064
80,2014-03-29,-0.08523148761164501,-0.12800342892949612,-0.13573356204343426,-0.18955059142435626,0.009809264174811316,-0.1741032541570784,-0.20552395220683672,-0.20552395220683672,-0.20149253731343286,-0.20895522388059706,-0.4232071277773127,-0.7380202395529846,-1.6086961520332026,-1.9532245050860157,-0.3387565859877829,0.059206631142687975,0.05184446660019937,0.05691056910569104,0.013151602104256366,0.007874015748031482,0.13316993464052285,0.10386612810155782,0.06417112299465244,-0.005076142131979711,0.07589230579226869
81,2014-06-28,0.04773688116541441,0.07154281116455953,0.06529122184336432,0.11041762325402682,0.01944074687111863,0.11698038582931256,0.1938386855862584,0.1938386855862584,0.20560747663551404,0.19811320754716988,0.2853825874537437,-0.6866773399808741,-0.4628954575502881,-1.3828097249828066,0.19611433969715386,0.07341158934227687,0.056872037914692086,0.0641025641025641,0.02761387774368651,0.0625,-0.013698630136986243,-0.0269210663878724,0.0653266331658291,-0.005102040816326482,-0.03501119210239334
82,2014-09-27,-0.021459838594663272,-0.024018789422498462,-0.0263326717643152,-0.06213350787260561,-0.013270045483688042,-0.0111552127097162,0.14841575177504618,0.14841575177504618,0.15503875968992253,0.15748031496062986,-1.421638912409446,0.873593964334705,-1.7417800752540704,-2.0009871083647566,-0.16412137141673355,0.038014233639993115,0.09327354260089682,0.0843373493975903,0.006430868167202508,0.007352941176470562,-0.05409356725146197,0.008326618318560186,0.08018867924528306,0.00512820512820511,0.04068280497234289
83,2014-12-31,0.1000156831182637,0.15363415038485528,0.1732805532980819,0.30459910872826845,-0.021719675681480588,0.13961034102375547,-0.20894841486000648,-0.20894841486000648,-0.1946308724832216,-0.19727891156462585,-7.7989557300963925,0.2443350294688289,-5.014127239973452,-3.8030294065439914,0.5503634314746759,-0.11505016722408025,-0.03445447087776865,-0.044444444444444516,-0.00890004564125968,-0.11678832116788328,-0.20401854714064904,-0.1108151305274374,-0.04366812227074235,0.005102040816326482,-0.11573412585014585
84,2015-03-28,-0.10434646193767738,-0.14738834535810094,-0.13975780862861842,-0.26559822241132736,-0.03386037934794905,-0.21799599460924607,-0.08709985625381955,-0.08709985625381955,-0.07499999999999983,-0.07627118644067787,-1.5285951519845618,1.3863465866466615,-2.272940926376456,-1.6688760360816763,-0.23744426821196185,0.12377173091458805,0.010195412064571086,-0.004651162790697661,-0.034308081970987885,0.1322314049586779,0.15922330097087367,0.07878969442780104,0.0,-0.01015228426395942,0.16093588417786986
85,2015-06-27,0.08679860393765959,0.07814609625951753,0.11306041271089964,0.1608684689954618,0.027586920039917032,0.1654418842212264,0.16853042674762864,0.16853042674762864,0.1711711711711712,0.17431192660550446,-2.908284905379228,1.313090593043253,-0.9939107173230658,-1.9933306684058825,0.3093028664266786,0.02101900117706413,0.003364171572750152,-0.01869158878504662,0.0414878397711016,0.058394160583941535,0.015075376884422063,-0.05442932518744782,-0.013698630136986243,-0.00512820512820511,-0.0712615521656832
86,2015-09-26,-0.008720081071258212,-0.014612797362152374,-0.01743632349919122,-0.06900448829445016,0.008295283981930357,-0.02258752117714113,-0.11851660588064428,-0.11851660588064428,-0.10769230769230777,-0.10156250000000012,-1.2353275463414846,-0.7695646960067154,75.84560690705942,-1.6669314186470114,-0.15755239279397382,-0.0937088274044795,-0.07208717518860007,-0.0904761904761906,0.017857142857142794,-0.13103448275862062,-0.09570957095709554,0.017033773861967694,-0.07870370370370372,-0.010309278350515427,0.05844622946888878
87,2015-12-31,0.0846006371042689,0.1227932578658415,0.13261313436290625,0.306973530134091,-0.0037989630228173477,0.1847984944292196,0.4508073669949837,0.4508073669949837,0.4655172413793105,0.4695652173913045,-6.0153464707725774,-0.5366245721158294,-4.706455002676641,0.010749956333264477,-0.18902786686622475,0.0138106487370524,0.09394760614272801,0.0785340314136127,0.0245164192532612,-0.007936507936507908,0.08302919708029187,-0.08143228414669368,0.07537688442211055,0.005208333333333259,-0.14090728889392312
88,2016-04-02,-0.051385854477792425,-0.08261072178859541,-0.09611799727634808,-0.18747036071749845,0.04271320088170194,-0.1891720194296186,-0.3297138025894052,-0.3297138025894052,-0.3176470588235294,-0.3254437869822485,-1.0672480174956582,1.3896528488357585,-1.4522360115545094,-2.9097778615640806,0.4451462887692701,0.003584871840831783,-0.018166804293971883,-0.024271844660194164,0.03490669593852913,-0.016000000000000014,-0.09435551811288956,0.09933983024206228,-0.01869158878504662,-0.005181347150259086,0.12901311886083455
89,2016-07-02,0.04808785256315029,0.07215769195628162,0.06507986164116986,0.10914295898453964,0.01739161638938924,0.09095869570896233,0.26389607944651017,0.26389607944651017,0.2586206896551724,0.2719298245614037,-5.042413642326192,-0.4772065043707116,-0.9332158361031926,-0.16821453543371856,0.2562136549644627,0.13448830148240765,0.005046257359125228,0.004975124378109319,0.021425540941875317,0.09756097560975616,0.12372093023255815,-0.02945381755790688,0.014285714285714237,-0.01041666666666663,-0.03334111876678725
90,2016-10-01,0.014770979035292562,0.017218397633206317,0.018787762895059682,0.0119508072190746,0.007054953452052981,-0.006029536339053898,-0.12320697102852465,-0.12320697102852465,-0.11643835616438347,-0.11724137931034473,-0.8348837209302326,0.2281353629789445,-4.964989963395915,-2.1012698287115787,-0.2246117663195306,0.0004722921914357414,0.0008368200836821327,-0.004950495049504955,0.02596053997923153,-0.022222222222222254,-0.03145695364238421,-0.007660577489687626,0.004694835680751242,-0.010526315789473715,0.0051948051948051965
91,2016-12-31,0.08131523089093262,0.12244855549791622,0.1251116073748999,0.21113541308323214,-0.002726469120805209,0.08537586681608045,0.39745343039404735,0.39745343039404735,0.4341085271317831,0.421875,8.009744513593187,-0.4443703438628453,-0.4440357956491312,-2.3461780236359067,0.3899561671630921,0.036034618410700325,-0.004180602006689016,-0.012437810945273627,0.0046558704453441005,0.007575757575757569,0.011965811965811923,-0.07749406175771978,0.02336448598130847,-0.037234042553191404,-0.07319271678384709
92,2017-04-01,-0.05539706635743436,-0.08066690957330336,-0.09015510721663413,-0.09805833922091388,0.023241291709547036,-0.10606092823858104,-0.3084768839883781,-0.3084768839883781,-0.31351351351351353,-0.3076923076923077,-1.0949312441491634,0.5876342984279399,-2.7131072901601585,-1.085107234581902,-0.023877077406797453,0.09690157958687727,0.003358522250209939,-0.005037783375314797,0.024178924037880245,0.09774436090225548,0.07179054054054057,0.08303830061152251,0.004566210045662046,-0.005524861878453025,0.019256953900019358
93,2017-07-01,0.058173350100135135,0.07788062273795471,0.0661886035740431,0.06731685939739651,0.04221932979806087,0.12254321169424287,-0.12383974404050345,-0.12383974404050345,-0.11811023622047236,-0.11904761904761894,4.371948300622305,-0.4694092048974775,-0.5717591145019073,6.967079479542247,-0.1948838297268589,0.03863195790639717,-0.08117154811715477,-0.08607594936708862,0.0491835530198701,0.013698630136986356,0.01733648542159183,-0.014858841010401247,-0.08636363636363631,-0.005555555555555536,0.00992366412213741
94,2017-09-30,0.06034785150026134,0.0798193357397643,0.07222910289783148,0.08379111194624378,0.036627343081899744,0.07554027270930286,0.3506355400836685,0.3506355400836685,0.3571428571428571,0.3513513513513513,-2.2020049901978256,0.6768722849695916,2.287127628504673,-2.6176163866042272,0.391555017884444,0.05479269430742573,0.00819672131147553,-0.0027700831024931594,0.03993999624976573,0.0,0.12006196746707976,-0.022624434389140302,-0.00497512437810943,0.005586592178770999,-0.0036533131771225853
95,2017-12-31,0.09336827884183307,0.1248817845692718,0.13136141174696306,0.14007342315808424,0.014853451519839522,0.0978077983933825,-0.599754883755478,-0.599754883755478,-0.5921052631578947,-0.5933333333333333,-0.08978493427929635,0.1916397247782476,-0.1631701113936984,-0.11359254596432332,0.2494168624719555,0.01769464105156704,-0.2375790424570913,-0.2444444444444445,0.017850703209520313,-0.020270270270270285,-0.021438450899031847,-0.07160493827160498,-0.25,0.005555555555555536,-0.013339233784296469
96,2018-03-31,-0.020531368613946777,-0.05238835767387662,-0.0424506339538594,-0.12586769498259864,0.029903631981894836,-0.09932799484403064,1.581312053447156,1.581312053447156,1.5483870967741935,1.5573770491803285,-1.6114857710664778,4.850727838745021,2.1252305936376064,-2.2449157426720827,-0.2485183191500145,0.0008693492300051452,0.0308056872037914,0.014705882352941124,0.03100088573959248,-0.013793103448275891,0.2713780918727913,0.05152925531914887,0.02000000000000001,0.0,0.08406484269878889
97,2018-06-30,0.038698328444902064,0.059069297037454886,0.05516677264039305,0.06301985278703648,0.0037616616806626095,0.07518093295826866,0.22158396480078224,0.22158396480078224,0.2278481012658227,0.23076923076923064,4.458023096287811,-0.8947359034038721,-0.0795853628499722,0.2021946769988812,-0.3975711025728888,-0.056954957190718525,0.14137931034482776,0.11956521739130445,0.006357388316151179,-0.08391608391608385,-0.1161756531406336,-0.033828643692696884,0.12418300653594773,-0.011049723756906049,-0.003723624327678921
98,2018-09-29,0.01368557093734668,0.020633199634032096,0.00815800991598592,0.06060199883598937,0.026028802504341364,0.013245401302504293,0.03894888620780978,0.03894888620780978,0.04123711340206193,0.03645833333333326,-2.206536805833488,0.2318987913701569,-2.4475274750625164,-1.6586681948424071,0.4346860543569355,0.00881578947368422,0.06445115810674729,0.051779935275080964,0.028683626429912845,0.0,-0.13710691823899368,0.012107329842932169,0.06976744186046502,-0.011173184357541888,-0.037672045562410994
99,2018-12-31,0.047497868568340484,0.069882764409823,0.0627010162656112,0.12101958589843885,0.013892350515334329,0.05710435094310151,0.3065715758526735,0.3065715758526735,0.301980198019802,0.2964824120603016,-0.4677764181187488,0.08926279112415192,-0.4411997195129725,-0.7554429533938415,0.0740967247375004,-0.07512716838398338,0.3036896877956481,0.3046153846153845,0.04082987551867223,-0.0992366412213741,-0.15014577259475226,-0.03200775945683808,0.3097826086956521,-0.005649717514124353,-0.04561987547006974
100,2019-03-30,-0.05362512015415721,-0.09952867000286593,-0.08693827626339258,-0.19979721123931626,0.02328887002604696,-0.09625833303654807,-0.3898410165920235,-0.3898410165920235,-0.37262357414448666,-0.3682170542635661,-2.2503097281233133,-0.3502462224841113,-2.031183335424771,-5.480532786885246,-0.3090902308340222,0.05443519954872378,-0.014513788098693747,-0.009433962264150941,0.025673736246212497,0.008474576271186418,-0.20325900514579764,0.08149632598530387,-0.004149377593360981,-0.005681818181818232,0.1253149021381048
101,2019-06-29,-0.04791128762398733,-0.011712857735555526,-0.011270557460442143,0.04888113304782049,-0.12484448990026252,0.026349530065088226,-4.900707002522472,-4.900707002522472,-4.927272727272729,-4.975460122699387,-2.2322773017547166,0.2424615384615385,-3.3597809552783686,-0.4796986558934878,-0.2327656515079612,-0.003878560920155039,-1.0014727540500736,-1.0023809523809524,-0.10820895522388052,-0.02521008403361347,-0.012917115177610294,-0.08091414453366275,0.0,0.011428571428571344,-0.05780380001148045
