Unnamed: 0,Quarter end,Assets,Current Assets,Liabilities,Current Liabilities,Shareholders equity,Revenue,Earnings,Earnings available for common stockholders,EPS basic,EPS diluted,Cash from operating activities,Cash from investing activities,Cash from financing activities,Cash change during period,Cash at end of period,Price,ROE,ROA,Book value of equity per share,P/B ratio,P/E ratio,Cumulative dividends per share,Equity to assets ratio,Net margin,Asset turnover,Current ratio
0,1993-12-31,0.036723716381418026,0.06343324250681204,0.03915583849306703,0.06507426121574023,0.033619058221084235,-0.1495665878644602,-0.23972602739726026,-0.23972602739726026,-0.2441860465116279,4.2,-1.0571428571428572,0.09868421052631572,0.012820512820512777,-1.8294849023090585,0.2403928266438941,0.1331006979062812,-0.14396456256921386,0.125925925925926,0.03333333333333344,-0.005813953488372103,0.3813169984686065,inf,-0.002959253357614489,-0.07435897435897433,-0.06862745098039225,-0.0014948747152619955
1,1994-03-31,0.036723716381418026,0.06343324250681204,0.03915583849306703,0.06507426121574023,0.033619058221084235,-0.1495665878644602,-0.23972602739726026,-0.23972602739726026,-0.2441860465116279,4.2,-1.0571428571428572,0.09868421052631572,0.012820512820512777,-1.8294849023090585,0.2403928266438941,0.1331006979062812,-0.14396456256921386,0.125925925925926,0.03333333333333344,-0.005813953488372103,0.3813169984686065,inf,-0.002959253357614489,-0.07435897435897433,-0.06862745098039225,-0.0014948747152619955
2,1994-06-30,0.01900853733314456,0.056882238392948585,0.029036589459550118,0.04054054054054057,0.006138933764135768,-0.1495665878644602,-0.23972602739726026,-0.23972602739726026,-0.2441860465116279,4.2,-1.0571428571428572,0.09868421052631572,0.012820512820512777,-1.8294849023090585,-0.16075731497418244,0.025956885173779032,-0.14396456256921386,0.125925925925926,0.0051319648093841605,-0.005813953488372103,0.3813169984686065,0.9230769230769228,-0.012785388127853905,-0.07435897435897433,-0.06862745098039225,0.015684037926855462
3,1994-09-30,-0.012127383817811529,-0.0373351435221102,-0.04273364867068996,-0.07225752970433819,0.02804538642688925,-0.061712379540400326,-0.16666666666666666,-0.16666666666666666,-0.16923076923076918,4.2,6.537037037037037,-0.7335329341317365,0.025316455696202445,0.2355460385438972,-0.23666940114848234,-0.027015437392795882,-0.14396456256921386,0.125925925925926,0.02771699489423773,-0.03508771929824561,0.3813169984686065,0.52,0.040703052728954685,-0.07435897435897433,-0.06862745098039225,0.03762195549940328
4,1994-12-31,0.005669571736482082,0.049058124307444384,0.002129834724825308,0.01667907669396862,0.00999583506872126,0.011258147343472302,-0.15135135135135136,-0.15135135135135136,-0.14814814814814814,4.2,-2.457002457002457,2.0674157303370797,0.19753086419753085,-1.3864818024263432,0.11982804943578727,0.0030850594975759807,-0.14396456256921386,0.125925925925926,0.009226401703335664,-0.01818181818181808,0.3813169984686065,0.3157894736842106,0.004222222222222349,-0.07435897435897433,-0.06862745098039225,0.03186092132855324
5,1995-03-31,0.03252108279364485,0.03101594008066066,0.04276120037405429,0.0940383770323714,0.020103092783505083,-0.016210937500000022,0.15286624203821653,0.15286624203821653,0.15217391304347827,4.2,0.5834738617200674,-0.41025641025641024,-0.2371134020618557,2.1569506726457397,0.33781190019193863,0.08040421792618613,-0.14396456256921386,0.125925925925926,0.01898734177215177,0.06790123456790109,0.3813169984686065,0.26,-0.011949546359814156,-0.07435897435897433,-0.06862745098039225,-0.05762422971023995
6,1995-06-30,-0.01868146744280497,0.07814100773027842,-0.004076308495026937,-0.01178203240058906,-0.036786255684689184,0.10343458407782412,-2.276243093922652,-2.276243093922652,-2.2830188679245285,4.2,-0.6432374866879661,-3.4472049689441002,-0.5405405405405406,-0.012784090909090941,0.2492826398852224,0.1996746644977634,-0.6093143596377748,0.125925925925926,-0.039337474120082816,0.17919075144508678,0.3813169984686065,0.19047619047619047,-0.018365061590145504,-0.6094182825484764,0.010526315789473715,0.0910608695652173
7,1995-09-30,-0.0010116337885685,0.06297512093987567,-0.023984937786509453,-0.03156753827394665,0.02843353268282445,-0.2117668225980569,-1.974025974025974,-1.974025974025974,-1.9705882352941173,4.2,0.04477611940298498,0.04060913705583746,0.2352941176470589,0.03309352517985609,0.2061441286247488,0.12508474576271178,0.129139072847682,0.125925925925926,0.025862068965517127,0.16666666666666652,1.885809312638581,0.17333333333333334,0.02943189596166995,0.17021276595744686,-0.04166666666666663,0.09761540423361392
8,1995-12-31,0.01716915995397006,0.07094676960585122,0.02323240795101911,0.037353105763850085,0.009793919608243272,0.0360648253823328,-0.031111111111111086,-0.031111111111111086,-0.03030303030303028,4.2,-2.5942857142857143,-0.6902439024390243,-0.04761904761904767,-1.6559888579387183,-0.11211616281837657,0.06959927689062972,0.1788856304985338,0.17763157894736836,0.006302521008403339,0.046218487394958034,-0.0626200537840953,0.13636363636363644,-0.0073138297872339395,0.2181818181818181,-0.03260869565217395,0.03235550392099906
9,1996-03-31,0.0260657073038284,0.06275610866595849,0.029016393442622856,0.042751180040458525,0.022428773489593826,-0.05419695968274951,-0.4541284403669725,-0.4541284403669725,-0.453125,4.2,-1.7365591397849462,2.8031496062992125,4.925,-2.394904458598726,0.17613941018766766,0.1585915492957748,-0.16417910447761194,-0.16201117318435754,0.017397355601948442,0.14859437751004,-0.0228142076502732,0.1299999999999999,-0.0035722259432909853,-0.12437810945273632,-0.0449438202247191,0.019187485932928183
10,1996-06-30,-0.0012789979712446446,-7.14030703320434e-05,-0.020949498167914585,-0.0363424728401448,0.023122529644268752,0.4616818075937572,2.9327731092436973,2.9327731092436973,2.8571428571428577,4.2,1.0583941605839415,-1.4906832298136643,-0.4135021097046413,-0.28462709284627097,0.10713471620697512,0.0007293946024797826,2.053571428571429,2.08,0.016415868673050667,-0.013986013986013957,0.1864951768488748,0.1238938053097347,0.024423033833744112,2.0056818181818183,0.0235294117647058,0.03765251476839837
11,1996-09-30,-0.028394789136674814,-0.02142245072836335,-0.013180375884793705,-0.024560461682995527,-0.0464554761444852,-0.107410358565737,-0.4572649572649573,-0.4572649572649573,-0.451851851851852,4.2,-0.4539007092198582,-1.6160337552742616,5.107913669064748,-1.5127659574468084,-0.049619106444307226,0.0682701652089408,0.026315789473684292,0.025974025974025983,-0.048452220726783235,0.049645390070921946,-0.6546482856132909,0.11023622047244096,-0.018591426071741024,-0.03402646502835549,0.06896551724137945,0.0031923383878691425
12,1996-12-31,0.2387055722207072,0.10040863981319316,0.3449583642509688,0.18904788112272986,0.108173807353388,0.16264952687020173,0.0,0.0,0.027027027027026973,4.2,0.09090909090909084,-1.6301369863013695,-0.23085983510011776,0.0,-0.05220970537261693,0.12440300204685005,0.007597340930674212,-0.02320675105485226,0.07284299858557275,0.18243243243243248,0.09518935516888448,0.09929078014184413,-0.10541564519723644,-0.054794520547945084,0.032258064516129004,-0.07451604348979046
13,1997-03-31,0.03808615249137737,0.04588859416445623,0.0484276344020107,0.12925248785003474,0.02266703226396128,0.12377149877149884,0.484251968503937,0.484251968503937,0.4342105263157896,4.2,0.12698412698412698,1.8260869565217392,-0.7840735068912711,-1.6929460580912865,0.038171428571428516,0.07766990291262132,0.20452403393025453,0.16630669546436286,0.023071852340144968,0.0028571428571428914,0.03738317757009324,0.0903225806451613,-0.014698555057299334,0.08902691511387162,0.07291666666666674,-0.07386819484240692
14,1997-06-30,0.020111692351194588,0.0458407304083186,0.018417821434836057,0.03545445230044053,0.02270086692287077,0.2693358841213447,-0.11405835543766575,-0.11405835543766575,-0.6605504587155964,4.2,1.091549295774648,-0.22307692307692306,-0.18439716312056745,4.2155688622754495,0.1917657419638925,-0.014639639639639657,-0.1220657276995305,-0.1518518518518518,-0.2635309278350515,-0.03703703703703698,-0.1996996996996997,0.08284023668639051,0.002528445006321212,-0.19391634980988592,0.04854368932038833,0.010086009529113316
15,1997-09-30,0.3642631925435709,0.2823279781752046,0.4642324032609944,0.419495299356754,0.2120947304028664,0.8802885132952956,-2.1706586826347305,-2.1706586826347305,-2.135135135135135,4.2,-1.4797979797979797,2.5693069306930694,2.4434782608695653,-2.936854190585534,-0.10955108073157216,0.06495238095238087,-0.5686274509803921,-0.5960698689956332,0.21434820647419084,0.4467455621301775,0.2600375234521577,0.07650273224043702,-0.11147540983606563,-0.6674528301886793,0.21296296296296305,-0.09666748345993637
16,1997-12-31,-0.03428658505612836,-0.08930597579425115,-0.016977728983688878,-0.013385387618516488,-0.06611391492429708,-0.3285812435589145,0.2736572890025575,0.2736572890025575,0.0714285714285714,4.2,-2.6035087719298247,0.4798890429958391,-0.3762626262626263,-0.7628927089508002,-0.08298755186721997,-0.12126632087283128,-1.2975206611570247,-1.2864864864864864,-0.04106628242074928,-0.2760736196319018,0.6721262656343061,0.07106598984771573,-0.032926483110985005,0.0,0.03816793893129766,-0.07690221076902204
17,1998-03-31,0.005522827687776122,-0.0039973005243212345,0.005424594152606543,-0.012012436404748472,0.005712962248127784,0.10352178732838756,-1.1004016064257027,-1.1004016064257027,-1.1111111111111112,4.2,-0.5754923413566739,-0.4695407685098407,-0.3927125506072875,-0.18000000000000005,-0.07420814479638005,-0.007123956849175661,1.7361111111111112,1.641509433962264,-0.03155522163786628,0.033898305084745894,18.305431878895817,0.06635071090047395,0.0,0.0,0.044117647058823366,0.008081104907434744
18,1998-06-30,-0.007637181566145346,-0.018815803189825897,-0.008727734359503359,-0.016092118437991743,-0.00552698242112537,0.03461865389073493,4.16,4.16,4.4,4.2,-1.8041237113402064,-0.3763250883392226,0.8200000000000001,1.859756097560976,-0.22922776148582605,0.008405084050840506,0.116751269035533,0.07857142857142851,-0.005430566330488773,0.04371584699453535,0.0,0.06222222222222217,0.0020545934840034974,0.0,0.021126760563380254,-0.002769275615799427
19,1998-09-30,-0.008407569448105057,-0.027888446215139414,-0.01344699243606673,-0.01133968161663157,0.001312234658433109,-0.05019045485099705,0.3449612403100775,0.3449612403100775,0.2962962962962961,0.3846153846153846,-1.3044871794871795,-0.1813031161473088,0.9230769230769232,-0.2334754797441365,-0.2279644895370958,-0.18154096361049,-1.275,-1.271523178807947,0.012480499219968744,-0.17801047120418845,0.0,0.05857740585774041,0.009958992384299979,-0.7801418439716312,-0.07586206896551717,-0.016734872844197723
20,1998-12-31,-0.02527709114105736,-0.10519125683060104,-0.011967060159831287,-0.013160797000220548,-0.05057045945112548,0.3452072029566722,0.34005763688760804,0.34005763688760804,0.4000000000000001,0.3333333333333333,22.11578947368421,4.5986159169550165,0.5809523809523809,-0.6495132127955494,-0.10349075975359344,-0.08718330849478384,6.223140495867769,6.268292682926829,0.011556240369799742,-0.0987261146496815,-0.8458948339483394,0.05533596837944677,-0.0261020881670534,5.419354838709676,0.11194029850746268,-0.09327387588257152
21,1999-03-31,0.027923211169284427,0.055267175572519145,0.02434718344555753,0.03822083147071975,0.034995128288405335,-0.15870696206231372,0.008602150537634357,0.008602150537634357,0.020408163265306145,0.04166666666666674,-0.6443533697632058,-0.7799752781211372,-0.7469879518072289,-1.853174603174604,0.0984883188273018,-0.0440816326530612,0.3810068649885583,0.3791946308724832,-0.0030464584920031346,-0.053003533568904526,-0.8171206225680934,0.05243445692883908,0.007147111375819026,0.34170854271356776,0.033557046979865834,0.016393442622950838
22,1999-06-30,0.009682724957555287,0.009432870370370328,0.017475650326666425,0.034445640473627526,-0.0055699380246332355,0.05141745414118959,0.4946695095948828,0.4946695095948828,0.48,0.46,0.8988476312419975,-0.042134831460674205,2.6333333333333333,0.7627906976744185,0.1580483736447038,0.1298035866780527,0.2949461474730737,0.2846715328467153,0.008403361344537784,0.130597014925373,-0.18788870703764327,0.04982206405693956,-0.015375517445298638,0.2509363295880149,0.025974025974025983,-0.024112903225806503
23,1999-09-30,-0.022779222826515344,-0.041449291979590686,-0.016190663777821523,-0.016926812348248332,-0.03597349321552545,-0.123116574147502,-0.3195435092724679,-0.3195435092724679,-0.2972972972972973,-0.3013698630136986,-0.14902225219150367,-1.029325513196481,0.8034076015727392,-1.2744063324538255,-0.03745048613611812,0.12824389014865226,0.08189379398592456,0.07007575757575757,-0.009090909090909037,0.11881188118811893,-0.128174123337364,0.047457627118643986,-0.013513513513513488,0.05688622754491024,0.012658227848101332,-0.0249566151557723
24,1999-12-31,-0.02814970156476848,-0.06028708133971295,-0.01157203491631298,-0.03634182485357418,-0.06202945990180031,0.14552716858843914,0.3878406708595388,0.3878406708595388,0.40384615384615374,0.4117647058823528,1.1378763866877972,-75.6,-0.07630813953488369,-7.548076923076922,0.25476992143658816,-0.06766413577489949,0.11235955056179757,0.09557522123893802,0.008409785932721679,-0.05899705014749267,-0.13037447988904305,0.04530744336569592,-0.034703196347032006,0.12747875354107666,-0.025000000000000026,-0.024832612933299303
25,2000-03-31,0.011425567820289471,0.029913441955193413,0.0008102086287218313,0.016256590509666102,0.03428720991101032,-0.3480263157894737,-0.3685800604229608,-0.3685800604229608,-0.3424657534246576,-0.33333333333333337,-1.3561897702001482,-1.5710455764075069,-0.8497246262785209,-2.066079295154185,-0.2164579606440072,-0.04047904191616758,-0.004253056884635842,-0.01453957996768984,-0.0090978013646702,-0.047021943573667735,-0.134502923976608,0.04334365325077405,0.022705771050141932,0.060301507537688474,-0.0705128205128206,0.01338432122370925
26,2000-06-30,0.02508205689277898,0.04078605858361151,0.029265330904675087,0.05649228995532508,0.01636440320539867,0.4975782038345107,0.4832535885167464,0.4832535885167464,0.4791666666666667,0.4375,-4.225806451612904,-2.0140845070422535,1.743455497382199,-3.953168044077135,0.8158295281582952,-0.0474288567149278,-0.02295782167645488,-0.031147540983606507,0.027543993879112442,-0.039473684210526334,-0.0393120393120393,0.041543026706231334,-0.008633980881899372,-0.03080568720379152,-0.006896551724137946,-0.014837049742710053
27,2000-09-30,0.05256557355177849,0.07451609072556709,0.07338367154318083,0.024280452871368263,0.008631421694746509,-0.19971700020214267,-0.01774193548387093,-0.01774193548387093,0.0,0.028985507246376937,-0.45,1.0879629629629628,-2.120229007633588,-0.351679104477612,0.29128248113998323,0.4200733752620547,0.06229508196721301,0.04399323181049075,0.018615040953090082,0.3801369863013699,0.4437340153452685,0.039886039886039885,-0.04167962674961123,0.09046454767726164,-0.03472222222222221,0.049011926525637683
28,2000-12-31,0.06542956371840702,-0.12339061722937505,0.13607386238733787,0.2178053003062992,-0.09322800954496836,0.23709690999410624,-0.2101806239737274,-0.2101806239737274,-0.2112676056338028,-0.23943661971830976,0.2304985337243401,6.450110864745011,-1.9028960817717209,-4.706474820143885,-0.8360921778643298,0.15279571876730036,-0.06995884773662553,-0.11345218800648292,-0.0343567251461987,0.1339950372208436,0.06421612046058467,0.046575342465753344,-0.14897760467380716,-0.06950672645739908,-0.050359712230215736,-0.2801659751037345
29,2001-03-31,0.042114780622442234,0.08238779626828041,0.017930856553147526,-0.01000601454426153,0.1087114337568058,-0.09528346831824673,1.5717255717255716,1.5717255717255716,1.6428571428571428,1.6851851851851851,-0.4804575786463299,-0.94375,-0.679245283018868,-1.1052018633540373,0.5366336633663367,-0.07715703537698093,0.37444690265486735,0.3235831809872032,0.060560181680545,-0.045951859956236296,-0.008739076154806513,0.04450261780104725,0.06407322654462266,0.2987951807228917,0.015151515151515138,0.09338252248097767
30,2001-06-30,0.02052605141787289,0.0010482790751848992,0.05145102014953752,-0.01839169336131674,-0.05917498772303165,0.16723087339201093,-0.32093775262732416,-0.32093775262732416,-0.33108108108108103,-0.3310344827586207,0.04220183486238538,2.6216931216931223,-2.076470588235294,-1.0922509225092252,-0.03221649484536082,0.07337380745880329,0.08732394366197171,0.02900552486187835,0.017844396859386213,0.013761467889908063,-0.23383711167086485,0.04260651629072676,-0.07813620071684603,0.06122448979591821,-0.029850746268656688,0.019717418810628384
31,2001-09-30,0.07177215473074261,0.04328349525859565,0.10235627335181396,0.20069768750351646,-0.016615919965202286,-0.11787831915442125,-0.2261904761904761,-0.2261904761904761,-0.1717171717171717,-0.1649484536082474,0.2693661971830985,-0.02045288531775014,-1.1693989071038249,-2.4,0.04660452729693732,-0.29379444085326434,0.031458179126572894,-0.03489932885906033,-0.006311360448807868,-0.3076923076923077,-0.3473972602739725,0.04086538461538458,-0.08242612752721612,-0.019230769230769273,-0.015384615384615441,-0.13111363871367998
32,2001-12-31,0.009143095710259841,-0.09630290525846208,0.025502255022550324,-0.04001874414245543,-0.042374380750176965,0.14721998977131578,-0.8461538461538461,-0.8461538461538461,-0.8536585365853658,-0.8395061728395061,-0.8987517337031901,0.21252796420581666,-18.451612903225808,-14.414285714285715,-0.5973282442748091,-0.18764302059496574,-0.11481880157875855,-0.1488178025034772,-0.04304869442484116,-0.1797385620915034,-0.20906801007556675,0.03926096997690531,-0.05127118644067796,-0.1336898395721925,-0.015625,-0.05855051767225994
33,2002-03-31,-0.03706844837928969,-0.008206836973960295,-0.01919078842155764,-0.06204237039929705,-0.09903002309468822,-0.1197936568589989,-13.49,-13.49,-14.000000000000002,-12.846153846153848,2.4178082191780823,-0.46063960639606394,-0.2828096118299446,-1.0106496272630459,0.01579778830963674,0.2495774647887324,-0.8727199027158492,-0.8807189542483659,-0.0995575221238938,0.3027888446215141,0.4012738853503184,0.03777777777777769,-0.0643144260830728,-0.8806584362139918,-0.007936507936507908,0.057388446466944736
34,2002-06-30,0.01454318919035047,-0.01947365146519009,0.0007609109190716001,-0.003955243299505584,0.06654362760176348,0.002604731929672255,-1.6236989591673339,-1.6236989591673339,-1.6217948717948718,-1.6233766233766234,0.7855711422845691,-0.06157354618015965,-0.7293814432989691,16.3,0.26905132192846026,0.02614968440036081,-0.1560509554140127,-0.1917808219178082,0.0655200655200654,0.1406727828746177,8.320454545454545,0.036402569593147804,0.05155131264916468,-0.15517241379310345,-0.040000000000000036,-0.015660490137477612
35,2002-09-30,0.023121876852714385,0.05399746192893407,0.016048444034106442,-0.006008673389414243,0.04816381465102858,-0.08421736306559857,-0.5224646983311938,-0.5224646983311938,-0.5154639175257731,-0.5208333333333333,0.42873176206509545,-0.3098420413122722,0.7238095238095239,4.121387283236993,1.0857843137254903,-0.13796133567662572,-0.9924528301886792,-1.0,0.04842428900845519,-0.1903485254691689,-0.11403722669267655,0.03512396694214881,0.024058102587380947,-1.0,-0.01666666666666672,0.060480932717998474
36,2002-12-31,0.08323675496688733,0.01468906146529414,0.19320095143918548,0.04131623212783842,-0.2941392277354856,0.07966903073286047,0.586021505376344,0.586021505376344,0.5744680851063829,0.5869565217391304,0.34485467399842884,1.0299295774647883,-0.6022099447513812,-0.2878103837471784,0.37074030552291415,-0.17737003058103973,253.0,inf,-0.2947214076246335,-0.2152317880794702,28.61467889908257,0.033932135728542916,-0.348404255319149,inf,-0.05932203389830493,-0.02565277141548328
37,2003-03-31,-0.02130220473042677,-0.008365470186888158,-0.01574609147516015,-0.06945986875315502,-0.05353430353430355,-0.10517480475877672,-1.810169491525424,-1.810169491525424,-1.8108108108108107,-1.8219178082191785,-1.25,-0.6470078057241977,5.875,-1.5388272583201268,-0.1457351050150022,-0.08116480793060721,1.7401574803149606,1.5148514851485149,-0.054054054054054064,0.29957805907172985,-0.9849380421313508,0.032818532818532864,-0.032653061224489736,1.6483516483516485,-0.054054054054054064,0.06570286788904545
38,2003-06-30,0.008276885236301101,-0.015854971879861183,0.016885510775322514,0.044049039817728015,-0.04365733113673809,0.04282218597063614,-0.5983263598326359,-0.5983263598326359,-0.6,-0.6,-2.9742990654205608,-0.14004914004914004,-2.2303030303030305,-0.6647058823529413,-0.05720020070245858,0.05461901550910332,-0.7442528735632183,-0.7755905511811023,-0.04285714285714271,0.1168831168831168,-0.5849444672974085,0.031775700934579376,-0.0513361462728551,-0.7634854771784232,-0.03809523809523818,-0.05735083268997454
39,2003-09-30,0.011693868463340529,-0.050702170344701813,0.0049233523553764424,-0.01569157227475837,0.055124892334194715,-0.04247164646069612,-2.333333333333333,-2.333333333333333,-2.333333333333333,-2.333333333333333,-1.1988165680473373,-0.7,-1.2085385878489328,0.2807017543859649,-0.077700904736562,0.11732736572890025,-0.3258426966292135,-0.4035087719298246,0.05510907003444298,0.1656976744186045,3.9484638255698723,0.030797101449275614,0.04299481097108959,-0.3859649122807017,-0.029702970297029733,-0.03556803556803556
40,2003-12-31,0.014926801263037024,0.10521934037784186,-0.00020042311546597524,-0.026182432432432456,0.10734693877551016,0.0780918150628982,3.421875,3.421875,3.4375,3.40625,-22.619047619047624,0.8857142857142857,-5.2047244094488185,-20.863013698630137,1.6733987305251008,0.11244635193133036,3.0250000000000004,3.0588235294117645,0.10663764961915123,0.054862842892768215,0.8539955938313637,0.02987697715289972,0.09097370291400142,3.0571428571428565,-0.010204081632653073,0.13490234138056525
41,2004-03-31,0.014424436692750175,-0.033433769845868544,0.001002316464718378,0.006721595836947092,0.08846295613711752,-0.018108804364297626,-0.4496466431095406,-0.4496466431095406,-0.4507042253521126,-0.4539007092198582,-0.9738436123348018,-0.040404040404040435,0.101123595505618,-1.2355172413793103,-0.1474206777466005,0.06918724279835375,1.4057971014492754,1.5000000000000004,0.0334316617502457,-0.03309692671394815,-0.7477044398833315,0.029010238907849706,0.07296416938110761,1.4999999999999996,0.0,-0.03987172634954572
42,2004-06-30,0.008977695167286194,0.08320844074096279,0.008744798736120662,0.12917294852466088,0.010159160176092195,0.0056331507060729535,-0.025682182985553803,-0.025682182985553803,-0.05128205128205132,-0.025974025974025983,14.25263157894737,-8.75263157894737,0.17006802721088432,-4.27086383601757,0.5655696202531646,0.10416165503969198,0.35327022375215145,0.4231884057971014,0.014272121788772685,0.06845965770171157,-0.5651894669235711,0.03316749585406309,0.0012143290831814204,0.4338028169014085,-0.010309278350515427,-0.04074816299265194
43,2004-09-30,0.020356280971943308,-0.08771929824561409,0.011293951559535827,0.024366982976491425,0.0662643870823556,0.009208103130755152,-0.2487644151565073,-0.2487644151565073,-0.2432432432432432,-0.2666666666666666,-0.5341614906832298,-1.694501018329939,1.2151162790697674,-1.8379588182632047,-0.3027166882276844,0.1071895424836602,0.009856915739268723,0.0610997963340123,0.06566604127579723,0.09153318077803196,-0.22993599212210725,0.0321027287319422,0.04487568223165561,0.05697445972495085,0.01041666666666674,-0.10944753946146712
44,2004-12-31,-0.02572759442478512,-0.08396020383402092,-0.06912271517689661,-0.03011823852527695,0.1827709075665478,0.012317518248175173,-0.5921052631578947,-0.5921052631578947,-0.5892857142857143,-0.5272727272727273,0.8355555555555556,0.5923753665689149,-0.5288713910761155,-0.4081196581196581,-0.2569573283858998,0.01908697363242817,-0.38979848866498734,-0.3397312859884837,0.2411971830985915,-0.04402515723270439,-0.04859335038363166,0.043545878693623585,0.2135809634358677,-0.3364312267657992,0.0,-0.05551935357747938
45,2005-03-31,0.05097937475677772,0.15529801324503306,0.05996204044333009,0.12315814734821218,0.017012227538543367,-0.024560612888688604,1.8763440860215053,1.8763440860215053,1.9130434782608696,1.5384615384615383,0.12429378531073446,-0.8311847759361571,0.3816155988857939,-1.1137184115523466,0.0393258426966292,0.04711334234408193,-0.10732714138286904,-0.05813953488372104,-0.014893617021276562,-0.1557017543859648,0.5638440860215053,0.037257824143070106,-0.032042085126733684,-0.04761904761904767,-0.02061855670103097,0.028701531668276607
46,2005-06-30,-0.003879112741122071,0.04574376612209807,0.002785392165531864,0.04371608050937992,-0.03014462449904165,0.15715715715715706,0.05794392523364489,0.05794392523364489,0.07462686567164177,0.06060606060606055,0.9073941134242642,-2.752727272727273,0.5201612903225807,11.944444444444445,0.4897897897897898,0.13461183846579394,-0.07225433526011549,-0.033950617283950546,-0.023038156947444263,0.15064935064935048,0.19123334765792865,0.03591954022988508,-0.02667984189723316,-0.058823529411764726,0.03157894736842115,0.0018779342723003192
47,2005-09-30,0.0322866145077354,0.050211039850901695,0.0778845729906088,0.0692761218473632,-0.1535213798059648,-0.15983497471386746,0.7862190812720848,0.7862190812720848,0.7777777777777779,0.8,-0.8110651110274746,-0.5871369294605809,-0.2606100795755968,-1.2538320049049665,-0.0834509171537996,0.05948317893710375,0.3221183800623053,0.3035143769968052,-0.14001473839351508,0.08352144469525967,0.0836940836940836,0.034674063800277384,-0.17969543147208136,0.33125000000000004,-0.020408163265306145,-0.017806935332708496
48,2005-12-31,0.029836414143146195,0.14661516780625286,0.0021270068514163127,0.07933833665186096,0.17361774381831685,0.12498019958815144,-0.5450049455984174,-0.5450049455984174,-0.5390625,-0.5317460317460319,3.876494023904383,-3.5326633165829144,-0.06547085201793723,-3.1787439613526565,0.19023531999120305,0.0438717594723117,0.1248821866163996,0.08823529411764698,0.2142245072836333,0.21458333333333326,-0.2133821571238349,0.04021447721179626,0.1392326732673268,0.10093896713615023,-0.01041666666666663,0.06229552889858225
49,2006-03-31,0.022478271004695568,0.03618900218499643,0.01820445315210506,0.04257130693912292,0.04141423275160494,0.00422416220782873,0.5043478260869565,0.5043478260869565,0.5254237288135595,0.4915254237288136,-0.1605392156862745,-0.6111111111111112,-0.5268714011516316,0.5177383592017739,0.2529563932002956,0.0683321087435711,0.0603267700041894,0.04054054054054035,0.016231474947071334,-0.12006861063464835,-0.04147270418958948,0.038659793814433074,0.01846822379141755,0.03624733475479736,0.0,-0.006031053509559903
50,2006-06-30,-0.002263548723293373,0.017923823749066425,0.02022408851295832,0.03297264189465077,-0.09967873578188767,0.0506169377453729,-1.2312138728323698,-1.2312138728323698,-1.2222222222222223,-1.2272727272727273,0.1888077858880779,1.295918367346939,1.4787018255578093,-0.4258582907231556,0.11591210735879652,0.14154057771664366,-0.2528644804425129,-0.2813852813852813,-0.09444444444444457,0.1228070175438596,0.06843267108167783,0.03722084367245637,-0.09760000000000002,-0.2654320987654321,-0.02105263157894733,-0.014588174541698916
51,2006-09-30,0.003084757381383696,-0.03431012904061115,-0.009194499017681771,-0.022960108047567318,0.06336194425691978,-0.016482049913252417,-5.3375,-5.3375,-5.5,-5.4,-0.7707736389684814,3.271111111111111,-0.17348608837970536,-4.013994910941475,-0.3130699088145896,-0.05904325822388234,-0.18878900052882064,-0.1686746987951807,0.0690184049079754,0.03993055555555558,0.2756198347107439,0.035885167464114964,0.060283687943262436,-0.1876750700280112,0.021505376344086002,-0.011659897812131614
52,2006-12-31,-0.15724559862019594,0.02712727922774394,-0.06696145304568524,0.001382333108563616,-0.5701977144930165,0.19010787706085885,0.4250720461095101,0.4250720461095101,0.43333333333333335,0.4659090909090911,3.358928571428572,-0.6784599375650364,-0.08910891089108908,-1.3883495145631068,0.17699115044247793,0.08733512613650896,0.5338983050847457,0.3623188405797102,-0.5523672883787659,0.016694490818029983,0.2792355037252996,0.040415704387990685,-0.4899665551839465,0.2413793103448274,0.09473684210526324,0.025715800636267442
53,2007-03-31,-0.004595126848669695,-0.02058042901274859,-0.023589416640102057,-0.042826840847109526,0.18400506435956945,-0.12405222051194342,-0.11324570273003033,-0.11324570273003033,-0.10852713178294582,-0.1240310077519381,-0.7017615731257681,0.10194174757281547,0.4467391304347825,-2.393478260869565,-0.20954560313828047,0.041337887174655474,0.2851678708032299,0.13031914893617036,0.14262820512820507,1.3267651888341545,-0.21448467966573825,0.0388457269700333,0.18907103825136606,0.06388888888888887,0.06730769230769229,0.02326182476091998
54,2007-06-30,0.04519357591744888,0.13385162150155486,0.04535858091195988,0.05972774279784732,0.04384245232578854,0.10823299707126588,0.19726339794754846,0.19726339794754846,0.1913043478260872,0.1946902654867257,3.991758241758242,-0.2202643171806168,-0.4049586776859504,-2.809672386895476,0.479735318444996,0.0718163311467992,0.7533068783068784,0.5529411764705883,0.047685834502103834,-0.0621030345800988,-0.014506769825918697,0.03739316239316248,-0.0009191176470587649,0.4569190600522193,0.06306306306306286,0.06996716342510734
55,2007-09-30,0.016720483984708382,0.043294283587352655,0.007328905452955503,0.024562684635045073,0.09373399351203693,-0.030009396288466106,0.060952380952380876,0.060952380952380876,0.06569343065693413,0.06666666666666665,-0.08392955421023662,-0.2749529190207156,0.4671717171717171,-0.2275862068965517,0.2504192286193405,0.04410678484752562,0.3445869483213881,0.15151515151515138,0.107095046854083,-0.003009781790820121,-0.3038927052666012,0.03604531410916567,0.07543698252069908,0.08602150537634401,0.05932203389830515,0.01829556185080272
56,2007-12-31,0.07664226915144101,0.02448550398077209,0.03309150286269413,0.021738426150905488,0.4055572900405871,0.05812193497608531,-0.07271095152603235,-0.07271095152603235,-0.061643835616438276,-0.06249999999999989,-0.4313607689996997,4.779220779220778,0.3760757314974184,-2.063616071428571,-0.21300849351810452,-0.02627589691763521,-0.14953008837144066,-0.022368421052631482,0.4437726723095525,-0.12075471698113205,-0.13110902255639112,0.05666003976143141,0.3053892215568863,0.01320132013201314,-0.03200000000000003,0.00266604845253271
57,2008-03-31,0.023293662903061785,0.03376099706744862,0.02624944980192878,0.03640053269072241,0.0068858285206574435,-0.08508325227441782,0.17231364956437556,0.17231364956437556,0.1970802919708028,0.2,0.021130480718436262,-1.0615730337078653,-0.10381488430268916,-1.3488982161594962,0.0944333996023856,-0.172599896211728,-0.041233712683489854,0.04037685060565255,0.01005025125628145,-0.4266094420600859,-0.1817198485667928,0.0376293508936969,-0.015727391874180933,0.0716612377850161,-0.02479338842975209,-0.002543352601156013
58,2008-06-30,-0.030649436713054982,-0.0802808411049254,-0.02686474051545995,-0.03796732546044178,-0.05206265166556368,0.06078799249530964,-0.29644921552436,-0.29644921552436,-0.27439024390243905,-0.2777777777777779,-1.1298499741334709,-4.927007299270073,-0.0928122819260293,-4.139849624060152,-0.2709225379525108,-0.035122930255895635,-0.12403234130397388,-0.06338939197930127,-0.037313432835821,-0.04491017964071853,-0.11764705882352945,0.036264732547597545,-0.02197070572569904,-0.04407294832826747,-0.02542372881355936,-0.04404265183124712
59,2008-09-30,-0.034028371218595144,-0.061533716312603626,-0.04229104896225655,-0.06624264588964858,0.013963230160577213,-0.09839641551703804,-0.1842723004694836,-0.1842723004694836,-0.18487394957983194,-0.17948717948717952,0.7609561752988048,-2.066914498141264,0.16153846153846166,-0.3136973180076629,-0.2550275849795337,-0.19591783671346846,-0.1582875098193245,-0.10635359116022114,0.02411714039621016,-0.16457680250783702,-0.1700374531835206,0.034995625546806686,0.049693669162695686,-0.08267090620031793,-0.02608695652173898,0.005092143549951578
60,2008-12-31,-0.04847927245704986,0.06667762211905838,0.15203430603493362,0.05323206866017305,-1.1484966720220335,-0.17190871640619887,-1.1237410071942446,-1.1237410071942446,-1.1443298969072164,-1.1458333333333333,2.7126696832579187,1.9878048780487805,-0.3649006622516556,-0.3593859036985345,-0.21930243669374105,-0.23864187550525465,0.0,-0.2797527047913445,-1.1530698065601346,-0.2570356472795497,-0.1669675090252707,0.0211327134404058,0.0,-0.2391681109185441,-0.0535714285714286,0.012786489746682728
61,2009-03-31,0.02902619981777277,0.07086735479895245,0.011312258275379959,-0.03104284559417947,-0.6066460587326121,0.303063802905875,-8.093023255813954,-8.093023255813954,-7.2142857142857135,-7.142857142857142,-1.117611212675198,-1.3486880466472302,-2.4504692387904066,-2.055555555555556,0.2965116279069768,-0.1926098959439372,0.0,-0.2060085836909872,-0.6153846153846154,0.0,0.14084507042253502,0.0347682119205297,0.0,-0.2323462414578588,0.03773584905660377,0.10516912815626478
62,2009-06-30,0.04286230574629557,0.08329736728528259,0.030199655271473613,0.04361755381278165,-1.3536345776031435,0.039510362380317465,0.6360655737704919,0.6360655737704919,0.6091954022988504,0.6395348837209303,4.186528497409326,-0.5852842809364549,-1.3098490294751977,-0.6264189886480909,0.08543780977106441,0.1520252498684902,0.0,0.0729729729729729,-1.3571428571428572,0.0,0.459639126305793,0.033600000000000074,-0.9798962386511024,0.06824925816023719,0.0,0.03804289255307691
63,2009-09-30,0.016547685056834016,0.003552456839309492,0.03774966014848902,0.024846508058326888,-6.711111111111111,-0.02716567564416461,-2.567134268537074,-2.567134268537074,-2.5642857142857136,-2.5531914893617023,0.19580419580419586,4.254032258064516,-4.677494199535961,3.1325966850828726,0.3252881061100239,0.07762557077625587,0.0,-1.017632241813602,-6.64,46.67676767676768,-0.005855562784645385,0.03250773993808044,0.0,0.0,0.0181818181818183,-0.020867940199335463
64,2009-12-31,0.057715581161470686,0.16700301055347874,0.004769582157732044,0.026022652812880187,-3.0700389105058368,0.07484419942473641,-1.81074168797954,-1.81074168797954,-1.8036529680365296,-1.7990867579908676,1.683375104427736,0.2624712202609363,-0.022712933753943232,1.0855614973262029,0.5118949958982772,0.09894067796610152,0.0,-33.0,-2.99290780141844,0.0,0.0,0.03148425787106457,10.064516129032258,-0.4666666666666667,0.044642857142856984,0.1374191496129784
65,2010-03-31,0.014777690039160076,0.04317505315379155,0.0017216019255197337,0.018276921205486074,0.3825187969924813,-0.15169760829570167,-0.5906940063091483,-0.5906940063091483,-0.5965909090909092,-0.6000000000000001,-1.0887297633872977,1.456534954407295,-1.224015493867011,-2.5057692307692307,-0.5098209441128594,0.24657798342008874,0.0,-0.0982142857142857,0.3807829181494662,-0.878125,1.31217277486911,0.03052325581395343,0.3615160349854227,-0.05208333333333315,-0.0512820512820511,0.02451757248065634
66,2010-06-30,0.012466253771637348,0.04155117125930752,0.010862491865645474,0.018038466133078586,0.04588715159755274,0.023462145110410004,0.5163776493256262,0.5163776493256262,0.4647887323943662,0.5142857142857145,-1.933333333333333,-1.0368720613709477,0.2420749279538905,-0.9895700297999148,-0.010847907903475784,0.050417568821528036,0.0,-0.1930693069306932,0.0850515463917525,-0.23902651021295085,0.15114633455986426,0.02961918194640334,0.03426124197002145,-0.15384615384615385,-0.04504504504504503,0.023111919927206737
67,2010-09-30,0.023009960003137042,0.029404858193962543,0.0014525766729391876,0.004400375498709197,0.4475138121546962,0.08951390226674373,0.06353240152477757,0.06353240152477757,0.08653846153846145,0.06603773584905648,5.973684210526316,-18.369127516778523,1.011600928074246,31.73469387755102,-0.35899731423455683,-0.046819787985865835,0.0,2.2944785276073616,0.4418052256532068,-0.1216447744146203,0.20604868453405456,0.02876712328767117,0.4140786749482401,2.3701298701298703,-0.028301886792452824,0.02481323372465316
68,2010-12-31,0.05125571126307071,0.02833679728291183,0.0829569803856931,0.033792861732577784,-0.3789851818590031,-0.02457712029233217,0.3906810035842294,0.3906810035842294,0.3982300884955754,0.3805309734513276,-0.3983827493261456,-1.6371715610510047,-0.6343713956170703,-2.5554862842892767,0.871159217877095,0.03738029039233859,1.3313112459169387,-0.05400372439478585,-0.3772652388797365,-0.2808842652795839,-0.7049949031600408,0.027962716378162392,-0.4099560761346999,-0.009633911368015393,-0.03883495145631066,-0.005206977349648478
69,2011-03-31,0.002844016626558643,0.010770975056689336,-0.014459004916061668,-0.0038988557705890155,0.4143167028199566,-0.09909365558912386,-0.4965635738831615,-0.4965635738831615,-0.5,-0.5,-1.853942652329749,0.6416009702850212,3.6309148264984223,-0.8753507014028056,0.0580332151520806,0.04571173317450872,-0.049439551641313084,-0.0019685039370077595,0.4021164021164021,0.6799276672694392,0.09053213545266048,0.0272020725388602,0.4119106699751861,0.025291828793774236,-0.03030303030303028,0.014655849254122
70,2011-06-30,0.048851076207097055,0.08154307591016607,0.03925686840764131,0.0599313611481409,0.2098670756646217,0.10952380952380958,0.60580204778157,0.60580204778157,0.6075949367088607,0.6153846153846154,-2.6747114375655823,-1.7199852234946436,-0.8099455040871935,-2.993569131832797,-0.10934744268077601,0.0746119891784136,-0.06348704990524323,0.013806706114398493,0.20566037735849066,-0.2335844994617869,0.05576679340937907,0.02648171500630525,0.1528998242530757,0.030360531309298056,-0.01041666666666663,0.020462556959848662
71,2011-09-30,0.028342045785437975,0.04495750005636601,0.011991975629690229,0.005967353492105865,0.26072258609761256,0.0715710572447561,0.16684378320935167,0.16684378320935167,0.14960629921259838,0.1507936507936507,-0.718671679197995,-1.0502821959979476,-2.4086021505376345,-2.458064516129032,0.17900990099009895,-0.12402279051278653,-0.01956155143338956,0.03891050583657596,0.2566510172143974,-0.2731741573033708,-0.16086434573829533,0.0257985257985256,0.2271341463414633,0.060773480662983374,-0.02105263157894733,0.03875642429859294
72,2011-12-31,0.07851624125237655,0.07471896778648035,0.1215235969575048,0.09791716542973417,-0.4109267638679404,0.10311953517233596,0.26867030965391625,0.26867030965391625,0.2808219178082192,0.2758620689655173,5.527839643652562,14.43877551020408,-1.8804071246819336,3.529867256637168,0.6877729257641922,-0.0043866283466950096,0.01662653365439759,0.020599250936329527,-0.4084682440846824,-0.20772946859903385,-0.06795422031473541,0.026347305389221587,-0.4546583850931677,0.015625,0.0,-0.021169600129775312
73,2012-03-31,0.0027379791463506553,0.0064444890584220964,-0.01692895860064414,0.0007510781605852834,0.4301564722617355,-0.008795704423421147,-0.3374012921751616,-0.3374012921751616,-0.3422459893048129,-0.3405405405405406,-0.7144319344933471,-2.9847984137475216,2.4306358381502893,-1.8134310134310128,-0.3314757687332073,0.13217866909753884,0.021091811414392092,0.04220183486238538,0.4126315789473685,0.9134146341463416,0.0713737528779741,0.025670945157526104,0.4282460136674261,0.01709401709401703,0.032258064516129004,0.0057176002651639895
74,2012-06-30,0.017330590362196974,0.02946280744449536,0.008230671905174125,0.027720614937658983,0.15456534712552214,0.0320899757519475,0.047670639219935085,0.047670639219935085,0.04065040650406515,0.040983606557376984,0.08482676224611717,-0.8051948051948052,-0.4018534119629318,-0.8760132092464725,-0.06147662994938974,-0.02952227589908752,-0.047056224455981455,-0.022887323943662,0.15052160953800287,-0.31293817718291905,-0.10386819484240696,0.025028441410694047,0.13397129186602852,-0.04033613445378148,0.01041666666666674,0.0016478536705939464
75,2012-09-30,0.02523438936209321,0.042047744535730784,0.0035533598404291493,0.009469964664311048,0.30737422467263964,0.00014996250937260314,0.06721820062047579,0.06721820062047579,0.0546875,0.06299212598425208,0.7577092511013215,0.7179487179487178,-0.5253521126760563,-1.6707021791767556,0.04393338620142751,0.0024889380530974674,-0.08786368378347043,-0.04504504504504503,0.30310880829015563,-0.1289424860853431,0.0007993605115907965,0.02441731409544956,0.2756680731364276,-0.042031523642732,0.0,0.0323270543719667
76,2012-12-31,0.06266287326368136,0.06565881959165454,0.09157321118306737,0.04970596471576584,-0.2268054823405377,0.1146541383446622,-0.05232558139534882,-0.05232558139534882,-0.044444444444444516,-0.05925925925925935,1.6109022556390975,-1.8318407960199004,2.6884272997032643,12.570397111913355,0.5711030082041932,0.0052413793103447395,-0.1837590545177279,-0.11886792452830185,-0.2236580516898609,-0.2289669861554846,0.02316293929712465,0.02654387865655461,-0.27232635060639465,-0.1279707495429616,0.010309278350515427,0.015139442231075773
77,2013-03-31,0.017447354211663102,0.038056849709469764,-0.0005064573309698783,0.015206082432973169,0.2718595534344639,-0.1528562460765851,0.13087934560327194,0.13087934560327194,0.12403100775193796,0.13385826771653542,-0.8742500599952003,-1.973684210526316,0.37168141592920345,-1.5336525671721204,-0.19398510782322798,0.0944017563117454,-0.04841974155379114,0.01498929336188426,0.2599231754161333,0.4102209944751383,0.2185792349726774,0.025857519788918367,0.25,0.05450733752620551,-0.04081632653061229,0.022527472527472447
78,2013-06-30,0.018176390593386268,0.03059337703815768,0.018965579644576458,0.0280953006613236,0.008576789064594026,0.1546604562536389,-0.016274864376130238,-0.016274864376130238,-0.013793103448275891,-0.02083333333333337,5.616412213740459,2.1412776412776413,-0.6920821114369502,-1.178963110667996,0.04307138572285552,0.17815947843530575,-0.03272251308900531,0.0,0.014227642276422925,-0.06464250734573951,0.12940422805893648,0.024691358024691468,-0.00969696969696976,0.005964214711729586,0.0,0.002456436631611325
79,2013-09-30,0.027603131684963863,0.04651769694992658,0.013106951301815162,0.05816950307780778,0.1893436088227478,0.014439605775842248,0.06433823529411775,0.06433823529411775,0.06293706293706293,0.07092198581560294,-0.19007787712719929,-0.7219397731716856,0.4533333333333334,2.752089136490251,0.1549344375431332,0.16728743215919972,-0.017083897158322037,-0.0021097046413500733,0.19338677354709424,0.15078534031413615,0.13726602382302902,0.02459839357429705,0.1578947368421053,0.005928853754940677,-0.010638297872340273,-0.011026878015161893
80,2013-12-31,-0.020817262477148542,0.014214020759951262,-0.0923263913236566,0.036352657004830924,0.6618254943581723,0.07478535924084961,0.06476683937823835,0.06476683937823835,0.07236842105263143,0.0596026490066226,-0.5085470085470085,0.5077355836849509,0.6461336828309305,-1.7074981440237569,-0.09491086545164827,0.1639164919318079,-0.18688693856479088,0.04862579281183922,0.6565910999160369,-0.024567788898999014,0.1311720698254364,0.03576678098971087,0.6966173361522199,0.039292730844793684,0.010752688172043001,-0.02137049941927993
81,2014-03-31,-0.011741471784854851,-0.004564034791160854,-0.00932196842891353,0.019733519791788057,-0.023865546218487355,-0.139583771284423,-0.2173560421735604,-0.2173560421735604,-0.2024539877300613,-0.20000000000000007,-0.1942028985507246,-1.3787313432835822,1.920382165605096,1.251836306400839,-0.2361355633802817,0.03133077465340328,-0.17989417989417975,-0.03427419354838712,0.009123162696401454,-0.3777985074626866,-0.02601410934744264,0.03453169347209095,-0.011838006230529665,-0.04725897920604916,0.010638297872340495,-0.02381517525120657
82,2014-06-30,0.012689052689052628,0.011578183614554538,0.020937849289074828,0.015942249819054455,-0.03161157024793393,0.07720498411922794,0.7129533678756477,0.7129533678756477,0.7384615384615383,0.7421875,0.6267985611510791,1.1551724137931036,-0.4285714285714286,-1.2753960857409132,0.08513396715643906,-0.011468064099642959,-0.013419354838709818,0.12526096033402934,-0.02009040683073826,-0.019490254872563728,0.015844273426889988,0.03337905807041608,-0.0441361916771752,0.12301587301587302,0.0,-0.00429567190792679
83,2014-09-30,-0.00090578733407376,-0.004715613411265585,-0.0068361488421829755,-0.002530981083259887,0.032003413697460965,0.07888410070310736,-0.17604355716878406,-0.17604355716878406,-0.1681415929203539,-0.1659192825112107,-0.4809286898839138,-1.2822857142857145,-0.2700381679389313,-2.485617597292724,-0.11655382981547854,-0.045559311616471976,-0.059115877583049814,0.04638218923933191,0.043054843669912746,-0.02599388379204892,-0.16354723707664887,0.032300884955752014,0.032981530343007666,0.0229681978798586,0.02105263157894744,-0.00219780219780219
84,2014-12-31,0.07063991451976738,0.03936029930387308,0.15883921246923705,0.06602887000977375,-0.40286679071049547,0.0287588294651866,0.07635829662261373,0.07635829662261373,0.08510638297872353,0.08602150537634401,4.322683706070287,-6.801619433198381,-0.15098039215686276,-6.783599088838269,0.7630353117956423,0.014650245512356053,0.17014178482068387,0.02659574468085113,-0.4098280098280099,-0.028257456828885363,-0.03676078849227493,0.039005572224603435,-0.44189016602809694,0.03626943005181338,0.0,-0.025044868657203456
85,2015-03-31,-0.014345047279179068,-0.020122445968872138,-0.007333421821077769,-0.02575947246857202,-0.08759376803231389,-0.09477685139774394,-0.08867667121418832,-0.08867667121418832,-0.07352941176470595,-0.07425742574257421,-0.9823929571828732,-1.1493370551290998,1.2594303310238644,-1.6061441512406458,-0.2623369982101764,0.1305037683458945,0.2245188880969351,0.051813471502590636,-0.04829308909242303,0.9176090468497576,0.06637168141592943,0.03754125412541254,-0.07437070938215108,0.04833333333333334,0.0,0.005857250439293749
86,2015-06-30,0.003344413193556717,0.005796359585070965,0.022842498189314275,0.03402345446648325,-0.2076903617505692,0.10808614384396598,-0.16916167664670656,-0.16916167664670656,-0.14814814814814806,-0.14973262032085566,36.46590909090909,-0.07476635514018692,-0.11243611584327083,-1.1630929174788824,0.05800115540150207,0.03136842105263149,0.09604190919674037,-0.10673234811165856,-0.19335083114610666,0.08340353833192915,-0.044605809128630665,0.03618290258449308,-0.21013597033374545,-0.11764705882352933,0.010309278350515427,-0.027368771316862103
87,2015-09-30,0.009133351002018395,0.011525910846331255,0.004542731085571017,0.011761411369364259,0.07598978288633451,0.05321272868027549,0.5351351351351352,0.5351351351351352,0.5527950310559004,0.5534591194968554,-0.13284804367606914,1.7929292929292928,-0.20575815738963527,-0.5498007968127491,0.024680572239816456,-0.10076886439409403,0.3446627721720661,0.04779411764705888,0.09110629067245113,0.11430793157076202,-0.0222584147665581,0.03491941673062171,0.06572769953051627,0.04324324324324325,0.0,-0.00017105713308240844
88,2015-12-31,-0.04636457302167718,0.00973718479933705,-0.04555806185745892,-0.1279407694436756,-0.06008902077151335,-0.0880498278463383,-0.3978873239436621,-0.3978873239436621,-0.392,-0.388663967611336,0.09094088842252536,0.593128390596745,-0.8496858385693572,7.491150442477876,0.20451881061494184,0.05606840193704588,0.0003949447077409297,-0.06666666666666676,-0.07554671968190851,-0.03210048848569436,-0.02498611882287638,0.04041527623285135,-0.014684287812040897,-0.06908462867012087,0.010204081632652963,0.15782720273738238
89,2016-03-31,-0.03030463520040672,-0.03879297710818652,-0.006476463169376556,-0.017753709434261692,-0.3617995264404105,-0.03991855088448648,0.18810916179337234,0.18810916179337234,0.2171052631578947,0.21192052980132448,-0.6053222186598268,-0.5028376844494893,12.572347266881028,-2.780093798853569,-0.30224738984250576,-0.12660313821021696,0.1389656533754442,-0.007518796992481147,-0.3172043010752689,-0.0547945205479452,-0.06719817767653757,0.03884533143264424,-0.3412816691505216,-0.0278293135435993,0.02020202020202011,-0.021425932766900524
90,2016-06-30,-0.02116945394169112,-0.031713601780840706,0.017394586063745887,0.006906718904618582,-0.8553054662379421,0.09380523153057617,-1.191960623461854,-1.191960623461854,-1.2,-1.2021857923497268,1.627132412672624,1.0821917808219177,-0.6237858327410566,-1.210480093676815,0.09117423281765147,0.0674323215750614,-0.03015597920277302,-0.24810606060606066,-0.8519685039370078,0.562929061784897,0.07326007326007322,0.037392795883361966,-0.8529411764705883,-0.2671755725190841,0.01980198019801982,-0.038354095885239636
91,2016-09-30,-0.007354172013971816,-0.019997795518604256,-0.02430251118455073,-0.02747748651196369,2.5709401709401707,-0.03461926883457889,-10.73931623931624,-10.73931623931624,-10.837837837837839,-10.702702702702704,-0.009894867037724131,-0.32675438596491224,0.38790931989924426,-0.4700973574408901,0.044276583381754886,0.012142637565324188,0.0,0.18639798488664994,2.595744680851064,5.837969741337239,0.377133105802048,0.03604497354497349,2.6153846153846154,0.17708333333333326,0.009708737864077666,0.007694119494386475
92,2016-12-31,0.011770657672850016,0.004032970740877717,0.026728110599078425,0.03392522015302446,-0.6089037817137386,-0.0256088375596284,-0.2843352347520842,-0.2843352347520842,-0.2774725274725275,-0.2785515320334262,-0.11555277951280453,1.3061889250814334,-0.28584392014519056,-1.4855643044619422,-0.02058758068105948,0.10410022779043282,0.0,0.1549893842887473,-0.6124260355029585,-0.6929555349368354,-0.08426270136307312,0.045323970635174016,-0.6127659574468085,0.14601769911504436,0.00961538461538458,-0.028905336969224926
93,2017-03-31,-0.003600120004000118,-0.0019363717833824625,0.00446588868940756,-0.007041129772210497,-0.8837209302325582,-0.09920123679464056,-0.11036174126302878,-0.11036174126302878,-0.1026615969581749,-0.09652509652509657,-0.260593220338983,-0.8149717514124294,0.5648030495552732,2.3027027027027027,-0.069423929098966,0.17227150814937087,0.0,0.051470588235294164,-0.8778625954198473,2.0246397024639697,0.00631483987370296,0.043358778625954164,-0.8791208791208791,0.06563706563706573,-0.00952380952380949,0.005134788189987027
94,2017-06-30,0.004048041216419661,0.007439831962416044,0.0278826604705198,0.06283521825596106,-22.44210526315789,0.08404843630816172,0.21364576154376305,0.21364576154376305,0.2415254237288136,0.2350427350427351,1.3638968481375358,3.2900763358778624,0.34429557450263903,-1.895253682487725,0.06678876678876677,0.1142203449489616,0.0,0.3881118881118881,-22.5625,8.12280971411005,0.04437471985656671,0.04155692127597321,0.0,0.4202898550724637,-0.02884615384615385,-0.052123243933588685
95,2017-09-30,0.01078457505886532,0.02086549633142876,-0.02338774534309996,0.02835056417622717,-1.5331369661266567,0.06904437310347866,0.0522430437251562,0.0522430437251562,0.05460750853242313,0.05536332179930792,-0.31393939393939396,-0.7775800711743772,0.00724856538810026,-1.3071297989031079,-0.01922856815840679,0.20323276996788286,0.0,-0.06423173803526439,-1.5275362318840582,0.0,-0.14034334763948494,0.03989884799100851,9.818181818181818,-0.06505102040816313,0.0,-0.007242105263157827
96,2017-12-31,0.01457030777852264,0.015886626547348067,0.022912910907836537,0.03418552077781256,-0.6731123388581952,0.04356411205726274,0.6902320561252024,0.6902320561252024,0.7022653721682848,0.6983606557377049,-0.14487632508833925,0.7040000000000001,-0.32803598200899553,-2.452380952380953,0.028474734508110663,0.20960049008882864,0.0,0.2153432032301481,-0.6703296703296704,-0.8720536451400942,0.26959560659011483,0.04620372872196698,-0.6806722689075629,0.1978171896316508,0.01980198019801982,-0.017728390872847718
97,2018-03-31,0.2297770028050643,0.32814106597504633,0.2211681770215728,0.34233769926602564,2.4422535211267604,-0.07828760643330179,-0.20913154533844192,-0.20913154533844192,-0.20342205323193907,-0.1988416988416988,0.07988980716253448,-1.2793427230046948,0.26952253458277564,0.7131147540983607,0.05582661976625447,0.20645371341750174,0.0,0.05537098560354359,2.5000000000000004,2.6596655254148014,-0.02556036177742816,0.04416322314049581,1.8421052631578947,0.09681093394077434,-0.03883495145631066,-0.010535405872193482
98,2018-06-30,-0.0031175968084262698,-0.001640802837895583,0.02065015011002136,0.02903405179261776,-2.1792144026186584,0.037464716448550206,-0.11344368187323373,-0.11344368187323373,-0.09785202863961827,-0.10120481927710856,0.4923469387755102,-12.882352941176471,0.5226713532513181,-3.6555023923444976,-0.1192907039226222,0.029025487256371774,0.0,-0.011542497376704984,-2.195238095238095,-0.7059892413147906,-0.09322033898305092,0.04229532525352453,0.0,0.030114226375908663,-0.040404040404040435,-0.0298481410368302
99,2018-09-30,0.012933433455541321,0.014872513049617453,0.011338145571664128,0.02176905757478287,-0.10548230395558644,0.03660648033638392,0.07058287795992713,0.07058287795992713,0.08730158730158744,0.09115281501340487,-0.025854700854700874,-0.3620933521923621,-0.14843028624192056,-0.9702702702702702,-0.004026845637583931,0.02316568564601673,0.0,-0.0053078556263269645,-0.095617529880478,0.0,-0.029817534490431563,0.04057902230659717,0.0,0.043346774193548265,-0.04210526315789465,-0.006747031306225115
100,2018-12-31,0.023548086063893917,0.0016422233879980206,0.009329581938067431,0.027361899845121274,-1.2629945694336695,0.12705798138869007,0.4525733730327519,0.4525733730327519,0.4598540145985402,0.4570024570024569,-0.3535863127878921,1.6873614190687365,-0.7679587964217945,9.575757575757576,-0.042759127664788066,-0.022071597414063168,0.0,-0.028815368196371424,-1.26431718061674,0.0,-0.08027522935779817,0.04697833523375139,-0.7314814814814815,-0.0028985507246376274,-0.03296703296703296,-0.02499773571234498
101,2019-03-31,0.024284460501537986,0.019116475008539302,0.025891627974587102,0.024819218041426616,-0.6312684365781711,-0.19138350799195514,-0.37071742313323575,-0.37071742313323575,-0.3683333333333333,-0.3676222596964587,-0.05395317271801836,-0.6835808580858086,2.2978971962616823,1.2951289398280803,-0.10252143862792784,0.09994757994059067,0.0,-0.045054945054945006,-0.6333333333333333,2.852037694284665,0.053366583541147206,0.04465258113700732,-0.6551724137931034,-0.027131782945736368,-0.011363636363636357,-0.005573618207152853
102,2019-06-30,0.050345647996406166,0.06258588521824615,0.09357626878485048,0.1025414100340849,-43.576,-0.3126936335471484,-2.372266170311773,-2.372266170311773,-2.3746701846965697,-2.389333333333333,-1.2116212338593977,-0.8878748370273795,-2.0340063761955367,-3.7965043695380776,0.3194523673702225,-0.03449827905745295,0.0,-0.5224395857307249,-44.00000000000001,1.6331850675139,-0.012310606060606187,0.04295246038365308,0.0,-0.4631474103585658,-0.11494252873563215,-0.03624474544605316
