Unnamed: 0,Quarter end,Assets,Liabilities,Shareholders equity,Revenue,Earnings,Earnings available for common stockholders,EPS basic,EPS diluted,Cash from operating activities,Cash from investing activities,Cash from financing activities,Cash change during period,Cash at end of period,Price,ROE,ROA,Book value of equity per share,P/B ratio,P/E ratio,Cumulative dividends per share,Equity to assets ratio,Net margin,Asset turnover
0,1993-12-31,0.046833580660299516,0.04869098959426421,0.0193406152921134,-0.011178861788617931,0.04796163069544357,0.050724637681159424,0.039473684210526334,0.039735099337748325,-0.6259414225941422,-0.7478236049664622,-1.1788824383164005,-1.892249527410208,0.06915936723754745,-0.0253682487725041,-0.011349306431273631,0.040404040404040435,0.005428881650379802,0.06976744186046502,0.10188679245283017,inf,-0.026856240126382214,0.007434944237918238,0.0
1,1994-03-31,0.046833580660299516,0.04869098959426421,0.0193406152921134,-0.011178861788617931,0.04796163069544357,0.050724637681159424,0.039473684210526334,0.039735099337748325,-0.6259414225941422,-0.7478236049664622,-1.1788824383164005,-1.892249527410208,0.06915936723754745,-0.0253682487725041,-0.011349306431273631,0.040404040404040435,0.005428881650379802,0.06976744186046502,0.10188679245283017,inf,-0.026856240126382214,0.007434944237918238,0.0
2,1994-06-30,-0.004077033518910089,-0.006287968289014123,0.029591034211561063,-0.011178861788617931,0.04796163069544357,0.050724637681159424,0.039473684210526334,0.039735099337748325,-0.6259414225941422,-0.7478236049664622,-1.1788824383164005,-1.892249527410208,-0.057715822939593986,0.06968933669185562,-0.011349306431273631,0.040404040404040435,0.02267818574514057,0.06976744186046502,0.10188679245283017,0.9166666666666669,0.03409090909090917,0.007434944237918238,0.0
3,1994-09-30,0.03962335308215437,0.040786097125223415,0.02253413539577953,0.004624871531346386,-0.01372997711670476,-0.016091954022988464,-0.01898734177215189,-0.019108280254777062,0.7863534675615214,0.22071307300509346,-1.3022312373225151,-3.51271186440678,0.15390604723592016,0.011773940345368937,-0.011349306431273631,0.040404040404040435,0.02534318901795141,-0.014492753623188246,0.10188679245283017,0.5217391304347825,-0.015698587127158548,0.007434944237918238,0.0
4,1994-12-31,-0.007653061224489831,-0.010049749380473538,0.028200578952283232,-0.00818414322250638,-0.06032482598607891,-0.05841121495327106,-0.05161290322580647,-0.06493506493506496,-1.2016280525986225,-1.8942976356050067,-4.9932885906040285,-0.418212478920742,0.07759784075573539,-0.08688906128782004,-0.011349306431273631,0.040404040404040435,0.025746652935118464,-0.11029411764705888,0.10188679245283017,0.34285714285714297,0.0350877192982455,0.007434944237918238,0.0
5,1995-03-31,0.08401924482913148,0.08774031640740754,0.03042412133321215,0.048478597215059205,0.09382716049382722,0.09429280397022333,0.08843537414965996,0.09722222222222232,3.5574534161490687,-5.1684810782789015,-16.746218487394955,-3.3289855072463768,-0.16771029012732208,0.02293967714528456,-0.011349306431273631,0.040404040404040435,0.049196787148594316,0.0,0.10188679245283017,0.2553191489361701,-0.04930662557781207,0.007434944237918238,0.0
6,1995-06-30,0.001816658870625653,0.0010202425394765235,0.01392561255067859,0.016232169208066916,0.05417607223476306,0.054421768707483054,0.06874999999999988,0.07594936708860756,-1.3901192504258943,-0.744434771794553,-0.8994556516170349,-1.019912881144991,0.0040125391849530345,0.11461794019933567,-0.005739795918367263,0.040404040404040435,0.019138755980861344,0.057851239669421524,0.10188679245283017,0.22033898305084754,0.01296596434359798,0.0023062730627305683,0.0
7,1995-09-30,-0.011129932460312242,-0.014402029139931938,0.03798678720445059,0.048886737657308776,0.13490364025695922,0.13548387096774195,0.14035087719298245,0.1352941176470588,-2.981659388646288,-3.0773722627737228,-3.781316348195329,-20.375,-0.07743224678406391,0.14232488822652756,0.02886465683130202,0.040404040404040435,0.034741784037558565,0.125,0.11872146118721473,0.16666666666666674,0.04960000000000009,0.030372756557754288,0.0
8,1995-12-31,0.028330167235832263,0.02526484015581953,0.07202076877983421,0.042455006922011984,-0.03773584905660377,-0.03787878787878785,-0.02051282051282055,-0.031088082901554293,-0.614808285588365,-1.0831576481611618,-1.8740458015267176,-2.7112903225806453,0.14363070258562338,0.13111545988258322,0.017456359102244526,0.029126213592232997,-0.033575317604355615,0.0902777777777779,0.06428571428571428,0.1785714285714286,0.041158536585365724,0.017418490397498987,0.0
9,1996-03-31,0.03778470672404399,0.03622411846621998,0.059057886102648276,0.08100929614873831,0.00588235294117645,0.0019685039370078705,-0.10994764397905754,-0.1069518716577541,4.183066361556064,-12.887323943661974,-1.293886462882096,-1.9264844486333648,-0.11635890151515148,0.05017301038062283,-0.011029411764706063,0.018867924528301886,0.06291079812206579,0.08917197452229297,-0.0134228187919464,0.15151515151515138,0.020497803806734938,-0.012291483757682187,0.0
10,1996-06-30,-0.010634083601286148,-0.014019621940293605,0.03452091170612959,0.025389025389025432,0.1793372319688109,0.1807465618860511,0.17647058823529416,0.18562874251497008,-2.011699779249448,-0.22582938388625595,10.527488855869242,-1.093591047812818,0.012324179504353605,0.09445359692476664,0.016728624535315983,0.05555555555555558,0.06360424028268552,0.029239766081871288,0.08066083576287664,0.1228070175438598,0.04591104734576778,0.017777777777777892,0.0
11,1996-09-30,-0.024112361420221773,-0.021965077993975846,-0.05140819964349375,-0.009185303514376963,0.03305785123966931,0.03494176372712143,0.06000000000000005,0.05555555555555558,-0.7130700414575606,1.0697887970615243,-0.12761020881670534,13.228260869565215,0.17321688500727794,0.06924234821876563,0.01706276660572814,0.0350877192982455,-0.03903654485049824,0.005681818181818121,0.02877697841726623,0.1171875,-0.027434842249657088,0.010043668122270644,0.0
12,1996-12-31,-0.010001545257391942,-0.013087338773965285,0.030441972339146032,0.027005239822652127,0.0112000000000001,0.009646302250803762,-0.5377358490566038,-0.5454545454545454,-0.6684410646387833,-0.7596864832889678,-0.7053782505910166,-0.9488158899923606,0.007556959169862321,0.12388549976536845,0.03594967046135422,0.05932203389830515,-0.20138288677614524,0.1694915254237288,0.10052447552447563,0.1118881118881121,0.04090267983074747,0.022913964548205712,0.0
13,1997-03-31,0.28614487012497714,0.2685533312026034,0.5069662265664892,0.20211930926216648,0.12183544303797468,0.1226114649681529,-0.010204081632653073,-0.010526315789473715,-10.541284403669724,0.5003076923076923,-2.9042126379137416,29.970149253731346,0.232284786745774,0.17954070981210868,-0.04164256795835752,0.024000000000000014,0.554112554112554,0.4782608695652175,0.17474185861795075,0.10691823899371067,0.17208672086720855,0.01944209636517336,0.0
14,1997-06-30,0.005875509503762144,0.009587767236679978,-0.033351081852945434,0.02938295788442713,0.07475317348378008,0.07659574468085117,0.08247422680412386,0.08510638297872353,-0.6283653846153846,-1.2251845775225594,-0.7074005794047933,-1.4742168674698797,-0.08938953488372092,0.09734513274336276,-0.031382015691007736,0.0,-0.0236768802228412,-0.2941176470588235,0.06828938471940504,0.09090909090909084,-0.03930635838150287,0.0008291873963515162,0.0
15,1997-09-30,0.008632812174969473,0.00784057497549817,0.017376064096144228,0.013637805264827165,0.034120734908136496,0.03557312252964428,0.05714285714285716,0.058823529411764726,-2.77490297542044,7.264116575591986,-0.06210621062106213,-0.2367886178861789,-0.07492019154030327,0.0348387096774192,-0.039252336448598164,-0.007812500000000111,0.01854493580599148,0.060185185185185126,0.02658227848101257,0.08333333333333348,0.008423586040914529,-0.003314001657000798,0.0
16,1997-12-31,0.09126082239922127,0.09501620745542948,0.05020426244032095,0.09136420525657064,0.038071065989847774,0.03816793893129766,-0.12612612612612628,-0.11111111111111116,0.17638483965014573,2.638086841525237,13.002879078694818,-2.7483355525965383,0.1415938746899601,-0.05423940149625928,-0.033722438391699194,-0.015748031496062853,-0.2233893557422969,-0.07423580786026196,-0.06226880394574585,0.09134615384615374,-0.03699284009546544,-0.012053200332502123,0.0
17,1998-03-31,0.18876860622462788,0.18936375783739345,0.1819843464404556,0.2345183486238531,-0.3924205378973105,-0.3933823529411765,-0.4639175257731959,-0.46875,-0.09944237918215616,-0.6781776323761057,-0.8598451099993146,-1.2741812642802741,0.2678065369355753,0.08239947264337523,-0.11744966442953007,-0.136,0.18665464382326413,0.3962264150943395,0.07955292570677197,0.08370044052863435,-0.006195786864931829,-0.15061001262095075,0.0
18,1998-06-30,-0.02072476256188338,-0.0275439621408794,0.057494052339413175,0.018578727357176028,1.8329979879275653,1.8424242424242423,1.8269230769230769,1.8039215686274508,-1.1599587203302373,-1.1799698795180722,-1.6572127139364303,1.3694444444444445,-0.06355711198867442,0.19579780755176607,0.1391634980988592,0.14814814814814814,0.05243161094224913,0.0067567567567568,0.3398294762484773,0.0772357723577235,0.07980049875311734,0.12877662209014362,0.0
19,1998-09-30,0.9308505284348264,0.9457405399640972,0.773790776152981,0.5615595075239399,-0.734375,-0.7356076759061834,-0.8571428571428572,-0.8531468531468531,-10.049462365591395,-28.05857740585774,-15.215029761904766,1.9953106682297768,0.966502227880331,-0.13216195569136754,-0.3157543391188251,-0.3225806451612904,-0.012996389891696714,-0.17449664429530198,-0.22136363636363648,0.07169811320754715,-0.08083140877598137,-0.2874067573497148,0.0
20,1998-12-31,0.038686807707765336,0.044531446966015416,-0.028938634874331463,1.18221638195357,6.716577540106952,6.704301075268817,7.095238095238094,6.904761904761906,0.007842205323193907,-0.3420828823256533,-0.14551164616592516,-2.3941291585127202,0.14412300222536922,-0.1883802816901408,0.382439024390244,0.3452380952380953,-0.033650329188002814,-0.17886178861788615,0.03852889667250437,0.08098591549295775,-0.06532663316582933,0.03817733990147798,0.4000000000000001
21,1999-03-31,-0.005559522017099527,-0.007568112134690329,0.019439244198702577,-0.4765823631740934,-0.3367983367983368,-0.33286810886252616,-0.3529411764705882,-0.3493975903614457,-1.8990804055647248,-0.7199600446559727,-0.6191117917304747,-1.660303200449186,-0.0831771404321533,0.21113521330441065,0.11009174311926606,0.08849557522123908,0.015897047691143085,0.25742574257425743,-0.011242270938729535,0.07166123778501632,0.024193548387096968,0.143534994068802,-0.14285714285714302
22,1999-06-30,-0.0002328061278480397,0.0018628373639000273,-0.025624052443893985,0.039754569858110766,0.0005224660397074032,0.0010460251046024993,0.0,-0.0092592592592593,-2.451350642538684,1.1999580360889637,-0.4784496622708266,-0.26530612244897955,-0.06665380906460949,0.02716417910447744,-0.03242212333121418,-0.05691056910569114,-0.015648286140089396,0.007874015748031482,-0.1068789084707219,0.06990881458966558,-0.02493438320209973,-0.0295643153526971,0.0
23,1999-09-30,0.01066598057000312,0.011068286684808859,0.00565405097411853,0.017703466928940204,0.12323759791122725,0.12277951933124355,0.13636363636363624,0.14953271028037385,-0.1104083845319841,-0.908345255126371,-1.8516805427073697,-1.7042824074074074,0.05029549117659205,-0.0581226387678001,0.26084099868593946,0.2413793103448276,0.017411052233156532,-0.04296875,0.02609802673456408,0.06534090909090917,-0.005383580080753903,0.20577231427044373,0.0
24,1999-12-31,0.01920883200247481,0.023277420432421758,-0.03175052844908366,-0.02500604010630592,-0.11576011157601115,-0.1154025127966496,-0.11199999999999988,-0.105691056910569,0.10115783059110296,14.72216441207076,-5.060101375814627,0.2941659819227609,0.06197371527504525,-0.11169392162912672,-0.10161542470036478,-0.11805555555555558,-0.007440476190476164,-0.12653061224489792,-0.2915632754342432,0.06666666666666665,-0.050067658998646736,0.08067375886524819,-0.16666666666666666
25,2000-03-31,0.03721145668332882,0.038548513794287816,0.01951296362981636,0.06182629166150424,0.17770767613038907,0.17780115728563906,0.2072072072072071,0.209090909090909,-2.0182623132263418,-0.2613012111986234,0.5138220082040306,-0.8285714285714285,0.010004075734558526,-0.15317818687044116,0.04988399071925742,0.023622047244094446,0.02473763118440786,-0.14485981308411222,-0.04728546409807344,0.0625,-0.01709401709401703,0.01804757998359308,0.0
26,2000-06-30,0.03570269145711191,0.03743037978828245,0.012406454888628904,-0.051225204200700085,-0.07901785714285714,-0.0794997766860206,-0.0671641791044777,-0.07518796992481214,-1.1521739130434785,0.8867484992384196,0.20570216776625827,-0.1333333333333333,0.008584320774789989,0.06603773584905648,0.016574585635359185,-0.007692307692307666,0.02121433796634964,0.0382513661202184,0.010110294117646969,0.058823529411764726,-0.0217391304347826,0.01772763900080565,0.0
27,2000-09-30,-0.011497517430960502,-0.01390456020969677,0.021761409476461543,0.013159512975033929,-0.11342704798836645,-0.11305191654536627,-0.11199999999999988,-0.105691056910569,7.9,-1.2070946908538325,-1.7286495993746336,-14.23931623931624,-0.11268322845815305,-0.025779145825317373,-0.0434782608695653,-0.05426356589147285,0.03151862464183375,-0.047368421052631504,-0.05732484076433132,0.05555555555555558,0.034074074074073916,-0.037212984956452866,0.0
28,2000-12-31,-0.0439673973724366,-0.04849519737031616,0.016410934932457044,-0.02986161689730516,-0.2427556041552761,-0.2434354485776805,-0.2342342342342343,-0.2272727272727274,-0.6697431781701444,6.050676450355423,1.0179696929059945,-2.00645577792124,0.1278130764500922,-0.10071090047393373,-0.08068181818181808,-0.07377049180327877,0.029166666666666563,-0.1270718232044199,-0.07625482625482616,0.05894736842105264,0.06303724928366773,-0.06208881578947367,0.0
29,2001-03-31,-0.05050833786210018,-0.05667019306616794,0.02641303434954234,0.05342842842842832,0.3501805054151625,0.35140997830802595,0.3647058823529412,0.3529411764705881,-2.5799918995544755,0.03141667750748023,0.061536416799574674,-2.340602950609365,-0.15192817940609893,0.1080368906455864,-0.06736711990111244,-0.02654867256637173,0.029014844804318374,0.07594936708860756,0.16927899686520376,0.055666003976142964,0.08086253369272223,-0.04515563349408158,0.0
30,2001-06-30,0.025862846553123875,0.027375376424797933,0.008509593748721622,0.041810191234113336,0.08181818181818179,0.0818619582664526,0.0862068965517242,0.07826086956521737,1.6590617790310178,-1.2443085072838491,-1.6320896456742209,-1.4956937799043062,0.08880126858955117,0.09789932619896936,-0.02319416832339305,0.0181818181818183,0.007868852459016251,0.07058823529411762,0.14298480786416445,0.05273069679849352,-0.017456359102244412,-0.024334251606978885,0.0
31,2001-09-30,0.023308420926421825,0.02382931608075345,0.017220396738468983,-0.015733667768783488,-0.5842807711319822,-0.5850642927794263,-0.5873015873015872,-0.5887096774193548,-2.1798900992962498,-0.8993288590604027,-1.6739625631375656,-2.0255791505791505,-0.0836449517811454,0.045126353790613694,-0.15332428765264594,-0.1339285714285714,0.037085230969420964,0.03296703296703285,0.04300234558248639,0.05008944543828275,-0.006345177664974665,-0.14917647058823535,0.0
32,2001-12-31,-0.02865311159887829,-0.028324242229055163,-0.032521784211680727,0.02108189505386316,1.447086801426873,1.4517282479141835,1.5384615384615383,1.5098039215686274,-1.8816896805294552,-19.41794871794872,-1.0013960323291695,-2.6738823529411766,0.15279209621993114,0.011053540587219413,0.10496794871794868,0.12371134020618554,-0.012547051442910906,-0.021276595744680767,0.17016491754122942,0.05110732538330498,-0.0038314176245209937,0.08351769911504436,0.2
33,2002-03-31,-0.002964147168379005,-0.002602731123221513,-0.007234130255564739,-0.025184344866704508,0.05879494655004858,0.058823529411764726,0.06818181818181812,0.078125,-2.0425354462051706,-1.3448419880272866,-560.2631578947369,-2.2350295192578016,-0.16369191787457615,0.08541168431841473,0.049311094996374205,0.03669724770642202,-0.005717916137229939,0.09782608695652173,-0.026265214606021825,0.04862236628849258,-0.003846153846153833,0.040326697294538194,0.0
34,2002-06-30,0.029886066127780886,0.03311225846171073,-0.008407897195291558,-0.002094728267194257,0.019274896741624525,0.01928374655647392,0.028368794326241176,0.014492753623188468,-0.4611555555555555,1.104763827210335,-1.2993600602296254,-0.7416344183928978,-0.050570308322937074,0.13251495121183487,0.035936420179682134,0.02654867256637173,0.015335463258785875,0.13861386138613851,0.0736842105263158,0.04636785162287471,-0.037323037323037316,0.033856722276741864,-0.16666666666666666
35,2002-09-30,0.03376939077262353,0.035695905086306816,0.009944728247215371,-0.006180758017492738,0.006303466906798727,0.005855855855855907,0.027586206896551783,0.03571428571428581,-3.911745298581326,-0.6005562482017839,6.852562087393903,-3.784140969162996,0.1482941480125768,-0.11200667037242906,0.2028018679119412,0.1810344827586208,0.014474512271869022,-0.12608695652173918,-0.1433823529411764,0.04431314623338278,-0.02272727272727281,0.19506407214048416,0.0
36,2002-12-31,0.0006818099174554781,-0.002664404374853935,0.04311863844607067,0.033090823750293374,0.16957494407158835,0.17017465293327372,0.16778523489932895,0.1586206896551725,-0.33896096538439746,-3.2725090036014404,-0.8929100444373274,-0.8405063291139241,0.02059749070252148,-0.014397496087636963,0.05435385468663334,0.04379562043795615,0.0390818858560793,-0.02985074626865658,-0.18240343347639487,0.04526166902404527,0.04240766073871427,0.06433677521842718,0.0
37,2003-03-31,0.029232744549994024,0.03208121428068034,-0.005306146783521149,0.010222626079054995,-0.07268553940321343,-0.07271335629544584,-0.06896551724137923,-0.053571428571428485,-0.07979088104216657,-2.0810353935552035,6.8609345794392524,-0.8095238095238095,0.003844151683818575,0.096538583677358,0.016833245660178964,0.006993006993006867,-0.002388059701492473,0.056410256410256425,0.022747156605424257,0.043301759133964834,-0.034120734908136496,0.017537313432835818,0.0
38,2003-06-30,0.13153663398380333,0.14046081310057112,0.019259969631583163,0.0816280638632787,0.12953795379537958,0.12959141560049536,0.12962962962962954,0.13207547169811318,-0.9850051224736892,5.70709538702111,2.2772969374167777,0.5729166666666667,0.006023375483665161,0.07095279467130022,0.03724780134505945,0.0069444444444444215,0.021543985637342944,0.07281553398058249,0.033361847733105236,0.04150453955901412,-0.09918478260869568,0.02383571690502384,0.0
39,2003-09-30,-0.04172110783055705,-0.043889757617699636,-0.011192567037792034,0.0127858627858628,0.06720233747260784,0.0672268907563025,0.07103825136612008,0.06666666666666665,-227.2049689440994,-1.2374138458624158,-1.810549227309004,-21.384105960264893,-0.12204599524187155,0.07111952406706347,0.056857855361595926,0.0344827586206895,-0.005272407732864637,0.049773755656108636,0.005794701986755024,0.04981320049813198,0.03167420814479649,0.0336676217765044,0.0
40,2003-12-31,-0.0008723517409047199,0.0026534895134735503,-0.048865100604618905,-0.011700708200759524,-0.06707734428473644,-0.06710030811365975,-0.05102040816326525,-0.05208333333333326,-1.033169499437107,-1.6664825385134718,-1.3036932275908986,-2.605588044184535,0.22319573660915906,-0.01943953547084065,0.0226521944313356,-0.013333333333333308,-0.024734982332155545,-0.012931034482758563,-0.08559670781893014,0.04744958481613293,-0.04678362573099426,-0.011781011781011874,0.0
41,2004-03-31,0.10804201264181312,0.1144154023806585,0.01659024593580649,-0.011527676809637509,-0.01650770359501097,-0.016513761467889854,0.0,0.005494505494505475,12.290562913907285,5.779629800165763,4.004185333647724,-1.9688385269121813,-0.1767833407177669,0.036817713697219416,0.03045685279187804,-0.020270270270270285,-0.2777777777777777,0.06113537117903944,0.017101710171017137,0.04530011325028327,-0.08282208588957052,0.007363253856942365,0.0
42,2004-06-30,0.2710621902619079,0.2269770970079609,0.9645112350336232,0.3680395040974995,0.4356583364416262,0.4343283582089552,0.016129032258064502,0.016393442622950838,-1.3691684833385238,-1.1285248573757132,-1.0692770729523742,-2.9826649958228906,0.4257714388231073,0.014154457412465904,-0.10300044782803396,0.006896551724137946,0.9698996655518392,0.4032921810699588,-0.019469026548672663,0.04333694474539551,0.5451505016722407,0.010790114862513134,0.0
43,2004-09-30,0.04993627085177232,0.05269279919607461,0.02285511526700823,-0.03540434682436066,-0.02208365809301116,-0.022112382934443287,-0.5079365079365079,-0.510752688172043,-3.0703559979753665,-4.328683153667302,-8.002720625743919,-1.267249552301696,-0.07980748057504172,0.06243878550440729,-0.1058412381427858,-0.0273972602739726,0.030135823429541686,-0.4604105571847508,0.054151624548736337,0.04672897196261672,-0.025974025974025983,0.0013774104683195176,0.0
44,2004-12-31,0.01970714309327115,0.02000736640816969,0.01667159808592911,0.09832802547770704,0.02258235919234864,0.0226123969140728,0.08602150537634401,0.0439560439560438,-2.503055985657241,-0.0005715011430023067,-0.6920574023262025,-0.8754434371304691,-0.010802680158621623,0.049320119843281766,-0.07816862088218879,-0.014084507042253502,0.012772970745776656,0.021739130434782483,0.06335616438356162,0.044642857142856984,-0.0033333333333333,-0.0065337001375516115,0.0
45,2005-03-31,0.09165775892267768,0.10180725990589744,-0.011300115409704437,0.016455237404856767,0.21979734996102884,0.2200832466181062,0.14851485148514842,0.2,-1.649262632834526,1.5984497109092066,6.376912158965462,-0.2468354430379747,-0.00822504838263749,-0.0035141664836372266,-0.0024227740763173022,0.03571428571428581,-0.0032546786004881145,-0.015957446808510526,-0.013687600644122331,0.0417853751187085,-0.09364548494983282,0.0460366908965042,0.0
46,2005-06-30,0.028122342211395646,0.028795388427971025,0.020513809518976082,-0.0004992155184709857,-0.08498402555910545,-0.084861407249467,-0.0775862068965516,-0.07017543859649111,-1.3906471816283923,-0.7520600533046433,-0.7763858306432648,-23.004201680672267,0.18248658443097088,0.003967379325545473,0.015179113539769197,-0.013793103448275891,0.0212244897959184,0.00540540540540535,-0.053877551020408136,0.04102096627164986,-0.0073800738007380184,0.008934480476505469,0.0
47,2005-09-30,0.004757167042436672,0.004547953813526018,0.0071414362442809845,0.04224045665358545,-0.039338919925512084,-0.03960857409133267,-0.03738317757009346,-0.03773584905660377,-1.6492090637024366,-0.2663708086785009,-0.2018642447418738,-1.2222646553370249,-0.034300869308973025,-0.03863885839736547,0.013755980861244188,-0.013986013986014071,0.007593924860112011,-0.05913978494623664,-0.06902502157031931,0.04378283712784592,0.00247831474597282,-0.015086913742210497,0.0
48,2005-12-31,0.031578131999849816,0.034117259672233224,0.002715834798238115,-0.07941397959882246,-0.18899927307971892,-0.18898592916060164,-0.2524271844660194,-0.2450980392156863,-0.3780046098123148,1.2511762333646996,1.3744385218901598,-4.632302405498281,0.12901650849836746,0.011189769353733723,-0.034218289085545694,-0.06382978723404252,-0.13367711225704093,0.005714285714285783,-0.01575532900834109,0.04194630872483218,-0.028430160692212606,-0.02364302364302362,-0.20000000000000007
49,2006-03-31,0.06446571187712058,0.046530619103228636,0.2747185644076311,0.3145683051981856,0.4896922617269197,0.4899790607239008,0.4025974025974026,0.38961038961038974,-5.498676548438327,-0.6377153435046129,-1.0199515714069516,-2.04635761589404,-0.1195707992107895,0.018292682926829285,-0.05497861942577886,-0.015151515151515138,0.2985347985347986,0.1704545454545454,0.06403013182674222,0.04025764895330109,0.19720101781170474,-0.04433833560709422,0.25
50,2006-06-30,0.050988306134915895,0.0575585194604602,-0.012246380170908507,0.031170447474119005,0.0980746089049338,0.09837382051796828,0.12037037037037025,0.11214953271028016,-0.8197222875970817,3.506757870446678,-70.61946902654867,-1.4452983725135624,0.06047582501918657,0.06387225548902188,0.007110536522301203,0.030769230769230882,-0.003878702397743239,-0.17961165048543692,0.08318584070796464,0.03869969040247678,-0.05951115834218922,-0.0003568879371876888,0.0
51,2006-09-30,0.002780251495821063,-0.0013193132890829686,0.04502467909356156,0.023315777924072908,-0.010776255707762528,-0.01005300676293186,-0.008264462809917328,-0.008403361344537784,-5.6919060052219335,-1.1114930968272836,-1.0408941509742324,-2.6781725888324868,-0.09570125922709503,0.058369814467375436,0.0019255455712452465,0.02985074626865658,0.05309734513274345,0.06508875739644981,0.02450980392156854,0.04172876304023854,0.041807909604519855,0.008568368439842766,0.0
52,2006-12-31,0.007263262561490347,0.006727657200364279,0.012537706685030292,-0.010078807698493564,-0.02954209748892167,-0.031942392909896644,-0.033333333333333326,0.016949152542372836,-2.6231218697829717,-2.2435624077415124,-1.491563055062167,-2.5698729582577133,0.16613848074522242,0.04943864486901717,0.02818705957719425,0.07246376811594213,0.016806722689075567,-0.005555555555555536,0.009569377990430672,0.04005722460658069,0.005422993492407714,0.02336283185840715,0.0
53,2007-03-31,0.029060029306648968,0.03234211549569066,-0.0030752853509965483,-0.0201462225832656,-0.00019025875190259442,-0.006484836925424342,0.01724137931034475,-0.033333333333333326,-2.6826090683123343,2.2442627275125298,34.55284552845529,-1.9402697495183048,-0.1339592083230393,-0.028716216216216225,0.0006230529595014911,-0.0135135135135136,0.004628099173553668,-0.04469273743016766,-0.11927330173775676,0.03920220082530945,-0.031283710895361416,0.005188516084399852,0.0
54,2007-06-30,0.021437173344730283,0.02289693344771937,0.006636708785667578,0.08124689106284189,0.09628924833491914,0.09829141869840652,0.09322033898305104,0.10344827586206916,-1.8613926952269368,-0.028376290755345982,-0.7234799400360798,-1.8094262295081969,0.12520206662651745,-0.027826086956521667,-0.0031133250311332628,0.0,0.0065811122079630895,-0.0292397660818714,-0.045739910313901344,0.037061548643282594,-0.014476614699331924,-0.006538196834136367,0.0
55,2007-09-30,0.02893977224365352,0.029776034457117406,0.020323975513992558,-0.18575883044522826,-0.35809755250824504,-0.3611256773291383,-0.3565891472868218,-0.359375,-0.9095801301005322,-0.03744769874476983,0.9178535330331709,-1.1374683544303799,-0.01529620552691624,-0.01729278473464524,-0.08994378513429102,-0.10273972602739724,0.02026806145799287,-0.02409638554216853,-0.03571428571428581,0.04020421186981493,-0.009039548022598765,-0.04676134395566334,0.0
56,2007-12-31,0.08676603138026406,0.08935235684286025,0.05987293336221211,-0.2005775629355264,-0.9275283937263386,-0.9411764705882352,-0.9518072289156626,-0.9268292682926828,6.997383911052975,0.6073462290806346,0.5475277884246839,-14.950276243093922,0.21670099553724675,-0.05117313915857613,-0.2690459849004805,-0.2748091603053435,0.05895546299263055,-0.07407407407407418,0.02534113060428856,0.039877300613496924,-0.023945267958951025,-0.18895348837209305,-0.20000000000000007
57,2008-03-31,0.012097361730698973,0.007170432577856546,0.064753445093084,0.3352442280508874,3.5149253731343286,3.744186046511628,4.75,2.833333333333333,-1.3133791298658817,-1.0487600400248804,-0.9993188854489164,-1.2665346534653463,-0.047471256260139705,-0.14367938605840955,-0.3098591549295775,-0.2947368421052631,0.06202723146747369,-0.18666666666666665,0.15019011406844118,0.03775811209439528,0.051401869158878455,-0.2710573476702509,0.0
58,2008-06-30,-0.011302607195384784,-0.016459381860317042,0.04082938282504522,0.1947891548550256,1.8181818181818183,2.16078431372549,2.1739130434782608,2.130434782608696,-4.92223382045929,-11.94065446478092,150.86363636363637,-0.3140168400198118,-0.034187401263823025,-0.1941747572815536,-0.2693877551020408,-0.2388059701492537,0.01652421652421654,-0.24590163934426226,0.11900826446280988,0.036384309266628716,0.05333333333333323,-0.2440073755377997,0.0
59,2008-09-30,0.06657560975609766,0.07460763976466113,-0.01015421873367306,-0.03416194929854788,-0.6548387096774193,-0.781637717121588,-0.7945205479452055,-0.7916666666666666,0.3358616101131071,-2.5447125621007807,-16.040407063753367,-1.1545126353790611,0.0054693689779437005,-0.13500154464009884,-0.3873370577281192,-0.3137254901960784,-0.100616591928251,-0.15217391304347827,0.12998522895125575,0.03510696653867251,-0.07278481012658222,-0.3975609756097561,0.0
60,2008-12-31,-0.007227045774384488,-0.01751172657588773,0.09943554045914338,-0.1925487997553641,-2.519966015293118,-4.397727272727273,-3.8,-3.8,-2.35680844705648,-1.5079583866627284,-1.7202388059701492,-31.29906542056075,-0.16481533260466186,-0.11821428571428573,-0.5258358662613982,-0.3428571428571429,-0.13804923652228118,-0.012820512820512886,0.3908496732026143,0.01695813460519346,0.1080773606370875,-0.5263157894736843,0.0
61,2009-03-31,0.27724741644815043,0.26907515490059963,0.3529866931748864,1.257022028656189,-3.373951928451649,-2.1764214046822743,-2.0476190476190474,-2.0476190476190474,-3.011489611629102,-12.410453546969896,-3.506797082228117,-22.68460826650216,4.279240344523236,-0.646415552855407,0.5064102564102564,0.6086956521739131,0.35249457700650755,-0.5844155844155845,-0.3966165413533835,0.0005211047420530246,0.059548254620123135,0.3532763532763534,0.25
62,2009-06-30,-0.02909994689837869,-0.03994018480475059,0.06513489933166072,-0.08344985737457357,-0.2408759124087592,-0.14036958066808813,-0.25,-0.25,-0.8026534299322956,-0.9634054503966344,-0.4442827855300575,-1.2353719337425233,-0.19078750144125445,0.21534936998854515,-0.22127659574468084,-0.10810810810810813,-0.3929430633520449,-0.12499999999999988,-0.07165109034267914,0.0005208333333335258,-0.15503875968992253,-0.28210526315789475,0.0
63,2009-09-30,-0.001486430499726299,-0.0029421150616083525,0.009919577349971842,-0.20562030878135107,-1.310483870967742,-1.9264158743282347,-1.7878787878787878,-1.7878787878787878,1.9652302570741635,2.8296456753829493,-0.108889682256337,-1.3639934731371246,0.08581850305629568,0.40527803958529707,-0.8360655737704918,-0.3333333333333333,0.012329370321444207,1.3571428571428572,1.5016778523489935,0.0005205622071835503,0.012614678899082632,-0.8416422287390029,0.0
64,2009-12-31,-0.012324953366061877,-0.0007550066219850216,-0.1018266629929021,-0.036835029767620535,-0.8061938061938062,1.3186077643908969,1.3076923076923077,1.3076923076923077,-0.00037422815443144414,-3.01608015837744,-0.6996082621082621,-3.5795284741823012,-0.20387502296407112,0.11267605633802825,-4.533333333333333,0.2727272727272727,-0.1578947368421052,0.09090909090909084,5.181421864520456,0.0005202913631634498,-0.010192525481313663,0.0,0.0
65,2010-03-31,0.05190529928723042,0.058750260435624035,-0.007003854064050019,0.2748843515712234,-17.402061855670098,-1.5454195535026942,-1.4666666666666668,-1.4666666666666668,-0.25513196480938416,-1.116372745490982,-0.5380853586247777,-1.754835387635568,0.1933014117472536,-0.021097046413502185,0.02830188679245272,-0.1785714285714286,0.09090909090909104,0.16666666666666674,0.0,0.0005200208008320216,0.0366132723112127,0.0,0.0
66,2010-06-30,0.010765810065420878,0.010350058348590265,0.014580786083203234,-0.08808533266602027,-0.018541797611565047,-0.01799576570218775,0.0,-0.0357142857142857,-0.3518596079745351,-5.4566902014809715,-3.67869746551171,-0.7339586442123215,0.04309570838570664,0.042487684729064064,-0.1834862385321101,-0.04347826086956519,0.015625,-0.04761904761904756,0.0,0.0005197505197505059,0.0044150110375276155,0.0,0.0
67,2010-09-30,-0.010245029565823629,-0.010108865426638358,-0.011489274104316992,-0.0841422838129866,-3.3371757925072045,-3.747754222062522,-3.75,-3.851851851851852,1.4576413570274638,0.4251159196290573,-2.2728905922510334,-4.19198717948718,-0.13187759047631664,-0.1730655640874188,2.8988764044943824,-1.2272727272727273,-0.018181818181818188,-0.1875,0.0,0.0005194805194805864,-0.002197802197802079,0.0,0.0
68,2010-12-31,-0.031949514031953334,-0.034375688957478445,-0.009748584567994987,-0.16112359550561794,-0.8295656939306755,-0.7953445795736891,-0.8311688311688312,-0.8311688311688312,-0.8629838031131678,-1.7214359308063554,1.5684983063605569,0.13912039361381656,-0.17304524238079255,-0.125,-0.5129682997118157,1.0,-0.006647673314339797,-0.10769230769230777,0.0,0.0005192107995846129,0.029735682819383106,0.0,0.0
69,2011-03-31,0.004248735821174243,0.0034345431075668564,0.01151379201570224,0.19997321189391906,-2.6471061093247594,-2.111182108626198,-2.3076923076923075,-2.3076923076923075,-1.1105354058721937,-1.5249549007817198,-1.0651512931350282,-0.5202521045440522,-0.10039012423104944,0.16653061224489796,0.3017751479289941,0.5,0.010994263862332598,0.1724137931034484,0.0,0.0005189413596264902,0.007486631016042855,0.0,0.0
70,2011-06-30,-0.0058091071042306605,-0.0022082972868232575,-0.03768256553301341,-0.5075343230271236,-5.307467057101025,-6.248418631397357,-6.294117647058822,-6.294117647058822,-90.89409722222223,-0.8971935853379153,-9.011245431543436,-3.0197519522278364,0.2253900883721885,-0.15255423372988094,2.577272727272728,3.466666666666667,-0.040661938534278914,-0.16176470588235306,0.0,0.0005186721991701226,-0.035031847133758065,0.0,-0.20000000000000007
71,2011-09-30,-0.018436585019627968,-0.024405841081277743,0.036349560708627486,1.1496675732849804,-1.706095626557897,-1.6452284430809687,-1.6444444444444444,-1.6222222222222222,-1.2193553371057764,3.3133704735376046,-0.3471715328467153,-2.66759153968615,-0.3067256770436805,-0.2923203963666391,-0.8157560355781448,-0.8805970149253731,0.02464268112370616,-0.26315789473684204,0.0,0.0005184033177814129,0.045104510451045236,0.0,0.0
72,2011-12-31,-0.040809541058231424,-0.045456967410886666,-0.0006558032069211572,-0.1252943450602748,-0.6805198973042361,-0.7310239429444727,-0.7241379310344827,-0.7142857142857143,-3.1698362387744323,-12.951404585082338,2.2873192495834007,-2.0156838143036397,0.4493694563446571,-0.2800466744457409,-1.0275862068965518,-1.875,-0.05098605098605091,-0.2857142857142857,0.0,0.00051813471502582,0.04631578947368431,-0.8333333333333334,0.0
73,2012-03-31,0.024613371434905496,0.026333042821145455,0.010421510554061042,-0.10486981677917072,-0.6720241084881968,-0.7929292929292929,-0.8125,-0.8125,-1.6331101643335362,-1.1540789171518502,-1.5745985544690453,-0.7666299648199372,0.07235516477660653,0.2755267423014587,-16.75,-1.0,0.005068423720222981,0.3333333333333335,0.0,0.0005178663904712444,-0.014084507042253502,0.0,0.0
74,2012-06-30,-0.009440972491220334,-0.012350752969547685,0.014950601938072959,-0.013915073166352432,2.7718223583460952,5.396341463414633,5.333333333333334,5.333333333333334,-2.176440428122797,-1.6809573908469226,-1.8643672272973049,-1.5840046029919448,-0.039404621405056184,0.04828462515883092,-8.365079365079364,inf,0.016641452344932084,0.049999999999999815,0.0,0.0005175983436851438,0.025510204081632626,111.66666666666669,0.0
75,2012-09-30,0.002456436205315216,0.001390736768388967,0.011149486174382828,-0.07010196649672251,-0.8619569630531871,-1.0157292659675885,-1.0,-1.0,-0.4934626280235346,-3.312347109566113,-0.6923254206038258,2.4092610837438424,-0.13985143513017614,0.004848484848484658,-0.603448275862069,-0.5192307692307692,0.011904761904761862,-0.02380952380952384,-0.9521510334725763,0.0005173305742369738,0.00995024875621886,-0.5621301775147929,0.0
76,2012-12-31,0.020225634093848917,0.023585306989783998,-0.0069151655867831785,-0.08654787546504794,1.152941176470588,-12.12121212121212,inf,inf,-3.786513228651323,-0.13262806236080182,-6.028892455858747,-1.2506646630447351,0.040755532584692,0.2388419782870929,-0.3097826086956522,-0.24,-0.0117647058823529,0.2195121951219512,2.064625850340136,0.0005170630816959676,-0.027586206896551783,-0.25450450450450457,0.0
77,2013-03-31,-0.01590742696520409,-0.017988685354112355,0.0014222049663228375,0.2431404072883172,1.0259562841530054,2.024523160762943,1.5,4.0,-2.02157551430005,-1.1072024650147645,-1.7777848707309287,-3.253170394281762,-0.08823316960416061,0.15871470301850055,0.2755905511811023,0.21052631578947367,0.005456349206349076,0.17999999999999994,0.8342582315945244,0.000516795865632913,0.01823708206686936,0.2688821752265862,0.0
78,2013-06-30,-0.023679671733601748,-0.02334833184174045,-0.026385101962552608,-0.020261240677673875,1.7053270397842213,2.217117117117117,2.3,2.2,0.7427837388544658,-3.3724550898203587,0.19230137885751808,-0.7797789602947196,-0.02131115072291545,0.06134453781512605,0.4197530864197532,0.3043478260869565,-0.004440059200789381,0.05084745762711873,-0.17829770068576034,0.00051652892561993,0.015920398009950043,0.4047619047619047,0.0
79,2013-09-30,0.0015697115837463027,0.0011007838130348002,0.005410505903943985,-0.05266863202358429,-0.3776171485543369,-0.3788854662559508,-0.3636363636363637,-0.375,-0.8216484564689559,-3.4235234729934376,-1.0950414171313188,-11.411245353159847,0.2267070061116283,0.09976247030878847,0.4478260869565218,0.3333333333333333,0.017343904856293342,0.11290322580645153,-0.2250859106529209,0.0005162622612286949,0.008814887365328206,0.4305084745762713,0.0
80,2013-12-31,-0.011464023514884623,-0.01308244266830516,0.0017349600916127805,-0.0019507663725034648,0.3772527032438926,0.4350766456266908,0.4285714285714286,0.3500000000000001,0.4578825817430412,0.8483649239741721,-5.696040560115888,-0.5496987279625083,0.08321991536957762,0.06479481641468676,0.3873873873873872,0.3500000000000001,0.010716025328787016,0.04347826086956519,-0.2679759265125119,0.0005159958720331037,0.012621359223300876,0.3436018957345972,0.0
81,2014-03-31,0.02263169436129364,0.02587468468988896,-0.003425231536197005,0.05016753536857777,-1.0802558883396336,-1.16148287778825,-1.1666666666666667,-1.1851851851851851,0.8945305986326497,-2.65736984448952,-2.3889774304663,1.0143720884131229,0.15475700948812832,0.1501014198782964,-0.16233766233766234,-0.14814814814814825,0.0014457831325300765,0.13888888888888884,-0.17308524448290785,0.0005157297576068308,-0.024928092042186045,-0.15520282186948853,0.0
82,2014-06-30,0.009631365150422068,0.007916211105219341,0.023817532601945857,-0.03629353895240628,-9.30072463768116,-4.959143968871596,-4.8,-4.8,-0.789728468952163,-0.5106578276389597,-0.6047303549616908,-0.9382965113418296,0.008269313198588701,-0.0634920634920636,-0.18604651162790692,-0.19565217391304346,0.01828681424446588,-0.0609756097560975,0.12663526949241244,0.0005154639175257714,0.007866273352999055,-0.17223382045929025,0.0
83,2014-09-30,-0.02162762830001697,-0.02494069252917264,0.005349373028208371,-0.02473904446590336,-1.1012658227848102,-1.230958230958231,-1.2105263157894737,-1.2105263157894737,-1.0941816659690249,-1.8244407391968875,-4.200955145612886,-20.33014354066985,-0.1585360270505366,0.0094161958568737,-0.3904761904761905,-0.3513513513513514,-0.008034026465028488,-0.012987012987012991,0.2243381328379006,0.0025759917568264346,0.01463414634146365,-0.3858764186633039,0.0
84,2014-12-31,-0.008984216992455774,-0.012663056280014295,0.020068627163452483,-0.1171200905276062,-14.14655172413793,-6.8255319148936175,-7.5,-7.5,-0.30666666666666664,1.337406252633353,-0.5402978088523536,-1.409653465346535,0.07718076465696133,0.05410447761194037,-0.10937499999999988,-0.04166666666666663,0.015245354930919497,0.06578947368421062,0.7378603945371776,0.002569373072970338,0.024038461538461453,-0.07597535934291587,0.0
85,2015-03-31,0.01853664516705367,0.017352448573745294,0.027588501299949497,0.13228304405874505,0.10065573770491798,0.08655953250547843,0.0769230769230771,0.03846153846153855,14.038461538461535,-1.3091426923354244,-3.450808196512664,1.4122860020140986,0.17284200044736586,-0.025368731563421787,0.9005847953216375,0.7391304347826089,0.01830126701079316,-0.03703703703703709,0.0017463435931019955,0.0025627883136851715,-0.00187793427230043,0.9511111111111112,0.0
86,2015-06-30,0.0025607113449916947,0.002122156571634504,0.005879578556925225,0.04315630600886712,0.5847482871611558,0.6773109243697479,0.7142857142857142,0.6666666666666665,0.6945865302642795,0.1491545189504373,-0.5370274200249273,-0.9594639726141772,0.00597380385497992,0.001210653753026536,0.3969230769230769,0.3500000000000001,0.00967741935483879,-0.02564102564102566,-0.4700370451078666,0.002556237218813928,0.003762935089369757,0.3997722095671981,0.0
87,2015-09-30,0.0018482722935049265,-0.0001444100401870596,0.01687203716139707,-0.0648822172989103,-0.15263157894736845,-0.18496993987975952,-0.1874999999999999,-0.1777777777777778,-5.3896365237077095,0.4079561599350519,-1.7817162086371283,6.118434603501544,0.04227160977041722,0.0193470374848852,0.4229074889867841,0.4074074074074073,0.024189867640346918,0.013157894736842035,-0.2623355263157894,0.0025497195308517018,0.016869728209934376,0.4524003254678601,0.0
88,2015-12-31,-0.004036217270179443,-0.004738809372827224,0.0011723100369278596,-0.10521226187022537,-0.40039929015084297,-0.4165232358003442,-0.41025641025641024,-0.4054054054054054,-0.8432468053406681,0.632622170967277,-1.4434639116085517,-2.6019965277777777,-0.06497248072477202,-0.011862396204033177,-0.035603715170278716,-0.02631578947368418,0.009803921568627416,-0.038961038961038974,-0.3121516164994427,0.002543234994913491,0.0055299539170508005,-0.02184873949579824,0.0
89,2016-03-31,0.01920519177210811,0.01833101973347961,0.02564743076833009,0.05436074786555722,-0.008509064002959699,-0.06321112515802785,-0.08695652173913049,-0.045454545454545525,0.9819045878267229,-0.056377201889541324,3.7535997411422097,-2.829404858665222,0.12712029268353908,-0.17226890756302524,-0.086677367576244,-0.054054054054054064,0.12886142983230364,-0.17567567567567566,-0.146677471636953,0.0025367833587011113,0.1017415215398716,-0.03264604810996573,0.0
90,2016-06-30,0.0005083509570815714,-0.0016549454367298375,0.016337108411727197,0.0454079540795409,0.5791044776119403,0.7413405308142149,0.8095238095238095,0.7142857142857142,0.41040302499308295,-0.5735005146439599,-1.52470900551358,-1.4148195685442069,-0.046784700183731376,-0.01087744742567065,-0.1159929701230229,-0.07142857142857151,0.023064894448788342,-0.13114754098360648,0.0360873694207029,0.0025303643724694518,0.01580698835274541,-0.061574896388395424,0.0
91,2016-09-30,0.003981050110010598,0.002964772810152505,0.011285473042547123,0.06064320031375625,0.17084120982986772,0.15009041591320085,0.13157894736842102,0.13888888888888884,-0.9656051788399922,2.566257130320316,-1.2503729649088668,2.3051291205521838,-0.1622188345102712,0.06011730205278588,-0.0059642147117294755,0.030769230769230882,0.02139854795567442,0.03773584905660377,0.14298808432630628,0.0035335689045936647,0.0073710073710073765,0.0182965299684541,0.0
92,2016-12-31,-0.0034673855311814217,-0.0022693380690420595,-0.0120074199412773,0.02408134966489484,0.2187689202825429,0.27538185085354905,0.3023255813953489,0.2682926829268293,-16.885931558935358,-0.9956013534297141,2.9266839378238343,-1.1549706549526522,0.030006832410725437,0.3409405255878284,0.21600000000000003,0.22388059701492533,-0.004115226337448541,0.3272727272727272,0.2959101844426624,0.004024144869215318,-0.008130081300813162,0.2007434944237918,0.0
93,2017-03-31,0.027425581729138667,0.030551908466095005,0.004920551641433013,0.004152374074742671,-0.1958933598277861,-0.2331806974286721,-0.2321428571428572,-0.2115384615384616,0.5373384394447105,97.03496503496504,2.057267269248532,3.7135223048327135,0.13731741325860636,0.2258896338318721,0.1266447368421053,0.10975609756097547,0.012021036814425344,0.2191780821917808,-0.01918316831683176,0.004008016032064132,-0.02213114754098356,0.0959752321981424,0.0
94,2017-06-30,0.0030377705931528,0.0020176323079814647,0.010568593303077023,0.026114706939949658,0.08504942339373978,0.1272393201653652,0.13953488372093026,0.12195121951219524,-1.7649073641600497,-0.2756972679934375,-1.2081184315587303,-1.4594567949918666,-0.055473887814313394,-0.021034917963819955,0.05255474452554743,0.0439560439560438,0.021158129175946616,-0.033707865168539415,-0.13627760252365928,0.003493013972055925,0.007544006705783701,0.027306967984934042,0.0
95,2017-09-30,0.01302578055105963,0.014063226289133368,0.00543199489274393,-0.04336589425730431,0.060353008160941364,0.04360228198858995,0.020408163265306145,0.04347826086956519,1.083350295135355,0.5625369312586173,-1.8977602654500207,-2.4673318313485675,0.08617930234902715,0.03867640739149136,0.03190013869625519,0.02105263157894744,-0.05052708106143222,0.023255813953488413,-0.018991964937910888,0.0059671805072103465,-0.0074875207986688785,0.03208065994500453,0.0
96,2017-12-31,-0.0011655521967725011,0.0013179632272848352,-0.01950018167871126,-0.06424286826319893,-0.5489529264363702,-0.563842249121437,-0.56,-0.5625,-1.344291925162425,-0.24568259170553386,-0.5562485562485562,-2.0928566206039343,-0.08670909206931154,0.14439387670666104,-0.17204301075268813,-0.17525773195876293,-0.0015313935681471325,0.20454545454545456,0.10126582278481,0.005931784478497404,-0.018440905280804776,-0.15541740674955595,0.0
97,2018-03-31,0.020709843882740664,0.023914545938409804,-0.003451296294909923,0.13158152280289692,1.7452380952380953,1.9051029543419875,1.863636363636364,1.9523809523809528,-6.725595913734393,0.9091744652406416,6.44456012493493,-4.131531410985482,0.2973118894266804,0.12183658712942892,0.13149350649350633,0.11250000000000004,0.006901840490797673,0.12264150943396213,0.3448275862068966,0.005896805896805857,-0.023911187019641345,0.11777076761303885,0.0
98,2018-06-30,-0.015807750814051058,-0.016874739968985364,-0.00754252058416971,-0.02231351351351352,-0.019369760046256124,-0.0036979969183359436,0.015873015873015817,0.016129032258064502,-1.1615205431927442,-1.0866558711540986,-1.9469617509265085,-1.7059200546926745,-0.16177946641467678,-0.04318401546890105,0.0889526542324246,0.0674157303370786,0.007235338918507139,-0.050420168067226934,-0.1568627450980392,0.005862237420615646,0.00874890638670167,0.08560677328316091,0.0
99,2018-09-30,0.020580188246998917,0.024277246240851813,-0.0077890816604596624,0.007430669202529883,0.05645636792452824,0.03634395298484372,0.046875,0.04761904761904767,-4.0079779073335375,-14.273737373737376,-1.7769983385637806,-1.41338296713274,0.07978434453472283,0.002694509936005396,0.08827404479578416,0.06315789473684208,0.009829867674858273,0.0,-0.08467501490757301,0.007285089849441427,-0.02775368603642669,0.06629116117850953,0.0
100,2018-12-31,0.006701632822865067,0.006022608255986217,0.012080501071872751,-0.0018000614655134806,0.015487651737128516,0.05044023280107447,0.0149253731343284,-0.015151515151515138,-1.710088748342344,-0.07476599954341379,0.45193632691850794,-1.5457207701881543,-0.0403228423979487,-0.10211622438696676,0.24818401937045986,0.198019801980198,-0.05803070011231747,-0.11504424778761058,-0.17850162866449515,0.007232401157184266,-0.07939339875111506,0.18894758228362465,0.0
101,2019-03-31,0.009622821253026714,0.010038378657292624,0.0063507019692830005,0.01178747361013377,0.0045342126957954604,0.0386418525358716,0.044117647058823366,0.07692307692307687,-2.0846861083177703,-0.8039643048073364,-1.507527163241262,-0.22444325194526427,-0.03258663840725129,0.0130939019827907,0.030067895247332777,0.00826446280991755,0.11605723370429245,0.08000000000000007,-0.16098334655035684,0.007180469123982736,0.08817829457364335,0.032125768967874,0.0
102,2019-06-30,0.007878295313238803,0.006790973549797741,0.016471293209992192,0.003477656059815759,0.0050608671864313965,0.0050608671864313965,0.05633802816901424,0.05714285714285716,-1.4453347460433084,-0.48584015103838896,-1.5108976012380708,-0.9603874762151876,-0.001334319992075672,0.0631462333825703,0.025423728813559254,0.008196721311475308,0.03846153846153855,-0.04629629629629628,0.031190926275992407,0.0071292775665399155,0.008904719501335645,0.026490066225165698,0.0
