Unnamed: 0,Quarter end,Assets,Liabilities,Shareholders equity,Revenue,Earnings,Earnings available for common stockholders,EPS basic,EPS diluted,Cash from operating activities,Cash from investing activities,Cash from financing activities,Cash change during period,Cash at end of period,Price,ROE,ROA,Book value of equity per share,P/B ratio,P/E ratio,Cumulative dividends per share,Equity to assets ratio,Net margin,Asset turnover
0,1993-12-31,0.3697608196400579,0.3896026964484467,0.15699723143641342,-0.03466436094953629,0.03213421891196688,0.033820914821399706,0.035087719298245716,0.03703703703703698,-0.4366963855973963,7.249835374687213,-1.964437734583045,10.806877494626956,0.4165750915750917,-0.04612365063788016,-0.5428407130534789,0.1142857142857141,0.1358234295415961,-0.07878787878787874,0.5143171806167401,inf,-0.1536643026004728,-0.5108780108780109,0.0
1,1994-03-31,0.3697608196400579,0.3896026964484467,0.15699723143641342,-0.03466436094953629,0.03213421891196688,0.033820914821399706,0.035087719298245716,0.03703703703703698,-0.4366963855973963,7.249835374687213,-1.964437734583045,10.806877494626956,0.4165750915750917,-0.04612365063788016,-0.5428407130534789,0.1142857142857141,0.1358234295415961,-0.07878787878787874,0.5143171806167401,inf,-0.1536643026004728,-0.5108780108780109,0.0
2,1994-06-30,0.019428820669483704,0.01937351137024024,0.02014113395013584,-0.03466436094953629,0.03213421891196688,0.033820914821399706,0.035087719298245716,0.03703703703703698,-0.4366963855973963,7.249835374687213,-1.964437734583045,10.806877494626956,-0.21616866271111645,0.048353909465020495,-0.5428407130534789,0.1142857142857141,0.014947683109117982,-0.07878787878787874,0.5143171806167401,0.8888888888888891,0.0,-0.5108780108780109,0.0
3,1994-09-30,0.03228707043230972,0.03278719842145783,0.025850906010941758,0.028692696034524845,0.04199523880374945,0.044127418409224184,0.033898305084745894,0.03571428571428559,0.2736242498219916,-0.4704714164844112,0.21142877849041564,-2.6450136523208947,0.4536695389006622,0.027477919528950068,-0.5428407130534789,0.1142857142857141,0.01178203240058906,0.013157894736842035,0.5143171806167401,0.588235294117647,-0.005586592178770888,-0.5108780108780109,0.0
4,1994-12-31,0.029856662146315882,0.029231334673158305,0.03795843530815679,0.03566940742279878,0.0245243279905758,0.02564198547578056,0.0,0.01724137931034475,-0.6373532465458029,0.9941574063466604,-0.07532947672575208,-2.033520921924153,-0.3225471453767313,-0.08691499522445079,-0.5428407130534789,0.1142857142857141,-0.5516739446870451,-0.09740259740259748,0.5143171806167401,0.37037037037037024,0.008426966292134797,-0.5108780108780109,0.0
5,1995-03-31,1.27181577727172,1.2646837759096856,1.3634414179623748,1.092804188321614,-1.4373867595818814,-1.505565896565568,-1.213114754098361,0.0,1.2713898738080034,-0.8957497437510016,-1.2667451655269235,-1.209759940042368,1.5459335265587906,0.07845188284518834,-0.5428407130534789,0.1142857142857141,1.366883116883117,1.4100719424460433,0.5143171806167401,0.2702702702702702,0.04317548746518085,-0.5108780108780109,0.0
6,1995-06-30,0.03870409997578461,0.03773662642478093,0.050613981323619495,0.14728519387559458,-5.564486576913885,-5.043387236500143,-5.153846153846153,-0.10169491525423724,-0.6168203457537063,19.202326053539835,-17.207033713315543,-0.5923873414029459,0.01598958817514173,0.0669253152279341,0.1283018867924528,0.1142857142857141,0.04389574759945125,-0.5492537313432836,0.5143171806167401,0.2340425531914893,0.012016021361815898,0.13105639396346302,0.0
7,1995-09-30,0.0006689009503901832,-0.0012138527865529491,0.02356206504979453,-0.02182857051909504,0.09043945687458543,0.09312789016050993,0.09259259259259256,0.07547169811320731,-2.4843876518218617,-1.0031856735136873,-1.0855681396434689,-11.162969588550984,-0.1599442555797208,0.15363636363636354,0.10256410256410264,0.1142857142857141,0.019710906701708275,0.10596026490066213,0.17600000000000016,0.2068965517241379,0.0237467018469657,0.1186797752808988,0.0
8,1995-12-31,-0.008857774878237246,-0.013113481063380285,0.04163651489253928,0.02378414878211488,0.13489116517285527,0.13796651694569206,0.0847457627118644,0.0,-3.416906738489337,89.82920234339792,3.1508097520025187,-1.9329003186002711,0.17762160187545128,0.03703703703703698,0.10515672396359954,0.11538461538461542,0.06572164948453607,0.017964071856287456,0.04329004329004316,0.14285714285714302,0.05025773195876293,0.12241054613935964,0.0
9,1996-03-31,-0.015556731787827903,-0.011043226515349058,-0.06629499606645628,0.03825049764982147,-0.01830540982681783,-0.009645194626248688,0.046875,0.14035087719298267,-0.7378529160759753,0.5143190275365914,0.5860829629005415,-1.3212702126455216,-0.0484574414345702,0.05699088145896657,0.4629460201280877,0.4597701149425288,-0.08585247883917779,-0.0117647058823529,0.02430349733254289,0.13749999999999996,-0.04907975460122704,0.41666666666666696,0.0
10,1996-06-30,0.018935690200408084,0.0197646612535729,0.009065429110839407,0.04336229000038272,0.061873294066944425,0.07126086956521749,0.04477611940298498,0.07692307692307687,0.012968144640550959,-2.600489497429648,-1.9994102536175096,1.191401891114113,-0.11159745598595494,0.08986340762041699,0.06816760475297068,0.06299212598425208,0.013227513227513256,0.1964285714285714,-0.2656250000000001,0.13186813186813184,-0.010322580645161228,0.04816423213580734,0.0
11,1996-09-30,0.02628995905213128,0.024283037476488408,0.05043902333870776,0.036157437802824884,-0.2428534707847992,-0.2428534707847992,-0.2857142857142857,-0.2857142857142857,4.754767596281541,-0.10366703719853344,-0.2326699644614325,-1.9044836920108272,0.11852424164381616,0.03100263852242757,-0.02751756440281039,-0.02962962962962956,-0.009138381201044377,0.0149253731343284,-0.03782505910165479,0.13592233009708732,0.023468057366362368,-0.05310734463276834,0.0
12,1996-12-31,0.0071104019485264125,0.003993981198627594,0.04367620590461408,0.0953383905783738,0.5039666940642533,0.5039666940642533,0.30000000000000004,0.26,-0.8340817937203173,-0.7903674114473778,-0.8230623739945545,-1.0705206080180154,-0.0071633453424710955,0.12220089571337155,0.04455147501505108,0.04580152671755733,0.040843214756258295,0.13235294117647056,0.1539721539721539,0.11111111111111116,0.03694267515923566,0.0,0.0
13,1997-03-31,0.03791827590741503,0.040034291465053766,0.01403448708599342,-0.019778174203055943,-0.013104275819462718,-0.013104275819462718,0.1384615384615384,0.17460317460317465,2.5866088069209163,4.9620643446239665,5.657093073338815,15.444117647058823,-0.1186447871414843,0.08323831242873436,0.01959654178674364,0.021897810218978183,0.016455696202531508,0.04329004329004338,0.08729595457771477,0.10769230769230753,-0.023341523341523285,0.01193317422434359,0.0
14,1997-06-30,0.04171779725328939,0.045223210208230384,0.0011371951202123751,0.043951442738829886,0.035729763567198036,0.035729763567198036,0.05405405405405417,0.04054054054054057,-0.5082638538798621,0.3934306702726409,1.3000520540774223,-2.0597388660346985,0.14265813641523062,0.09052631578947357,0.014132278123233588,0.014285714285714237,-0.1917808219178081,0.0705394190871369,0.052219321148825104,0.0902777777777779,-0.038993710691824,0.003144654088050203,0.2
15,1997-09-30,0.18456889825442646,0.1843428015048312,0.18730158006780107,0.3649156936992133,-0.2879259844716165,-0.2879259844716165,-0.4230769230769231,-0.4155844155844156,1.7902432099933754,-1.0781623545488046,-1.5709708230137491,-3.532139843279084,0.0866422841317862,0.2118725868725868,-0.0423634336677815,-0.04929577464788737,0.19876733436055471,0.5,0.17990074441687345,0.10191082802547767,0.002617801047120505,-0.09482758620689646,0.0
16,1997-12-31,0.07222846474498068,0.07211422688379865,0.07360574141191978,0.20847727046606712,1.1150104465917994,1.1150104465917994,0.6444444444444444,0.5555555555555554,-1.6043175227661992,-9.207761484513943,-2.8900593438584705,-2.180241000566556,0.3433618292020788,0.1640780565511748,0.07043073341094286,0.051851851851851816,0.055269922879177535,-0.028423772609819205,0.18664563617245,0.08670520231213863,0.0013054830287206887,-0.010389610389610391,0.0
17,1998-03-31,0.08081919006361038,0.08001870678144574,0.09045658433427772,-0.20122804632648728,-0.12237022859524282,-0.12237022859524282,0.08108108108108114,0.11428571428571432,1.558461480899465,0.08418046643594934,-0.1311305843797319,-1.2846683528372442,-0.00841654852429441,0.07560725282244274,-0.0027188689505165398,-0.007042253521126862,0.05237515225334954,0.018617021276595924,0.04740806380150642,0.08510638297872353,0.009126466753585305,0.011811023622047223,0.0
18,1998-06-30,0.00024781430321363374,0.0009253268803213199,-0.007830999907378787,0.02721042778761862,0.07325137621132982,0.07325137621132982,-0.4625,-0.4615384615384616,-1.3988629716291312,-1.0630793016327915,-1.2474053326533312,-0.4490923776729159,-0.04042478413495931,0.051208651399490934,0.013086150490730477,0.014184397163120588,-0.02083333333333326,0.0,0.035532994923857864,0.03431372549019596,-0.009043927648578752,0.02464332036316464,0.0
19,1998-09-30,0.07393793179424303,0.06918097626423103,0.13116155804072638,0.05226288954485536,0.042278447823806964,0.042278447823806964,0.046511627906976834,0.04761904761904767,3.8108472276964536,-24.78494141559063,-1.7650278344265011,2.3979216503331022,0.030870090536228027,-0.031164901664145095,0.07804090419806252,0.09090909090909084,0.11229314420803772,-0.013054830287206332,0.11315359477124187,0.08530805687203791,0.05345501955671428,0.1426160337552742,0.0
20,1998-12-31,0.016278263401577453,0.01706515102329309,0.007331095589073078,0.06161324516234901,0.0915272624363248,0.0915272624363248,0.04444444444444429,-0.02272727272727271,-1.3552469376906502,-0.7362170734741733,2.5434837426782613,-1.722750017032422,0.10036128633492523,0.060899437851342775,-0.03245132301547682,-0.019230769230769273,0.010626992561105109,-0.044973544973545,-0.10311926605504584,0.0786026200873362,-0.00866336633663356,0.04394387001477118,-0.16666666666666666
21,1999-03-31,0.09772099855733374,0.1002395458301244,0.06880757557961648,0.05605502939050733,-0.0030824408898747486,-0.0030824408898747486,-0.04255319148936165,0.023255813953488413,-3.664657202160353,6.1207593911531415,1.0431834447534931,-0.9261804013574092,0.06652184421269025,0.1095083897556668,0.0,0.0,0.008412197686645584,0.09695290858725758,0.04909983633387882,0.06882591093117396,-0.02621722846441954,-0.0007074637424833162,0.0
22,1999-06-30,0.03687004666923688,0.04332825064841317,-0.03945180315680906,0.08092198567531916,0.103805003503753,0.103805003503753,0.11111111111111116,0.11363636363636355,-0.2319494875490109,-0.16273082653646287,0.3500417453226829,68.06895573212259,0.4360293577587211,-0.01751127620058357,0.020123839009287936,0.0,-0.06569343065693423,-0.025252525252525304,-0.0499219968798752,0.06818181818181812,-0.07307692307692304,-0.004601769911504293,0.0
23,1999-09-30,0.06290010346852304,0.0605965561135895,0.09246906557430876,0.05135121287092481,-0.07648960678569561,-0.07648960678569561,-0.09999999999999998,-0.1020408163265306,0.7544111596508285,-0.2867724850813296,-0.9587052329211204,-1.343228608170124,-0.050368256122632286,-0.09370780448285164,-0.006575619625695528,-0.02614379084967311,0.0837053571428572,-0.028497409326424864,-0.2348111658456485,0.07092198581560294,0.027662517289073436,-0.03520625889046946,0.2
24,1999-12-31,0.043971614994776864,0.044770471049389686,0.03401644841568041,0.2471046099969713,0.2793806030969845,0.2793806030969845,0.022222222222222143,-0.02272727272727271,-0.8213570856685348,-0.4914247622035246,2.5844385341734646,-0.200798405582854,-0.056920287951237485,-0.04261025029797372,0.033604887983706755,0.013422818791946293,-0.006179196704428458,-0.11733333333333328,-0.04238197424892698,0.06622516556291402,-0.009421265141319024,-0.035753778105418355,0.0
25,2000-03-31,0.07240347024249405,0.07114203853215527,0.08828664033266254,-0.0978180163683664,-0.10131448481390593,-0.10131448481390593,0.021739130434782483,0.06976744186046524,-1.1982440737489026,1.5912314209618472,4.040809517406915,0.4057948222536752,-0.07007285035728716,-0.2035480859010272,-0.00492610837438423,-0.013245033112582849,0.03523316062176174,-0.19939577039274925,-0.2033613445378152,0.06211180124223593,0.014945652173913082,-0.020259938837920544,0.0
26,2000-06-30,0.04647191776152315,0.045518137997531134,0.05829213103622988,0.04556656152297967,0.06476327841367867,0.06476327841367867,0.021276595744680767,0.04347826086956519,-16.673836939558818,-0.13131949456795733,-0.12151444801185475,-2.273508416790965,0.21858691679498632,0.08675263774912079,-0.03415841584158419,-0.026845637583892586,-0.07807807807807797,0.049056603773584895,0.07454289732770736,0.0584795321637428,0.010709504685408213,-0.0195083886071008,0.0
27,2000-09-30,0.16138708001320934,0.16010554809824162,0.17707743030903078,-0.1383501609772264,-0.7148149863381652,-0.7148149863381652,-0.75,-0.75,-1.0737303255285768,0.012509358530820693,-0.2676590418635092,-2.7181412431032825,-0.00343747368731584,-0.020136641495864804,-0.21219887237314194,-0.20000000000000007,0.1878393051031486,0.06474820143884896,-0.014397905759162222,0.06353591160220984,0.013245033112582849,-0.14245921209709522,-0.16666666666666666
28,2000-12-31,0.0470970774369428,0.04242208600276487,0.10350972780051104,0.5282443141328892,3.91630805456317,3.91630805456317,3.333333333333334,3.166666666666667,1.7014854556735646,0.06824238311889785,1.012419537123483,-1.319797732894455,0.08100962457615735,0.20403669724770654,0.0006506180871828082,0.02586206896551735,0.06764168190127973,0.0135135135135136,0.4621513944223108,0.05974025974025965,0.05490196078431375,0.04037122969837603,0.0
29,2001-03-31,0.04684976943465746,0.04617637585801426,0.05452571864373135,-0.058221609984764014,-0.0984157524659678,-0.0984157524659678,0.01923076923076916,0.06000000000000005,2.217271474506201,-0.9514820676107671,-0.9205228026053144,-2.42817555479426,-0.06751713943573501,0.056080463273392216,-0.0058517555266578425,0.008403361344537784,0.06078767123287676,-0.009999999999999898,0.00862851952770205,0.056372549019607636,0.006195786864931829,0.019625334522747503,0.0
30,2001-06-30,0.042071027211972416,0.03887192818275498,0.07824852616893474,0.05192208346904415,0.05698819844202953,0.05698819844202953,0.03773584905660377,0.018867924528301886,-4.222448516813921,13.518360343895116,-0.2950969191332482,-1.3321677203381699,0.07567530528001831,0.02828282828282846,-0.011772400261608862,0.01666666666666661,0.0355125100887812,-0.030303030303030387,-0.015758667266996932,0.05336426914153146,0.03571428571428581,0.014873140857392997,0.0
31,2001-09-30,0.08612625351692405,0.08512519324494773,0.0970334772075081,0.0865340666145702,-0.03829639739173762,-0.03829639739173762,-0.10909090909090913,-0.11111111111111116,-1.8667389471462024,-0.6413051436821844,11.918021846313096,-0.9340758096093976,0.1292694177421676,0.010945832163906877,0.13831899404367953,0.16393442622950816,0.02727981293842552,-0.02430555555555547,-0.025160109789570062,0.05726872246696035,0.009512485136742077,0.10344827586206896,0.2
32,2001-12-31,0.007977622111385195,0.005914246579745486,0.03021544339300908,0.18508010471860006,0.3628483641638809,0.3628483641638809,0.14285714285714302,0.10416666666666674,-1.3454975726148253,-1.2132896433175762,-1.0448945508910694,59.07181110029212,0.12429165967833013,-0.04136590782898397,0.0017441860465117198,0.021126760563380254,-0.01896813353566007,-0.06761565836298933,-0.20976067573908969,0.054166666666666696,0.022379269729092988,-0.002734374999999956,0.0
33,2002-03-31,0.057567068804695636,0.049050972643028164,0.14718345344036265,-0.09980604279742313,0.023599531910110768,0.023599531910110768,0.1964285714285714,0.2452830188679245,3.3164314590703965,-5.652210413203714,25.84028087644724,-2.7346327626380305,-0.1917655291175714,0.06545033304372994,0.00406268136970378,0.04827586206896538,0.14771848414539826,0.08778625954198471,0.0504750593824228,0.05138339920948631,0.08410138248847931,0.04347826086956519,0.0
34,2002-06-30,0.018461990251598115,0.019306229851217882,0.010337870839119743,0.07061796961228661,0.05912254355794544,0.05912254355794544,0.02985074626865658,0.03030303030303028,-0.07849356237454674,3.2620100259490914,-1.4101493937278085,-1.471604713313897,0.1118951624078104,0.03044305517803747,0.021387283236994348,0.04605263157894735,0.00876010781671166,-0.10526315789473696,-0.030525720746184426,0.04887218045112785,-0.007438894792773709,0.03641141141141136,0.0
35,2002-09-30,0.024280184093888886,0.02090784224887532,0.057020300332923934,0.02757907185675257,0.0006250914768015647,0.0006250914768015647,0.0,0.0,-1.8778987905409468,-2.4322757980628698,-1.9811329609987327,1.125338696334897,0.2138826812439838,-0.06911105249274596,0.02999434069043572,0.06289308176100605,0.05076820307281227,-0.07450980392156857,-0.12419825072886292,0.051971326164874654,0.032119914346895095,0.049619703006157145,0.0
36,2002-12-31,0.02596325972080904,0.03081140758421985,-0.019496558443290686,0.06679658003502498,0.02772453429303656,0.02772453429303656,0.014492753623188468,0.02941176470588225,-0.6422768584278679,-1.8938723168772016,-4.7748168119849534,-1.1465446315990648,-0.02582074792944511,-0.01558515160102003,-0.015934065934065874,-0.005917159763313529,-0.00254291163382081,-0.06355932203389825,-0.09320905459387484,0.049403747870528036,-0.044605809128630665,0.012767425810904063,0.0
37,2003-03-31,-0.007092353304075315,-0.010189498669086028,0.023438821837936885,-0.05197587876352405,-0.028189352270537094,-0.028189352270537094,0.0,-0.014285714285714348,-5.4758736252442946,-1.3599885177667057,-2.056706618834659,-0.9132896494687958,-0.002298269131868036,-0.0002878526194589614,-0.003350083752093891,0.0,0.02230720203951564,0.0,-0.06240822320117467,0.04707792207792205,0.03040173724212813,-0.011925042589437829,0.0
38,2003-06-30,0.010005487904324985,0.009080301678481728,0.018826151509083733,0.02411135705862022,-0.03512149578334578,-0.03512149578334578,-0.04285714285714271,-0.02898550724637672,-1.5918132259862203,-0.3476437116341795,-1.346414299520911,-43.22248716067497,0.09726217356327282,-0.030521163259429777,-0.02801120448179273,-0.023809523809523614,-0.1234413965087281,-0.04977375565610853,-0.041503523884103284,0.04496124031007742,0.009483667017913476,-0.02379310344827568,0.0
39,2003-09-30,0.12319409409726224,0.1017153757128233,0.3260119136633268,0.13228242462963147,-0.6335311807283778,-0.6335311807283778,-0.6865671641791045,-0.6865671641791045,-2.4288893214302623,4.772849916632869,-5.745928041478825,-0.4782729575103064,0.0462462913439341,0.06771606771606775,-0.2305475504322766,-0.1890243902439025,0.329302987197724,0.21904761904761894,0.07189542483660127,0.047477744807121525,0.1805845511482256,-0.1960438007771106,0.0
40,2003-12-31,0.0012338203571415909,0.004886218355636629,-0.027421008979883414,0.024574517219908776,1.6320162911701512,1.6320162911701512,1.666666666666667,1.6190476190476195,1.0210110485643495,-1.8184823521663085,-0.8629845351271078,-0.12654454621149047,0.038608572117339916,0.0522948539638386,-0.09887640449438206,-0.06015037593984951,-0.01926163723916552,-0.2109375,0.2705792682926831,0.04532577903682733,-0.02917771883289133,-0.0588752196836555,0.0
41,2004-03-31,0.04216903754316514,0.04126059043299146,0.049532996917581285,-0.048826615661113126,0.07695384343025369,0.07695384343025369,0.0714285714285714,0.09090909090909084,-0.8753235752215613,1.0453156862265898,-7.566922445897974,-5.230252998036263,-0.15725272478381214,-0.031456515992598355,-0.0739817123857025,-0.040000000000000036,0.02564102564102577,-0.00990099009900991,0.0365926814637072,0.043360433604336064,0.007285974499089409,-0.02801120448179273,0.0
42,2004-06-30,0.03252792862243625,0.03540526512087738,0.009387802311498827,0.09988863821895856,0.21797869101978687,0.21797869101978687,0.2,0.2,3.160946369474215,-0.6886959258703372,-0.9967403172202708,-1.1797855607284986,0.03354715005645015,-0.03193231441048039,0.004488330341113178,0.024999999999999908,0.009574468085106423,-0.05500000000000005,0.01099537037037024,0.041558441558441565,-0.022603978300180905,0.028338136407300762,0.0
43,2004-09-30,0.0054660644509556535,0.003016968709833812,0.02566986862254584,-0.013329248498964885,0.03193903615541882,0.03193903615541882,0.04166666666666674,0.0277777777777779,0.007486553086666792,-0.19916343139173154,-47.0644359032331,-2.44494998871926,-0.04690057351808618,0.08316887510572313,0.2403932082216265,0.2357723577235773,0.02950474183350882,0.06878306878306882,0.05724098454493421,0.043640897755610863,0.020351526364477342,0.24100887435777674,0.0
44,2004-12-31,0.026851587044543827,0.029266072213432137,0.0073732169905347264,-0.014272304644110225,0.00968550564927284,0.00968550564927284,0.0,0.0,-0.5842866690425631,1.2298581301611349,-6.186762244592452,-6.9257726771974575,0.2915982628635432,0.06611140031233731,0.054034582132564964,0.05263157894736836,0.014841351074718512,0.03960396039603964,-0.1505143475906876,0.041816009557945184,-0.019038984587488542,0.07263831388784348,0.0
45,2005-03-31,0.014988213799448369,0.017355379673467564,-0.004523437179582257,-0.006410517555448192,-0.05157309947131572,-0.05157309947131572,-0.040000000000000036,-0.04054054054054057,0.23458146086256626,0.2269928261822329,-0.5014243922380204,-2.0213576059572933,-0.2305872593845997,-0.0244140625,0.03280929596719062,0.018749999999999826,-0.0010085728693898233,-0.03809523809523818,-0.09050350541746333,0.04013761467889898,-0.01940850277264328,0.027719298245614032,0.0
46,2005-06-30,0.03744777512612196,0.03898632217668374,0.0244873945108508,0.07034684332451803,-0.021697893693219727,-0.021697893693219727,-0.01388888888888895,-0.014084507042253502,-1.0980400812218594,0.2172598002374728,2.2023257756064973,-1.6704031279067937,0.20091481695929247,-0.02402402402402404,-0.021178027796161517,-0.024539877300613355,0.022715800100959305,-0.024752475247524768,-0.06096706377014716,0.03858875413450935,-0.012252591894439169,-0.016729259132809867,0.0
47,2005-09-30,0.011761942543871308,0.012024682221345008,0.009517358623028379,0.028886012843700293,0.1427101511097324,0.1427101511097324,0.14084507042253525,0.14285714285714302,-14.522235306341564,-0.2870654001041077,-0.6817719523362187,-1.3771734227252417,-0.06310166892654845,0.04564102564102557,0.008789722785665921,-0.006289308176100628,0.01924975320829203,0.020304568527918617,0.052985074626865636,0.04033970276008492,-0.001908396946564972,-0.0013888888888887731,-0.16666666666666666
48,2005-12-31,0.01951440992057596,0.02248972419710072,-0.005966817549038828,0.009695421617539113,-0.02812631502739782,-0.02812631502739782,-0.03703703703703709,-0.012499999999999956,-0.4277951732395899,-0.20791283669681404,0.3267781098122551,-2.4892474946719267,0.10030330852527912,-0.002942618930848573,0.0020107238605897573,-0.012658227848101444,0.006779661016949268,-0.01990049751243772,-0.023387668320340227,0.03877551020408143,-0.025812619502868055,-0.017037552155771962,0.2
49,2006-03-31,0.007913638428019176,0.010435182265477794,-0.014299610912423044,-0.008196510820144942,0.004513774111096103,0.004513774111096103,0.02564102564102577,0.0,0.29026049161946155,-0.2642482247991089,-0.6905251543766608,-1.6328447622926174,-0.0576899323568516,-0.00270536153467782,0.0187290969899665,0.0,-0.014911014911014875,-0.01015228426395942,-0.018867924528301886,0.037328094302554016,-0.021589793915603558,-0.002122391227449505,0.0
50,2006-06-30,0.056801158416128324,0.06113136255527341,0.017697492755678782,0.04063012241684128,-0.005591952038524918,-0.005591952038524918,0.0,0.0,-0.3644145706851691,1.395686917557728,5.441516528775673,-3.2305665983051965,0.13655933497084405,0.01800246609124545,0.02298095863427441,0.006410256410256388,0.01513671875,0.03589743589743598,-0.008875739644970349,0.0359848484848484,-0.03711133400200595,0.007089684509039351,0.0
51,2006-09-30,0.019264664110791863,0.015890040771362468,0.0510396123722503,0.0194737171168895,-0.02813330226054533,-0.02813330226054533,-0.03749999999999998,-0.02531645569620256,-2.5086036324932115,-0.44574555756676215,-0.3315273858417144,-1.6090626963220207,-0.07317981050889688,0.0222868217054264,-0.025673940949935803,-0.04458598726114649,0.04329004329004338,0.004950495049504955,-0.006716417910447747,0.038391224862888366,0.03125,-0.02921506511791638,-0.16666666666666666
52,2006-12-31,0.023852599109190686,0.02636977936467666,0.0009438444510254662,-0.025427886631163243,-0.3996590157015836,-0.3996590157015836,-0.3896103896103896,-0.4025974025974026,-1.7016598073357152,0.08591613636334716,-0.3388898076819763,-0.717921475401853,-0.052047552818113685,0.033412322274881445,-0.11725955204216065,-0.1266666666666666,-0.0009220839096357736,-0.00985221674876846,0.043576258452291405,0.0369718309859155,-0.022222222222222254,-0.11058738216098618,0.0
53,2007-03-31,0.002826511524420816,0.003996131598635211,-0.00808854831843342,0.02546847599459845,0.6815852435902046,0.6815852435902046,0.6595744680851066,0.6739130434782608,0.8486051668127674,-0.3988680439189585,-1.0071701663717605,3.9906621258965136,-0.1172566371681416,-0.03875257968355872,-0.02164179104477626,-0.03053435114503822,-0.009229349330872272,-0.03980099502487555,0.07415406767458599,0.035653650254668934,-0.011363636363636357,-0.0211985324092947,0.0
54,2007-06-30,0.04834256413627625,0.04914397877212751,0.04077253218884125,0.061365059486537366,0.0878859857482186,0.0878859857482186,0.07692307692307687,0.07792207792207795,-1.5550906555090656,1.8674463937621832,-407.77777777777777,-2.009433962264151,0.13408521303258136,-0.020038167938931428,-0.0015255530129671955,-0.007874015748031482,0.024219841639496968,-0.010362694300518172,-0.013404825737265312,0.03442622950819674,-0.007314524555903756,-0.0008329862557268086,0.0
55,2007-09-30,0.025114244730633173,0.025352527457298324,0.022845360824742308,-0.024778761061946875,-0.03056768558951961,-0.03056768558951961,-0.03571428571428559,-0.036144578313252906,0.6331658291457287,-0.2814411964649898,-0.3124829281617044,-1.7694704049844237,-0.09097605893186,-0.02677702044790653,0.003055767761650285,0.0,0.026375625284220217,-0.047120418848167415,-0.040081521739130384,0.03645007923930277,-0.002105263157894832,0.008753647353063831,0.0
56,2007-12-31,0.014046382884363995,0.013575042870779486,0.018545395903886368,0.033877797943133725,-0.07432432432432434,-0.07432432432432434,-0.0864197530864198,-0.07500000000000008,-3.1261538461538465,-0.3472090823084201,-0.742947953913389,-3.6275303643724697,0.26296596434359804,-0.08754377188594298,0.08225437928408219,0.0714285714285714,0.024811696942844463,-0.10989010989010983,-0.09695682944090588,0.03516819571865426,0.0052742616033756295,0.07685950413223153,0.0
57,2008-03-31,0.028646186792139924,0.029911823046022024,0.016624445851805003,0.04622586307782338,0.04136253041362537,0.04136253041362537,0.05405405405405417,0.05405405405405417,-1.106367583212735,0.7905797101449274,2.2179289026275115,-1.8258859784283512,-0.17196021815848572,-0.13815789473684206,-0.01970443349753692,-0.022222222222222254,0.015131863380890788,-0.16049382716049387,-0.2155172413793104,0.033973412112260126,-0.012591815320041944,-0.02417498081350722,0.0
58,2008-06-30,0.0003518623045515312,0.000728302650212509,-0.003270518610808293,0.05984340044742732,0.0,0.0,0.0,0.0,-9.149659863945578,-0.1740186159449616,-0.5653218059558117,-1.1156716417910448,0.02402169701666024,-0.05756997455470748,-0.030150753768844237,-0.03030303030303028,-0.008091993185689983,-0.07352941176470595,-0.05994005994005992,0.03285714285714292,-0.003188097768331621,-0.04482894219425882,0.0
59,2008-09-30,0.0042208624922142075,0.0035660857963044634,0.010546874999999956,-0.0079155672823219,-0.16355140186915884,-0.16355140186915884,-0.16666666666666666,-0.16666666666666666,-1.5217028380634388,-1.179813816756492,-0.9922651933701656,-5.048387096774194,-0.09496783957623912,0.08032399595005058,-0.060695780903034735,-0.0625,0.005152425933877325,0.08730158730158744,0.0977683315621678,0.03250345781466102,0.006396588486140775,-0.07986825854261015,0.0
60,2008-12-31,0.10926656985865546,0.09566016147486822,0.2398144568998841,-0.0042553191489361755,-0.14804469273743015,-0.14804469273743015,-0.2,-0.23076923076923084,-8.8864,-39.63215258855586,1370.0,-2.3864541832669324,0.14548494983277593,-0.03998750390502959,-0.12293144208037833,-0.09999999999999998,0.2246903032891927,-0.04379562043795626,0.00871248789932233,0.031480241125251274,0.11758474576271195,-0.08590604026845639,0.0
61,2009-03-31,-0.056507581488668863,-0.0642383326714615,0.006235580220739445,0.16292735042735051,0.04262295081967205,-0.11147540983606552,-0.07692307692307697,-0.040000000000000036,-2.8809089064719013,-1.9799689660036683,-1.558820464728561,-3.126436781609196,-0.27007299270072993,-0.33908232997071275,-0.15453728661275826,-0.08333333333333326,0.0038367631670734865,-0.4580152671755726,-0.2811900191938579,0.030519480519480387,0.06635071090047395,-0.1478218306412139,0.2
62,2009-06-30,0.06256231479867536,0.08144259409161991,-0.08613744810063828,-0.02112999540652272,-0.3459119496855346,-0.5535055350553506,-0.5833333333333333,-0.5833333333333333,-1.4243339445583,-1.9262271484093847,-2.7096774193548385,-1.3162162162162163,0.11699999999999999,0.10635155096011828,-0.25079702444208296,-0.18181818181818188,-0.2095205003474635,0.09859154929577474,0.2443257676902537,0.02961562696912412,-0.13955555555555565,-0.2481332567489949,0.0
63,2009-09-30,0.08484363311854493,0.0841533072685785,0.09134061164982699,0.021586109807602,-0.2451923076923077,0.25619834710743805,0.1499999999999999,0.09999999999999988,0.13624809354346712,-1.5172896106923617,-2.196422728759952,-0.3290598290598291,0.07027752909579221,0.1045838896306186,-0.2354609929078013,-0.20987654320987648,0.02901098901098909,0.3974358974358976,0.4549356223175967,0.009179926560587416,0.005165289256198413,-0.2238349885408708,-0.16666666666666666
64,2009-12-31,0.00263718184457562,0.002258925100210529,0.006027090841307371,0.0532843362425357,0.23566878980891715,0.2171052631578947,0.17391304347826098,0.2272727272727273,-0.916331096196868,-1.067447799308998,-1.0303555150410209,0.6433121019108281,0.10790464240903397,0.05560032232070911,-0.1428571428571429,-0.125,0.00128150363092705,0.027522935779816567,0.37979351032448383,0.009096422073984423,0.004110996916752319,-0.18307086614173212,0.2
65,2010-03-31,-0.01245143698269824,-0.015723333533971373,0.017108270026557904,-0.05887483645878766,0.0,0.016216216216216273,0.0,0.0,0.7032085561497325,-2.0089086859688194,-5.5075075075075075,-2.5930232558139537,-0.1551528878822197,0.11297709923664125,-0.11904761904761894,-0.1607142857142857,0.01493174061433433,0.10714285714285696,0.3319080705505077,0.009014423076922906,0.029682702149437024,-0.11084337349397587,-0.16666666666666666
66,2010-06-30,-0.05263897373243742,-0.05999103090261738,0.012630556230264656,0.1116774791473587,0.15463917525773185,0.11702127659574454,0.11111111111111094,0.11111111111111094,1.2543171114599687,17.73730684326711,5.4310459693537645,-1.6593673965936742,0.1210902591599643,0.06138545953360764,0.10319410319410327,0.0,0.01176965111391337,0.04838709677419351,0.2937399678972712,0.008933889219773894,0.06858846918489059,0.102981029810298,0.2
67,2010-09-30,0.013844199557656143,0.015179662144091166,0.0025785560086351023,0.010421008753647376,-0.022321428571428603,0.0,0.0,0.0,-0.8112813370473537,-1.222785108388313,-1.1621257640111882,-1.2029520295202951,-0.02192108409724991,-0.18578352180937,0.06904231625835178,0.10638297872340408,0.0012463647694225255,-0.1923076923076923,-0.2627171215880893,0.008854781582054327,-0.01116279069767434,0.05036855036855048,0.0
68,2010-12-31,-0.0009476562996884039,0.0009968456954065896,-0.016926849691967227,-0.05280528052805278,-0.0091324200913242,-0.00952380952380949,0.03333333333333344,-0.033333333333333326,1.044280442804428,-0.43363299841353786,-0.7137380191693291,0.25454545454545463,-0.028117359413202925,-0.013492063492063444,0.024999999999999908,0.03846153846153855,-0.018257261410788428,-0.01904761904761909,-0.08245687841817417,0.008777062609713226,-0.0159924741298213,0.029239766081871288,0.0
69,2011-03-31,-0.0002673779769672979,-0.0015222324178598699,0.010647359454855287,-0.12935540069686413,0.07834101382488479,0.08173076923076916,0.032258064516129004,0.10344827586206916,2.666064981949458,1.1241830065359475,-0.8683035714285714,1.681159420289855,-0.07756813417190778,0.11705551086082068,0.04471544715447151,0.05555555555555558,0.008030431107354241,0.13592233009708732,0.09766162310866576,0.009860788863109038,0.01147227533460815,0.06363636363636371,0.0
70,2011-06-30,0.014461375836575696,0.013478759555172415,0.02227439648425733,0.07103551775887951,0.39743589743589736,0.3644444444444444,0.375,0.375,-0.10290497291974401,0.1709890109890111,23.203389830508474,-4.167567567567568,0.2663636363636364,-0.04501260352898817,0.10700389105058372,0.10526315789473673,0.02138364779874213,-0.0512820512820511,-0.0843776106934001,0.009190120620333088,0.007561436672967714,0.14529914529914525,0.0
71,2011-09-30,0.05252024355031072,0.05535600059046408,0.029326894764737155,-0.01634750116767869,0.13455657492354733,0.19218241042345285,0.18181818181818188,0.18181818181818188,-0.7283205268935236,1.2143393393393391,3.917366946778712,1.7610921501706485,0.5807609475951185,-0.12745098039215685,0.15114235500878734,0.1428571428571428,0.02914614121510684,-0.14414414414414425,-0.21806569343065696,0.009106431417188476,-0.022514071294559068,0.2080223880597014,-0.16666666666666666
72,2011-12-31,0.041162473088139695,0.04637795065806993,-0.003489902168316239,0.1272554605887939,0.07816711590296488,0.06830601092896171,0.09615384615384603,0.05769230769230771,-0.5616161616161617,0.18460756060349204,-0.04428937624608376,-1.0370828182941905,-0.013623978201634857,-0.02074330164217808,0.14961832061068714,0.125,-0.0035899481451934227,-0.05263157894736836,-0.15810968494749136,0.00902425267907492,-0.042226487523992384,0.15444015444015435,0.0
73,2012-03-31,0.0009909553840954377,-0.0014576795523841837,0.02307957285566653,-0.02822240943555176,0.11250000000000004,0.10230179028132992,0.08771929824561409,0.1090909090909089,7.6313364055299555,-0.6773039496279336,-0.9865891819400984,3.8666666666666663,-0.06721915285451198,0.2621359223300972,0.1394422310756971,0.1234567901234569,0.02121697357886321,0.2666666666666666,0.08316008316008316,0.011179429849077716,0.022044088176352616,0.12040133779264227,0.0
74,2012-06-30,0.02161348654092654,0.017422069229298117,0.05830527497194171,0.052449068053749485,0.208988764044944,0.18329466357308588,0.17741935483870974,0.18032786885245894,-0.5931660437800319,0.26119733924611976,20.077777777777786,-0.3664383561643836,-0.04565646594274431,0.05139860139860142,0.11421911421911425,0.10989010989010972,0.02626421011368074,0.035087719298245716,-0.09277031349968012,0.011055831951354287,0.004901960784313708,0.10029850746268654,0.0
75,2012-09-30,0.019559847419746926,0.011816820485830435,0.08590063099846224,0.007413509060955503,-0.0780669144981413,-0.08039215686274515,-0.08219178082191769,-0.08333333333333326,-0.9540682414698164,-1.6417018284106892,-2.172377438060095,0.9675675675675676,-0.0941298163951384,0.0771533089457932,0.04184100418410042,0.04950495049504955,0.026355996944232185,0.05084745762711873,-0.04795486600846255,0.01093493712411142,0.007804878048780496,0.022788931090613085,0.0
76,2012-12-31,0.01016915630614057,0.007183151793620723,0.03315591581620203,0.02044153720359776,0.10685483870967748,0.07889125799573571,0.07462686567164177,0.07575757575757569,28.37142857142857,-3.088219178082192,-2.3637589928057556,-1.6868131868131868,0.07136739937196679,-0.062056190182155024,0.04016064257028118,0.06603773584905648,0.012653516933383013,-0.08870967741935487,-0.114074074074074,0.0108166576527855,0.0029041626331074433,0.050397877984085016,0.0
77,2013-03-31,-0.01650604768534636,-0.01869670271566381,0.00028358067870315473,-0.029246794871794823,-0.5336976320582878,-0.5849802371541502,-0.5833333333333333,-0.5915492957746479,-0.5476653696498055,-1.382839149829441,-1.8127266732607976,-3.164,-0.1441513455901945,0.009545753785385136,-0.1293436293436293,-0.10619469026548667,-0.0022050716648291946,0.0,-0.050167224080267636,0.012306046013911276,0.016409266409266543,-0.12575757575757573,0.0
78,2013-06-30,0.01049563971974754,0.0070861109718811655,0.03666603666603674,0.015683037556747825,1.25,1.6047619047619048,1.6,1.6551724137931036,2.9634408602150537,-3.2275531185743658,-1.5225152129817443,-0.7800369685767098,-0.2593399750933998,0.035865666775350524,0.0077605321507758784,0.01980198019801982,0.011786372007366541,0.03539823008849563,0.17517605633802824,0.012156448202959693,0.0047483380816715215,0.01848642403235124,0.0
79,2013-09-30,-0.009221003091909095,-0.011092516439694113,0.0049680948040109465,-0.056481105241771634,-0.4635416666666666,-0.510054844606947,-0.5128205128205128,-0.5194805194805194,-1.3027672273467172,-1.5458461538461539,-1.874223602484472,-1.7563025210084031,0.03783102143757877,0.1000944287063268,-0.12321232123212322,-0.09708737864077677,0.004368401892974161,0.08547008547008561,0.07715355805243451,0.012010443864229892,0.01512287334593565,-0.1049347702779354,0.0
80,2013-12-31,0.01082573874620274,0.007832356123707251,0.03220100684838312,0.010766580534022465,0.9029126213592232,1.0037313432835822,1.0,1.054054054054054,-7.431899641577061,-3.3804960541149938,-1.2930728241563054,-4.377777777777778,-0.12312677197245847,0.002288984263233207,0.005018820577164407,0.021505376344086002,0.02754621239579569,0.0,0.13838664812239232,0.011867905056759607,0.025139664804469275,0.03612167300380231,0.0
81,2014-03-31,0.008966723129883558,0.005580489510053077,0.03088887912474192,-0.037920749893481036,-0.017006802721088454,-0.06703910614525144,-0.07894736842105265,-0.0921052631578948,-0.8239063806074115,-0.6057305233246507,2.296969696969697,-1.180921052631579,0.025404157043879882,0.1036254638880958,0.15980024968789008,0.17894736842105274,0.02398589065255741,0.07086614173228356,0.07819181429444089,0.011728709841917428,0.026339691189827485,0.2073394495412844,0.0
82,2014-06-30,0.018201905215785352,0.01832459107979756,0.01781604296308914,0.00797165633303809,-0.17301038062283736,-0.15169660678642716,-0.15714285714285714,-0.1594202898550725,-0.6123417721518987,0.12732732732732746,0.7095588235294117,3.145454545454545,0.10270270270270276,0.00025866528711859793,-0.08826695371367066,-0.0535714285714286,0.01860144677919396,-0.0220588235294118,-0.15410764872521246,0.012096774193548264,0.001769911504424737,-0.04711246200607898,0.0
83,2014-09-30,-0.005265621343318538,-0.008162294952056448,0.014991624790619662,0.0039543057996485045,0.17364016736401666,0.22352941176470603,0.22033898305084754,0.22413793103448287,1.5591836734693878,-1.0287693127330848,-1.5978494623655914,-2.8903508771929824,-0.176062091503268,-0.016550297388156162,0.11570247933884305,0.12264150943396235,0.01589448765640844,-0.030075187969924814,0.06162089752176825,0.01195219123505975,0.022084805653710186,0.14992025518341312,0.0
84,2014-12-31,-0.001112168621873355,-0.001966713376109319,0.004125752949913464,0.023632385120350152,0.0855614973262031,0.07115384615384612,0.08333333333333348,0.08450704225352124,1.7974481658692183,-11.648148148148149,-0.216726618705036,-1.71461716937355,0.15270203272186422,-0.024717328424927576,-0.008465608465608399,0.0,0.003661784287616543,-0.046511627906976834,-0.14574132492113567,0.011811023622047223,0.005185825410544576,0.011095700416088759,0.0
85,2015-03-31,0.012921943751538878,0.01294430622952425,0.01249075519763343,-0.012825994014536102,-0.1018062397372742,-0.12387791741472175,-0.1282051282051282,-0.1298701298701298,-1.3323831242873432,-2.3617391304347826,-0.3960964408725601,-2.0584415584415585,-0.1402150537634409,0.012671879212725834,-0.02027748132337248,-0.01680672268907568,0.010945273631840946,0.016260162601626105,0.00886262924667669,0.011673151750972943,0.0017196904557179589,-0.011888431641518094,0.0
86,2015-06-30,0.009454203394846372,0.0084807587087361,0.017774531288044848,0.009527934170636687,-0.08409506398537481,-0.069672131147541,-0.07352941176470595,-0.0746268656716419,-2.0789022298456263,-1.1558109833971904,-1.2186311787072244,-2.9079754601226995,0.3111555777888944,0.052183173588924436,0.0010893246187362315,0.008547008547008517,0.005249343832020914,0.040000000000000036,0.060029282576866676,0.012980769230769296,0.010300429184549207,0.008329477093938166,0.0
87,2015-09-30,0.09314354219781484,0.09440274889230492,0.08548644338118018,0.05190905190905193,0.06387225548902188,0.08370044052863435,0.015873015873015817,0.032258064516129004,2.0,9.655737704918034,-4.721739130434782,-0.7443729903536977,0.060663868752384616,-0.03061740890688258,-0.04678998911860721,-0.0423728813559322,0.03002610966057428,-0.03846153846153855,-0.04488950276243098,0.012814428096820095,0.001699235344095218,-0.031206975676915993,0.0
88,2015-12-31,0.005449956658956312,0.0058497893084359385,0.003012048192771122,0.02732463295269172,0.016885553470919357,0.02032520325203246,0.0,-0.015625,-0.4795972443031266,-0.2315384615384616,-3.2149532710280373,4.8553459119496845,0.3348920863309353,-0.037849125554685566,-0.058219178082191674,-0.061946902654867235,0.002851711026615966,-0.06400000000000006,-0.013015184381778731,0.012652296157450673,-0.0016963528413910245,-0.04594978683088592,0.0
89,2016-03-31,0.011707716709455251,0.008537460228797311,0.032740057130300926,0.0103215561730845,0.05166051660516602,0.04980079681274896,0.046875,0.06349206349206349,-1.1323828920570265,0.7827827827827827,0.03164556962025311,-2.002148227712137,-0.2514147130153598,-0.0914270211611502,-0.012121212121212088,-0.018867924528301886,0.01548183254344404,-0.0940170940170939,-0.04175824175824183,0.012494215640906914,0.005947323704333041,-0.003972194637537174,0.0
90,2016-06-30,0.044509310044490435,0.04316757707720198,0.05333333333333323,0.07937131630648331,0.02982456140350886,0.026565464895635715,0.0,-0.0149253731343284,-8.623076923076923,-0.8467153284671532,-1.9028629856850716,-0.8231511254019293,-0.05939524838012955,0.03374141534786479,0.0012269938650306678,0.009615384615384805,0.018046048537647685,0.018867924528301886,0.033639143730886716,0.012797074954296273,0.014358108108108112,0.001495513459621067,0.0
91,2016-09-30,0.0034391212436728487,0.002160153240750473,0.011715593859412898,0.009828904259191916,0.09369676320272567,0.10720887245841038,0.10447761194029836,0.10606060606060597,-1.5660948536831485,0.5824175824175823,-2.531143827859569,-3.175757575757576,0.13738997321086874,0.04766031195840581,0.0269607843137254,0.02857142857142847,0.01680929095354533,0.0277777777777779,0.031804733727810675,0.013537906137184086,0.009991673605328929,0.019910403185664505,0.0
92,2016-12-31,-0.015029961099981115,-0.016522014636603966,-0.005690137095700765,-0.016943042537851505,0.0015576323987538387,-0.011686143572620988,-0.013513513513513488,-0.0273972602739726,-5.228163992869876,-5.175925925925926,-3.3757396449704142,1.6852367688022285,0.3243606998654105,0.17535153019023975,0.020286396181384392,0.027777777777777686,-0.002404568680493102,0.15315315315315314,0.1362007168458781,0.013357079252003691,0.008244023083264551,0.02147388970229392,0.0
93,2017-03-31,0.005586566701326179,0.005946659625033046,0.003346608212576596,0.01943527686101953,-0.33748055987558323,-0.3614864864864865,-0.3561643835616438,-0.35211267605633795,-0.9333895446880268,-1.3913525498891353,-1.200809464508095,-0.8993775933609959,0.024644308943089444,0.08608960825709587,-0.08070175438596494,-0.0630630630630632,0.0,0.0859375,0.05425867507886449,0.013181019332161537,-0.0016353229762878785,-0.08600095556617304,0.0
94,2017-06-30,0.003133772635951715,0.0019267519267518465,0.010873553250391854,0.026978417266187105,0.5821596244131455,0.6693121693121693,0.6595744680851066,0.6739130434782608,7.417721518987343,1.6218130311614731,-1.7798449612403102,-11.556701030927837,-0.2539052814282172,-0.053131749460043065,0.03689567430025442,0.03846153846153855,0.016269960831575725,-0.050359712230215736,0.025134649910233176,0.013009540329575131,0.00900900900900914,0.032932566649241934,0.0
95,2017-09-30,-0.003851857210025677,-0.001865407691138743,-0.016398851750420662,-0.014711033274956263,-0.03857566765578635,-0.0538827258320127,-0.03846153846153855,-0.038961038961038974,0.106015037593985,-0.6834143706104808,1.3777335984095431,-0.6962890625,-0.1033565968760386,0.048585766423357546,0.0012269938650306678,0.0092592592592593,0.005632967684553902,0.03030303030303028,0.005253940455341555,0.014126712328767166,-0.01461038961038974,-0.0045546558704452345,0.0
96,2017-12-31,0.005909049650540066,0.007664565035934157,-0.005434417980543449,0.01990757198720217,0.029320987654321007,0.028475711892797406,0.040000000000000036,0.04054054054054057,0.1393609789259007,2.696245733788396,-1.4222408026755853,-1.0482315112540193,0.005559673832468581,0.04111376984990223,0.01225490196078427,0.0,0.007370283018867995,0.03676470588235281,0.03716608594657389,0.013929928239763578,-0.01153212520593083,-0.002541942043721379,0.0
97,2018-03-31,-0.004119255375786168,-0.004584598873647372,-0.0012142471667566654,-0.019518996165911462,0.1859070464767616,0.21335504885993486,0.23076923076923064,0.22077922077922074,-0.8162291169451074,-1.0937211449676822,-1.9564356435643564,0.8666666666666667,0.14670106892738666,0.10697868783953204,0.1694915254237288,0.15596330275229353,-0.003219198127011991,0.09929078014184413,0.0828667413213886,0.015403830141548669,0.002500000000000169,0.16156982670744124,0.0
98,2018-06-30,0.00884342338342492,0.009326571307447074,0.005673375658516777,0.02346249555634561,0.03919089759797734,0.04026845637583887,0.04166666666666674,0.05319148936170226,2.6331168831168834,-9.699507389162562,-2.219461697722567,-3.071428571428572,-0.018643522982963682,0.0018875047187618679,0.0600414078674949,0.04761904761904767,0.013211978860833806,0.006451612903225712,-0.1478800413650465,0.015580155801558028,-0.00249376558603498,0.0535322509872751,0.0
99,2018-09-30,0.0009161086936020355,0.00015037671960960175,0.005641370047011486,0.016325112886418802,0.020681265206812682,0.01806451612903226,0.02000000000000001,0.02020202020202011,0.386058981233244,-0.3374858437146093,-1.4770797962648556,-2.7241379310344827,0.03275466754012446,-0.04408440090429533,0.0693359375,0.06818181818181812,0.011301072152999136,-0.05769230769230771,-0.10497572815533984,0.01614856681469523,0.005833333333333357,0.05997501041232822,0.0
100,2018-12-31,0.01261637167148977,0.01369259324547123,0.005810070789368238,0.004784688995215225,-0.040524433849821184,-0.044359949302915085,-0.03921568627450989,-0.03960396039603964,-0.11605415860735012,0.8923076923076922,-6.9679715302491125,7.34,0.2645099904852521,-0.08573117855735124,0.04292237442922375,0.035460992907801366,0.015759312320916985,-0.09523809523809512,-0.15254237288135594,0.016289233214143772,-0.006628003314001596,0.04125736738703334,0.0
101,2019-03-31,0.008799408055933489,0.0065517929203811045,0.023272027089834783,-0.014285714285714237,-0.06956521739130439,-0.006631299734747964,0.0,0.0,-1.5433989788475566,-0.7845528455284553,-0.8765652951699463,-2.2170263788968825,-0.2545773764735389,0.026514334985988208,-0.009632224168126036,-0.020547945205479427,0.022849083215796817,0.007518796992481258,-0.025600000000000067,0.01602814698983579,0.017514595496246788,-0.006037735849056536,0.0
102,2019-06-30,0.014006315798720248,0.011727642276422756,0.028550108685072795,0.049689440993788914,0.18157543391188247,0.18157543391188247,0.12244897959183687,0.12371134020618554,-2.2536912751677853,3.884696016771488,4.434782608695652,-0.7330049261083744,-0.09118438761776584,0.03191936161276776,0.017683465959327904,0.013986013986013957,0.031439602868174266,0.0149253731343284,0.023809523809523947,0.015390534821085213,0.01721311475409837,0.021640091116173155,0.0
