Unnamed: 0,Quarter end,Assets,Current Assets,Liabilities,Current Liabilities,Shareholders equity,Revenue,Earnings,Earnings available for common stockholders,EPS basic,EPS diluted,Cash from operating activities,Cash from investing activities,Cash from financing activities,Cash change during period,Cash at end of period,Price,ROE,ROA,Book value of equity per share,P/B ratio,P/E ratio,Cumulative dividends per share,Equity to assets ratio,Net margin,Asset turnover,Current ratio
0,1994-01-31,-0.03225100551543258,-0.06309051854628278,-0.06616015500905759,-0.4441842804708265,0.02986171880899602,0.0,0.0,0.0,0.0,0.0,0.7769896141989165,-1.5357772294677476,-0.4463418658369868,-1.12862357741035,-0.549530945778512,0.07756232686980624,-0.014686248331107987,0.015993265993266004,0.0235294117647058,-0.05240174672489084,0.09449838187702264,-0.04930916465965274,0.06513521372492015,0.007927519818799356,0.0,0.6856684647907858
1,1994-04-30,-0.03225100551543258,-0.06309051854628278,-0.06616015500905759,-0.4441842804708265,0.02986171880899602,0.0,0.0,0.0,0.0,0.0,0.7769896141989165,-1.5357772294677476,-0.4463418658369868,-1.12862357741035,-0.549530945778512,0.07756232686980624,-0.014686248331107987,0.015993265993266004,0.0235294117647058,-0.05240174672489084,0.09449838187702264,-0.04930916465965274,0.06513521372492015,0.007927519818799356,0.0,0.6856684647907858
2,1994-07-31,-0.01717552147791179,-0.034171095512274034,-0.02204990638333237,-0.08611806899692588,-0.009079400543901328,-0.0835664098792196,-0.27459830294276943,-0.2754365541327125,-0.7172413793103448,0.0,0.7769896141989165,-1.5357772294677476,-0.4463418658369868,-1.12862357741035,0.15690897184020947,-0.02827763496143965,-0.014686248331107987,0.015993265993266004,0.0,-0.05240174672489084,0.09449838187702264,1.0,0.00791700791700789,0.007927519818799356,0.0,0.0568240788790868
3,1994-10-31,0.10753329259634016,0.2095434428658367,0.10714437451870727,0.3211187765717223,0.10817081159666307,0.27968730611738435,0.7439379933157932,0.7470722650671238,0.7317073170731707,0.0,-1.4975998383048963,0.2251315789473685,-1.9354818110219456,0.06302170283806352,0.14417525189629798,0.013227513227513256,-0.014686248331107987,0.015993265993266004,0.10344827586206896,0.01382488479262678,0.09449838187702264,0.5,0.0029794149512460955,0.007927519818799356,0.0,-0.08445863000245513
4,1995-01-31,-0.08763955093525377,-0.15705822229949373,-0.14513976248352578,-0.3766429337639834,0.0065281561101302454,-0.0846174318305134,-0.2315596330275229,-0.2321180413635249,-0.23943661971830976,0.0,-5.962393798869447,-0.1953603264955429,-3.9602029671429873,0.770121711817825,0.2230495225844753,0.052219321148825104,-0.014686248331107987,0.015993265993266004,0.01041666666666674,-0.045454545454545525,0.09449838187702264,0.44444444444444464,0.10342965163381046,0.007927519818799356,0.0,0.3522839009564673
5,1995-04-30,0.04913359660440708,0.09050993382657402,0.03768254190923749,0.35023283299846364,0.06506108256927279,-0.16057390645847602,-0.1042926881035764,-0.10147974663331027,-0.09259259259259267,0.0,-0.8576914681727648,1.3760010678056591,-1.0766286175487143,0.4451591438394145,0.2635560139959145,0.06451612903225801,-0.014686248331107987,0.015993265993266004,0.061855670103092786,0.05238095238095242,0.09449838187702264,0.23076923076923084,0.01664219285364643,0.007927519818799356,0.0,-0.19235854045478584
6,1995-07-31,-0.0013815001878559885,-0.015251250161195553,0.0007219025783007371,-0.009043864317526127,-0.0042319551082995455,0.10208081621694176,-0.047688160895708036,-0.05118331802967924,-0.061224489795918324,0.0,-0.2596462637204621,-0.19858434919386547,-3.045741799578694,-2.4744839229529583,-0.3075519416077088,0.03263403263403264,-0.014686248331107987,0.015993265993266004,0.0,-0.02714932126696834,0.09449838187702264,0.1875,-0.00288878189696673,0.007927519818799356,0.0,-0.006261253887706597
7,1995-10-31,0.0902855077532574,0.16034257478181654,0.08428009067256026,0.09190354208992146,0.098464317976513,0.2624698516334933,0.6545053031009922,0.6569163050604065,0.6739130434782608,0.0,-1.1968794509905476,-0.017874667040515883,-1.6391095420221635,-0.7908816487977517,-0.09288025889967633,0.11963882618510158,-0.01490514905149054,0.015993265993266004,0.09708737864077666,0.12093023255813964,0.09449838187702264,0.21052631578947367,0.00941574118783195,0.007865168539325841,0.007518796992481258,0.06267759337808321
8,1996-01-31,-0.044641313433688934,-0.08464206534715046,-0.08011621735436081,-0.06693394944278341,0.0030482902776289844,-0.12951027197678144,-0.2836222130315449,-0.2842527696133845,-0.2857142857142857,0.0,-37.44360407760605,0.6365712654343016,-6.512045419671629,-4.994773519163763,0.4090260435247948,0.02016129032258052,-0.03610729023383773,-0.01822700911350461,0.0,-0.0705394190871369,-0.007096392667060969,0.13043478260869554,0.04998804113848365,-0.0022296544035674826,-0.0149253731343284,-0.018988568106956042
9,1996-04-30,0.03275037653136459,0.0521052379223661,0.011742716671407027,0.05080266758221752,0.05864987075788641,-0.05289818285808024,-0.040911118692103836,-0.03793203295690861,-0.036363636363636376,0.0,-0.5689600721858786,-0.13680767553423467,-0.5991871276654974,-1.0510248582642827,-0.023384515218924595,0.04150197628458496,-0.02069211559043871,0.0,0.06194690265486735,0.0401785714285714,0.036926742108397866,0.15384615384615374,0.02596810933940774,-0.013407821229050154,0.015151515151515138,0.0012640726841792738
10,1996-07-31,-0.01955104996379431,-0.03776041666666663,-0.03212851405622485,0.006600660066006681,-0.004731861198738141,-0.007562653459135649,-0.12443909379446205,-0.12443909379446205,-0.1132075471698114,0.0,-0.4766589909985346,-0.3432021421714747,0.4932629531879426,36.85103785103785,-0.5740740740740741,-0.018975332068311142,-0.03642987249544627,-0.013502109704641274,0.0,-0.07510729613733913,-0.03561171740379099,0.10000000000000007,0.015097690941385356,-0.006795016987542479,-0.0074626865671642015,-0.044068331557975286
11,1996-10-31,0.0887001477104874,0.1530446549391069,0.08644536652835401,0.02786885245901649,0.0912836767036449,0.239622641509434,0.73125,0.7281249999999999,0.7021276595744683,0.0,-1.384,0.3538461538461539,-1.8023255813953487,-1.2354838709677418,0.31304347826086953,0.02707930367504829,-0.023062381852551942,0.0,0.0916666666666668,0.025522041763341045,0.022632519356760028,0.1212121212121211,0.004155730533683233,0.009122006841504993,-0.007518796992481258,0.12174989682212135
12,1997-01-31,-0.07312936707143347,-0.12909282948010792,-0.14194780394653084,-0.09059011164274322,0.0053732210281731705,-0.12823439878234402,-0.2490974729241877,-0.2495479204339965,-0.2500000000000001,0.0,-15.989583333333336,-0.2670454545454546,-3.927536231884058,3.109589041095891,0.9933774834437086,0.12994350282485878,-0.01509287925696601,0.016253207869974418,0.007633587786259444,0.03619909502262453,0.11531741409435048,0.08108108108108114,0.08494881289479418,0.01807909604519775,0.0,-0.042347314201618864
13,1997-04-30,0.045158457147039366,0.0807168845169115,0.035608308605341144,0.3995089442300948,0.05445616062400704,-0.05456132693147098,-0.038461538461538436,-0.03614457831325302,-0.033333333333333326,0.0,-0.8353022932592078,0.5116279069767442,-0.9356435643564356,-1.0766666666666669,-0.03654485049833889,0.04333333333333322,-0.01532416502946965,0.011784511784511677,0.05303030303030298,0.03493449781659397,0.021409921671018184,0.09999999999999988,0.00943585625376442,0.017758046614872347,-0.007575757575757569,-0.2277843943294019
14,1997-07-31,-0.027521008403361358,-0.04912718204488775,-0.05272206303724925,-0.09824561403508768,-0.003424657534246589,-0.011772853185595622,-0.14,-0.14249999999999996,-0.13793103448275856,0.0,1.7848101265822789,-0.5025641025641026,10.138461538461538,6.0,-0.2741379310344828,0.07667731629392982,-0.02154828411811649,0.008319467554076532,-0.007194244604316501,0.02320675105485215,0.05470347648261753,0.06818181818181812,0.02505966587112152,0.010905125408942284,-0.007633587786259555,0.054477611940298536
15,1997-10-31,0.10722258227118896,0.20823498557566225,0.13384754990925596,0.2968315730961646,0.08302405498281784,0.29455734641438913,0.7703488372093024,0.7725947521865891,0.76,0.0,-1.087878787878788,-0.14432989690721654,-1.3066298342541436,-1.5031055900621118,0.1923990498812352,-0.029673590504451064,-0.0032626427406199365,0.020627062706270568,0.0869565217391306,-0.02268041237113394,-0.04120213281628682,0.08510638297872353,-0.020760574311214475,0.017259978425026908,0.007692307692307666,-0.06831799952819062
16,1998-01-31,-0.06763787721123826,-0.11352289993488175,-0.13898892890489534,-0.2359622803257609,0.0002538393197106803,-0.13244316131360526,-0.2512315270935961,-0.2516447368421053,-0.25,0.0,-19.948275862068964,0.2409638554216869,-4.770270270270268,0.962962962962963,0.3167330677290836,0.06422018348623859,-0.01022913256955815,0.010509296685529579,0.0,-0.021097046413502185,0.030839231547017176,0.07843137254901977,0.0729146027342975,0.00954400848356318,0.0,0.16027751050792527
17,1998-04-30,0.0421316964285714,0.06390793339862877,0.04879938032532927,0.07152875175315576,0.036670473290191685,-0.041389351081530745,-0.03289473684210531,-0.030769230769230767,-0.045454545454545525,0.0,-0.5459508644222021,0.7184466019417475,-0.7598566308243728,-0.23899371069182385,0.18003025718608168,0.06465517241379315,-0.0062009094667218045,0.0112000000000001,0.040000000000000036,0.06465517241379337,0.04021579205492887,0.05454545454545445,-0.00498614958448762,0.008403361344537784,0.0,-0.007114175977653514
18,1998-07-31,0.0024096385542169427,-0.003337169159953968,0.0007385524372229835,0.028534031413612663,0.0037943696450428717,-0.0327619874159254,-0.15646258503401356,-0.15873015873015872,-0.1428571428571428,-0.1818181818181817,0.1643286573146292,-0.22033898305084745,0.4626865671641791,0.23140495867768585,0.19487179487179485,0.07287449392712553,-0.01455906821963393,-0.0031645569620254443,0.006410256410256388,0.0323886639676112,0.05280528052805278,0.06896551724137945,0.0016703786191536456,0.006250000000000089,-0.007633587786259555,-0.030990373203217736
19,1998-10-31,0.11571848290598295,0.19651310472231853,0.1759409594095942,0.3494527869686943,0.065967564931106,0.29609690444145365,0.8091397849462365,0.8032345013477089,0.7962962962962961,0.7962962962962961,-1.3287435456110157,0.13043478260869554,-3.183673469387754,0.9798657718120805,0.3165236051502145,0.08553459119496852,0.0016884761502744539,0.011111111111111294,0.08280254777070062,0.07843137254901977,0.0694133452754142,0.06451612903225823,-0.03057254030016665,0.019668737060041463,-0.007692307692307666,-0.11336418072945033
20,1999-01-31,-0.08151295708899398,-0.12882369970085886,-0.16970001255177602,-0.2442474537910223,-0.0011439029970258252,-0.1000346140533056,-0.26745913818722145,-0.26307922272047835,-0.25773195876288657,-0.25773195876288657,-7.685863874345549,-0.16666666666666666,-2.7601246105919004,-0.9423728813559322,0.013854930725346382,0.12282734646581672,-0.009692372524231052,0.0023547880690737433,0.0,0.036363636363636376,0.08710217755443894,0.06060606060606055,0.08753822629969399,0.0,0.0,0.1527756459452545
21,1999-04-30,0.1305141069915945,0.10655737704918034,0.2365835222978081,0.2902420763663589,0.05016032982134666,-0.06461538461538463,-0.02231237322515212,-0.02231237322515212,-0.02777777777777779,-0.02777777777777779,-0.6374314800313234,4.7384615384615385,-1.6654867256637167,26.588235294117645,0.37459807073954976,-0.10423116615067074,-0.012340425531914834,-0.017227877838684513,0.04705882352941182,-0.10350877192982456,-0.12326656394453005,0.05714285714285716,-0.0711775043936731,0.008121827411167406,-0.023255813953488413,-0.1423816075629133
22,1999-07-31,0.007780979827089363,0.010110110110110204,0.01833740831295838,0.06537717601547399,-0.0016357688113413096,-0.10094572368421052,-0.20331950207468885,-0.20331950207468885,-0.19999999999999984,-0.19999999999999984,0.5097192224622029,-0.7560321715817695,-1.5598404255319152,-0.7953091684434968,0.05730994152046786,-0.010368663594470084,-0.023696682464455,-0.031872509960159445,0.0,-0.0547945205479452,-0.03383128295254845,0.05405405405405417,-0.009271523178807972,0.01007049345417932,-0.039682539682539764,-0.05185530197174349
23,1999-10-31,0.10157277666571353,0.1641066296700029,0.12496998799519796,0.2133260711692085,0.08028399781540152,0.4703864623828036,0.8984375,0.8984375,0.8928571428571428,0.8928571428571428,-1.201716738197425,4.148351648351649,-1.9928741092636584,-7.875,-0.3650442477876106,-0.020954598370197863,-0.0022065313327449547,-0.00987654320987652,0.0786516853932584,-0.02277432712215333,-0.027739881764438312,0.0512820512820511,-0.01928953399541633,-0.0019940179461616077,-0.008264462809917328,-0.04060913705583757
24,2000-01-31,-0.09267431597528686,-0.15595471184132115,-0.2025397502934585,-0.26754451593595685,0.011425682507583357,-0.13203732503888022,-0.2482853223593965,-0.2482853223593965,-0.2452830188679245,-0.2452830188679245,-12.957446808510639,-0.887940234791889,-4.626794258373207,-1.0984848484848484,0.05662020905923337,-0.028537455410225895,-0.007961079168509522,-0.004156275976724855,0.015625,-0.09745762711864404,-0.05706267539756784,0.048780487804878085,0.11470301850048692,0.007992007992008165,-0.008333333333333305,0.15235819536894812
25,2000-04-30,0.031128404669260583,0.028744326777609738,0.0089656095276327,0.06639427987742598,0.047685694291712544,-0.11198709908618533,-0.0529197080291971,-0.0529197080291971,-0.05000000000000005,-0.05000000000000005,-0.9015421115065244,-1.3238095238095238,-1.2565963060686016,8.061538461538461,0.4839241549876338,-0.15177478580171366,-0.0164957646009809,0.007512520868113491,0.04615384615384621,-0.16666666666666666,-0.17361111111111116,0.046511627906976834,0.016072676450034958,0.012884043607532149,-0.008403361344537784,-0.03529992594421138
26,2000-07-31,0.002663706992230841,-0.021568627450980427,0.005437665782493273,0.03218390804597693,0.0006679389312977957,-0.05972558514931393,-0.17919075144508667,-0.17919075144508667,-0.1842105263157895,-0.1842105263157895,3.897590361445783,-12.794117647058822,-1.8586118251928017,-0.8675721561969439,0.044444444444444516,0.067821067821068,-0.01405258386219399,0.010770505385252704,0.0,0.022535211267605604,0.047418967587034684,0.04444444444444429,-0.0020632737276478075,0.004892367906066618,0.008474576271186418,-0.05204708290685767
27,2000-10-31,0.10449413327429702,0.08877755511022034,0.1534098403904498,0.24777282850779514,0.06913321254886995,0.3879828326180257,0.880281690140845,0.880281690140845,0.8870967741935483,0.8870967741935483,-1.1635916359163592,1.7955112219451372,-2.0748502994011977,-12.474358974358973,-0.4760638297872341,0.0067567567567568,0.0,0.022950819672131084,0.06862745098039214,0.005509641873278293,-0.011461318051575908,0.042553191489361764,-0.032046864231564554,0.031158714703018345,-0.008403361344537784,-0.12746315391675211
28,2001-01-31,-0.07025456003207052,-0.15258604822381738,-0.17692131747483986,-0.21939610293023948,0.012932572244024332,-0.1351267779839208,-0.2971285892634207,-0.2971285892634207,-0.2991452991452992,-0.2991452991452992,-12.894736842105265,-0.6726137377341659,-4.9415041782729805,-0.7765363128491619,-0.20304568527918787,0.14496644295301994,-0.02482758620689652,-0.008012820512820484,0.013761467889908063,0.07123287671232892,0.10724637681159432,0.05102040816326525,0.08953364186543268,0.0056657223796034994,-0.016949152542372947,0.0856329662170523
29,2001-04-30,0.04505766950522805,0.07949609035621208,0.04487981103237471,0.025152439024390242,0.045170379501628936,-0.0922416875223454,-0.04085257548845467,-0.04085257548845467,-0.03658536585365847,-0.03658536585365847,-0.9696586599241468,-0.3705722070844687,-1.1837455830388692,-1.385,0.09554140127388533,0.01289566236811268,-0.02168788307402181,-0.008885298869143687,0.045248868778280604,0.0,0.006806282722513046,0.03883495145631066,0.00016337199803961866,0.00375586854460086,-0.008620689655172377,0.053003533568904526
30,2001-07-31,-0.0015987622485817974,-0.008249496981891369,0.017287234042553168,0.022490706319702625,-0.013563605728727834,-0.07502953918865696,-0.274074074074074,-0.274074074074074,-0.2784810126582279,-0.2784810126582279,8.0,-0.09523809523809523,-1.8461538461538465,-0.9610389610389608,0.0046511627906977715,0.004629629629629539,-0.04096385542168668,-0.03096984515077428,-0.008658008658008698,-0.038363171355498826,-0.004160166406656396,0.03738317757009346,-0.012087553087226309,-0.016838166510757646,-0.017391304347826098,-0.030093093743234545
31,2001-10-31,0.08099591921070304,0.14526273077703378,0.10000000000000007,0.1721505180876204,0.0685797249978648,0.37130083031722383,1.0433673469387754,1.0433673469387754,1.0526315789473686,1.0526315789473686,-1.037037037037037,-0.06698564593301437,-2.309090909090909,24.66666666666667,0.08912037037037046,-0.0195852534562212,-0.02713567839195985,-0.012615643397813292,0.06550218340611358,-0.010638297872340273,-0.005221932114882422,0.04504504504504482,-0.01140873015873023,0.0019029495718363434,-0.008849557522123686,-0.02293526785714284
32,2002-01-31,-0.07296793615902898,-0.14419840566873346,-0.19132501485442666,-0.2338709677419355,0.0066336317135549105,-0.1142679708119857,-0.28464419475655434,-0.28464419475655434,-0.28205128205128205,-0.28205128205128205,-111.8125,-0.19487179487179485,-5.5451388888888875,2.9870129870129865,0.32624867162592985,-0.01762632197414815,-0.021177685950413142,-0.006814310051107443,0.008196721311475308,-0.07795698924731187,-0.017322834645669416,0.034482758620689724,0.08580030105368787,-0.0009496676163343043,-0.008928571428571397,0.1170826432120624
33,2002-04-30,0.03917525773195885,0.06499689505278416,0.036002939015429725,0.0020242914979757827,0.04088924176260411,-0.08203330411919374,-0.10296684118673648,-0.10296684118673648,-0.1071428571428571,-0.1071428571428571,-0.8245910885504795,0.2675159235668789,-0.8479755538579068,-1.2833876221498373,-0.07051282051282047,0.14712918660287078,-0.035883905013192614,-0.020583190394511168,0.03658536585365857,0.13702623906705536,0.13995726495726513,0.04166666666666674,0.001694393099199054,-0.01806083650190116,0.0,0.06283552328851183
34,2002-07-31,0.0052579365079366,0.005344995140913468,0.0270921985815602,0.07919191919191926,-0.006483600305110636,-0.0842085163261409,-0.2976653696498055,-0.2976653696498055,-0.2933333333333333,-0.2933333333333333,0.25080385852090026,-0.1909547738693468,-0.2663316582914573,-1.942528735632184,0.0672413793103448,-0.03649635036496346,-0.038861521620142336,-0.024518388791593626,-0.003921568627450856,-0.07179487179487176,-0.02483598875351456,0.040000000000000036,-0.011686913732123494,-0.01839303000968051,-0.009009009009009028,-0.06845295362709257
35,2002-10-31,0.09281555314319556,0.1704204929917834,0.1415550338351057,0.18569824035941584,0.06571976967370441,0.4420350291909925,1.2465373961218835,1.2465373961218835,1.2264150943396226,1.2264150943396226,-1.7043701799485862,0.3850931677018634,-5.267123287671233,0.5365853658536586,0.10177705977382878,0.011904761904761862,-0.021640091116173155,-0.01077199281867136,0.0669291338582676,0.016574585635359185,0.024026910139355984,0.030769230769230882,-0.02473938073751369,-0.016765285996055312,0.009090909090909037,-0.012858249419055112
36,2003-01-31,-0.033187339142999095,-0.14089857945160222,-0.113960803290588,-0.15708872750236813,0.014912470283120703,-0.08097165991902833,-0.13686806411837238,-0.13686806411837238,-0.13559322033898302,-0.13559322033898302,-7.076642335766422,3.228699551569507,-3.070626003210273,-5.507936507936506,-0.4164222873900293,-0.04385026737967912,0.02677532013969719,0.03085299455535395,0.011070110701107085,-0.10326086956521753,-0.04645706241201309,0.03731343283582067,0.04961710274409703,0.027081243731193583,0.0,0.019198577108181517
37,2003-04-30,0.05735101812068,0.02672562968659875,0.9442927362097217,0.026409439970031867,-0.403747870528109,-0.10132158590308372,-0.17428571428571427,-0.17428571428571427,-0.10784313725490192,-0.11764705882352945,-0.6096096096096096,-0.010604453870625695,-1.1573643410852714,-0.8591549295774648,-0.09547738693467334,0.10626398210290833,0.1247165532879817,-0.002640845070422615,-0.3248175182481752,0.093939393939394,0.048720472440944906,0.03597122302158273,-0.4360845113239095,0.005859375,-0.009009009009009028,0.00030796078632655544
38,2003-07-31,0.007332155477031809,0.008426966292134797,0.015730337078651683,0.04835766423357657,-0.006904761904761858,-0.06757703081232491,-0.4619377162629758,-0.4619377162629758,-0.4395604395604396,-0.43333333333333335,-0.4061538461538462,-0.8317256162915327,-2.1330049261083746,-0.9875,-0.001388888888888884,0.06471183013144577,0.08215725806451624,-0.04766107678729037,-0.010810810810810813,0.5761772853185598,0.02111684655091528,0.06944444444444442,-0.014016172506738478,-0.041747572815533984,-0.00909090909090915,-0.038072758992252036
39,2003-10-31,0.06537753222836096,0.12999071494893233,0.03761061946902644,0.08215839860748475,0.11352193718532733,0.3616222305670296,1.8360128617363345,1.8360128617363345,1.8431372549019605,1.8431372549019605,-0.5647668393782384,0.0573248407643312,-1.1043478260869566,-27.0,0.03616133518776077,0.02564102564102577,0.1476478807638566,0.004633920296570837,0.11475409836065564,0.03690685413005279,0.03125,0.032467532467532534,0.045106615636959946,0.016210739614995084,-0.009174311926605559,0.04416706673067683
40,2004-01-31,-0.04025188294851212,-0.08964667214461798,-0.09494936034115142,-0.2189158758243525,0.04812143395413937,-0.03888582460011037,-0.08730158730158732,-0.08730158730158732,-0.5448275862068965,-0.5448275862068965,10.476190476190476,-0.1325301204819277,-60.5,12.692307692307693,0.4778523489932887,0.10925925925925917,0.1692370129870131,0.021217712177121758,0.0490196078431373,-0.005084745762711895,0.03208556149732611,0.03773584905660377,0.09207428720899813,0.016949152542372836,0.0092592592592593,0.16551724137931026
41,2004-04-30,0.0189116171362409,-0.02247495261305177,-0.04954722815283808,-0.2401153212520593,0.1144207066557108,-0.10731707317073168,-0.2770186335403727,-0.2770186335403727,-0.2727272727272728,-0.303030303030303,-0.700207468879668,0.13194444444444442,-0.4145658263305322,-2.1825842696629216,-0.3823796548592189,0.06761268781302165,-0.06282540784449843,-0.009936766034327029,0.11214953271028016,0.01873935264054527,-0.0090673575129534,0.0060606060606061,0.09365269461077852,-0.0186274509803922,0.0,0.28643436335744044
42,2004-07-31,-0.001388888888888884,0.0027700831024930483,-0.008985282726568511,-0.002168021680216792,0.007649769585253541,-0.07103825136612019,-0.10824742268041232,-0.10824742268041232,-0.10416666666666664,-0.08695652173913049,0.3875432525951557,-0.4049079754601227,-0.35167464114832536,-1.3871733966745845,0.2352941176470589,-0.007818608287724738,0.012222222222222134,0.07025547445255476,0.004201680672269115,-0.10869565217391307,-0.01263616557734204,0.030120481927710774,0.009198423127463771,0.06193806193806206,0.00917431192660545,0.004940374787052893
43,2004-10-31,0.08049900956715983,0.17495395948434633,0.06370173518836952,0.3136882129277567,0.10015549254550438,0.3489619377162629,0.9768786127167628,0.9768786127167628,0.9534883720930232,1.0,-0.5985037406483791,0.3917525773195876,-0.6881918819188192,-0.8895705521472392,0.021428571428571352,-0.02521670606776993,-0.014635931211123275,0.036658141517476484,0.10041841004184082,-0.02814258911819889,-0.0962047661076787,0.035087719298245716,0.01822916666666674,0.030103480714957605,0.009090909090909037,-0.1056111205289032
44,2005-01-31,0.02281858251745517,0.027351097178683448,0.014769637739731056,0.011370684308455559,0.031925507149983316,-0.02744645376426836,-0.06335282651072127,-0.06335282651072127,-0.05952380952380942,-0.0714285714285714,6.170807453416147,-2.9777777777777783,2.189349112426036,112.16666666666669,2.374125874125874,0.023443815683104274,-0.007797994801336805,0.022203947368421014,0.034220532319391817,-0.07142857142857151,-0.02587890625,0.039548022598870025,0.00873827791986348,0.03013698630136985,-0.009009009009009028,0.01580742987111461
45,2005-04-30,0.0006864464953093562,0.004653291631703471,-0.04851556842867488,0.30417007358953385,0.05543022881082815,-0.1916128181458525,-0.4027055150884496,-0.4027055150884496,-0.40506329113924056,-0.3974358974358975,-0.7717626678215678,-1.7303370786516854,-0.4805194805194806,-0.9744722631320568,0.01899827288428324,0.09636650868878373,-0.04865269461077848,-0.026548672566371608,0.051470588235293935,0.06029106029106024,0.04360902255639098,0.032608695652173836,0.054722163532643135,0.0008865248226950229,-0.027272727272727337,-0.22965257304922204
46,2005-07-31,-0.010403963414634121,0.017691723614274846,0.015601217656012082,0.011285266457680354,-0.0364885496183206,-0.10685154975530176,-0.7770034843205575,-0.7770034843205575,-0.7872340425531914,-0.7872340425531914,-0.3605313092979127,-0.5333333333333333,0.9357142857142856,-6.6923076923076925,-0.10067796610169487,0.11887608069164245,-0.1565696302124311,-0.1454545454545454,-0.034965034965035,0.06470588235294117,0.11431316042267035,0.03684210526315801,-0.026241987179487225,-0.1178033658104518,-0.028037383177570097,0.006297534273119298
47,2005-10-31,-0.001887010436323,0.10699097217040963,-0.10693143499437996,-0.08477991320520772,0.10917445729678343,0.2160730593607305,7.5,7.5,7.9,7.799999999999999,-0.04451038575667654,-21.05494505494505,-0.4815498154981551,-7.304054054054054,0.7033546928006031,0.02318094011590488,-0.01539179104477606,0.020309477756286217,0.10869565217391307,0.060773480662983374,0.1728448275862069,0.03045685279187804,0.11129397243365567,0.06827309236947787,-0.04807692307692313,0.2095508592884993
48,2006-01-31,0.02423026468091672,0.031070971220597213,0.0010068803490519418,0.0008467400508043178,0.04400000000000004,-0.0435566236106939,0.10753676470588223,0.10753676470588223,0.1123595505617978,0.11363636363636355,4.512422360248447,-2.289315068493151,-0.007117437722419906,-1.4592711682743835,-0.18964372648816108,0.131529263687854,0.04452865940312645,0.08530805687203791,0.04248366013071903,0.02083333333333326,0.11135611907386987,0.03940886699507384,0.01925212884116978,0.14285714285714302,-0.0505050505050505,0.03020775292525668
49,2006-04-30,0.02765011677842244,0.05242515361485167,-0.023470243084660503,-0.0372250423011844,0.06937602627257801,-0.06736809045226133,-0.3535269709543568,-0.3535269709543568,-0.3434343434343434,-0.36734693877551017,-0.4332394366197183,-1.246068848278793,0.7849462365591398,-2.268378063010502,0.2971054068814856,0.11345939933259165,0.0208616780045352,0.057641921397379774,0.0658307210031348,0.06802721088435383,0.021825396825396748,0.0331753554502372,0.04050127134035586,0.07648026315789469,-0.021276595744680767,0.09310411435194133
50,2006-07-31,0.010483870967741948,-0.13881987577639754,-0.019055793991416325,-0.01107205623901586,0.03250159948816389,0.07711735982488642,0.2028241335044929,0.2028241335044929,0.1692307692307693,0.22580645161290325,-0.24254473161033802,-5.974093264248705,-0.12650602409638556,-3.3449862005519777,-0.5370526315789474,-0.02797202797202792,0.1799200355397601,0.2336911643270025,0.029411764705882467,-0.08917197452229307,-0.08478964401294486,0.0366972477064218,0.021818816547390485,0.20779220779220786,0.032608695652173836,-0.12917476585969245
51,2006-10-31,0.06116230138576517,0.1222502704652002,0.0287014350717536,0.04904922694153191,0.08414921303755117,0.14944505236829775,0.3212379935965848,0.3212379935965848,0.32894736842105265,0.3157894736842106,-0.5984251968503937,-0.9902777777777778,-0.42068965517241375,-1.0105923891722244,0.012278308321964635,0.031860226104830185,-0.01957831325301196,0.0066934404283802715,0.08285714285714296,0.003496503496503545,-0.17821782178217827,0.030973451327433787,0.021694567816877168,0.009487666034155628,-0.010526315789473715,0.06976461038961035
52,2007-01-31,0.2753999726514427,0.10167095115681236,0.6515821708063967,1.2661358631204471,0.02263374485596703,0.026519787841697173,-0.15105008077544424,-0.15105008077544424,-0.15841584158415845,-0.15000000000000002,4.5816993464052285,285.07142857142856,-27.21031746031746,10.592592592592592,0.1406109613656783,-0.0911354581673306,-0.08410138248847943,-0.12234042553191493,0.02110817941952514,-0.16027874564459932,-0.12349397590361433,0.03433476394849788,-0.19812740344423999,-0.07894736842105265,-0.04255319148936165,-0.5138282939413483
53,2007-04-30,-0.04819341696150958,-0.0462023101155058,0.01874742480428515,0.00695223144202739,-0.12083612787838136,-0.10413354531001597,-0.36822074215033307,-0.36822074215033307,-0.3529411764705882,-0.4117647058823529,-0.5468384074941453,-1.0671660424469414,-1.1586676760030281,-0.07667731629392971,0.11461205198897195,-0.03726027397260268,-0.029769392033543007,-0.09090909090909094,-0.12144702842377265,-0.058091286307053965,0.0014727540500734106,0.03319502074688807,-0.07631359466221865,-0.05714285714285705,-0.033333333333333326,-0.05282871634802977
54,2007-07-31,-0.058800337932976676,-0.13431192660550462,-0.12269969666329628,-0.2015590200445434,0.02155117609663071,0.09301981662230108,0.43524096385542177,0.43524096385542177,0.3999999999999999,0.54,0.6589147286821706,0.12267657992565062,1.78912213740458,-4.56401384083045,-0.3646643109540636,0.04723961297666457,0.004753673292999139,-0.03916666666666668,0.0205882352941178,0.1916299559471366,0.08774509803921582,0.03614457831325302,0.08532731376975189,-0.030303030303030387,-0.011494252873563204,0.0841983852364474
55,2007-10-31,0.06106756028962956,0.12703122792143562,0.03515242321212475,0.04425848442584845,0.08905345696683065,0.2087674198349343,0.3578174186778593,0.3578174186778593,0.36363636363636376,0.35064935064935066,-0.4579439252336449,-1.205298013245033,-0.8299692097160452,-1.1252427184466018,0.07174638487208007,0.057065217391304435,0.014623655913978515,-0.030355594102341787,0.089337175792507,0.0369685767097967,0.05362776025236582,0.03100775193798455,0.0264143094841931,-0.037946428571428485,0.0,0.07933130699088163
56,2008-01-31,-0.04362293094210866,-0.09484704112337006,-0.05528029839113735,-0.10284035259549462,-0.03165714285714283,-0.01790911126035366,-0.10355486862442044,-0.10355486862442044,-0.10476190476190483,-0.09615384615384626,1.863505747126437,-0.22580645161290325,3.929577464788732,-5.348837209302325,-0.2911261027503892,-0.057069408740359824,0.04196693514200933,0.05277280858676203,-0.007936507936507908,-0.13547237076648855,-0.06928999144567992,0.03383458646616533,0.012360688956433608,-0.011600928074245951,0.06976744186046524,0.008870740636440333
57,2008-04-30,0.003950937610567307,0.008380081723111001,-0.0100176782557454,-0.023421992854307242,0.0179393367166294,-0.1200136767722817,-0.1439655172413793,-0.1439655172413793,-0.12765957446808507,-0.1808510638297872,-0.31409934771700954,0.08333333333333326,-0.3918367346938776,-0.6827094474153298,-0.1288433382137628,-0.01526717557251911,0.05655004068348246,0.09260832625318603,0.016000000000000014,-0.006185567010309145,-0.04227941176470595,0.032727272727272716,0.014011208967173784,0.04929577464788727,0.04347826086956519,0.032588974180041815
58,2008-07-31,0.012892804698972029,0.02637362637362628,0.010654761904761887,0.04247967479674797,0.015072463768115885,0.023183525450071185,-0.11178247734138967,-0.11178247734138967,-0.1097560975609756,-0.051948051948051965,-0.2340892465252377,0.3653846153846154,-0.6483221476510067,-3.3202247191011236,0.3462184873949581,0.07641196013289052,-0.03658067000385068,-0.023328149300155587,0.015748031496062964,0.058091286307053736,-0.0062380038387716,0.031690140845070484,0.0021713383339911907,-0.031319910514541416,0.01041666666666674,-0.015476110022301759
59,2008-10-31,0.06718084026791149,0.1864293361884368,0.1004181636138759,0.1369662702281147,0.03495145631067964,0.18316455696202527,0.6235827664399094,0.6235827664399094,0.3013698630136985,0.2876712328767124,-0.8901623686723973,-0.014084507042253502,-4.574427480916031,3.0338983050847457,1.0399500624219726,-0.10082304526748977,0.02278177458033581,0.021496815286624168,0.03359173126614978,-0.11372549019607847,-0.09029454369869627,0.030716723549488067,-0.03013590703171176,0.01924557351809076,0.0,0.04352004393190545
60,2009-01-31,-0.0491224256914633,-0.1006768189509306,-0.09644615713979876,-0.3603704021263826,-0.00033108928374347984,-0.1611212153632181,-0.138268156424581,-0.138268156424581,-0.13684210526315788,-0.13829787234042545,18.713043478260868,-1.3857142857142857,-2.1740523224773094,-0.9525810324129652,0.024173806609547155,-0.1041189931350115,-0.00039077764751849214,0.008573655494933606,0.0049999999999998926,-0.1327433628318584,-0.13800424628450114,0.0331125827814569,0.051177904142973185,0.0453172205438066,-0.030927835051546393,0.4059992106301802
61,2009-04-30,-0.0070861192068117935,-0.012856694888679798,-0.01729652884729294,0.12064343163538882,0.002428792227864962,-0.12868256599923478,-0.35008103727714746,-0.35008103727714746,-0.3414634146341463,-0.3580246913580247,-0.3467137185707984,-3.6296296296296298,-0.4042746703046839,-0.3417721518987342,0.015835076187630692,-0.1123882503192848,-0.0539483971853012,-0.04636785162287471,0.002487562189054993,-0.11734693877551015,-0.12931034482758608,0.028846153846153744,0.009659969088098965,-0.015173410404624166,-0.03191489361702116,-0.11911668382146536
62,2009-07-31,-0.008863309352518,-0.021601016518424387,-0.01072935503315253,-0.02978468899521536,-0.007158590308370072,0.08006440281030436,0.513715710723192,0.513715710723192,0.5,0.5576923076923077,-0.2045914922349764,-0.4366197183098591,0.3564885496183205,-11.307692307692307,-0.15735294117647058,0.09712230215827344,0.06859504132231398,0.07617504051863855,0.004962779156327368,0.09248554913294793,0.13366336633663378,0.03115264797507788,0.001722158438576482,0.09391049156272936,-0.02197802197802201,0.008444869343530836
63,2009-10-31,0.040880320538877024,0.09376623376623372,0.042407994150621464,0.0723708543952657,0.03948973932334998,0.21005556308442874,0.21334431630971995,0.21334431630971995,0.2222222222222221,0.2222222222222221,-0.2538200339558574,-0.225,-0.5334833989870569,-1.0522388059701493,0.00977312390924956,0.049180327868852514,0.0,0.015813253012048056,0.04938271604938271,0.04497354497354511,-0.02807236431690585,0.03021148036253773,-0.0013371537726837301,0.022132796780684142,-0.011235955056179804,0.01990835835045024
64,2010-01-31,-0.046499302649930296,-0.08074091664687721,-0.10188216039279874,-0.21361232467233848,0.004055063493757283,-0.03494232276850706,-0.2674813306177868,-0.2674813306177868,-0.26262626262626265,-0.26262626262626265,1.4891922639362911,-0.16129032258064513,2.1423401688781665,-18.0,-0.16453508468717593,0.07624999999999993,-0.041763341067285416,-0.02742772424017781,0.0047058823529411145,0.025316455696202445,0.059050064184852376,0.029325513196480912,0.05298393267023704,-0.05643044619422567,0.03409090909090917,0.16896462690420866
65,2010-04-30,-0.010326770616973402,-0.013820718160681977,-0.031565245688252475,-0.20175438596491224,0.007014560527154767,-0.1487756759893234,-0.3290083410565339,-0.3290083410565339,-0.31506849315068497,-0.3287671232876712,-0.44926873857404026,2.0,-0.5550863723608446,-0.7983193277310925,-0.04013239553165082,0.058652729384436775,-0.02784503631961255,-0.009908536585366057,0.007025761124121789,0.05432098765432092,0.08666666666666667,0.028490028490028463,0.017620345140781257,-0.03198887343532697,0.0219780219780219,0.2354552281662765
66,2010-07-31,-0.00032515518770326324,0.01146037982973147,0.01814516129032251,0.11300366300366305,-0.014828496042216366,0.01554192229038853,0.5386740331491713,0.5386740331491713,0.52,0.5510204081632653,-0.1983402489626556,-1.2243589743589745,-0.4184641932700604,-4.041666666666666,0.12413793103448276,0.08118486012068016,-0.03030303030303028,-0.018475750577367056,-0.009302325581395321,0.07259953161592514,0.09202453987730053,0.027700831024930702,-0.0146376294180649,-0.024425287356321768,0.010752688172043001,-0.09121464583258844
67,2010-10-31,0.017209261066264636,0.038329556490773735,-0.033201320132013164,-0.10728978114201082,0.05811773528308972,0.2158679017317761,0.38240574506283664,0.38240574506283664,0.381578947368421,0.368421052631579,-0.1594202898550725,-3.2285714285714286,1.7270029673590503,-4.599315068493151,-0.4029907975460123,0.008625063419583913,0.001712328767123239,0.026666666666666616,0.06572769953051649,0.01965065502183405,0.02553626149131772,0.02695417789757415,0.04021739130434776,0.011045655375552244,0.010638297872340495,0.1630862448851118
68,2011-01-31,0.024069067759658225,0.051755315832138216,0.12596436130265576,-0.19336405529953915,-0.05148324389996961,0.06260351109638962,-0.08636363636363631,-0.08636363636363631,-0.07619047619047625,-0.07692307692307697,1.7302955665024633,0.6025641025641026,-0.5255712731229598,-2.1693625118934348,0.7893384714193963,0.11871227364185112,0.07478632478632474,0.06493506493506508,-0.052863436123348095,0.04925053533190593,0.10009960159362552,0.11548556430446187,-0.07366771159874608,0.04151493080844858,0.03157894736842115,0.30388011231013823
69,2011-04-30,0.05367736807743628,0.17151834943973432,0.0016977928692698536,0.6156307129798904,0.09942893739659486,-0.17809642560266006,0.17910447761194034,0.17910447761194034,0.1752577319587627,0.21875,-0.4248985115020297,-18.584,-0.22477064220183485,1.3433685923515049,1.0351758793969847,0.04136690647482033,0.16978131212723668,0.1678622668579628,0.10232558139534896,0.09999999999999988,-0.032141240380262566,0.0235294117647058,0.0434292160180485,0.17482517482517498,-0.010204081632653073,-0.2748806558738065
70,2011-07-31,0.010021551724137993,0.01801619433198387,0.016343825665859457,0.08472418670438464,0.004951456310679614,0.06232616940581547,-0.2881253767329717,-0.2881253767329717,-0.2894736842105262,-0.3076923076923076,-0.4980392156862745,-1.0623293903548678,-0.09615384615384616,-1.0506944444444444,-0.02557319223985888,-0.14896373056994816,-0.013936097892590094,-0.014127764127764062,0.010548523206751035,-0.2282003710575139,-0.29607109448082314,0.0252873563218392,-0.0050450450450451045,-0.015476190476190643,0.0,-0.06150488389566711
71,2011-10-31,-0.020164301717699784,-0.032809703718433066,-0.006908874329958348,-0.01851610379449731,-0.030914887450487868,0.20635487325955013,0.3336155800169347,0.3336155800169347,0.3580246913580247,0.3456790123456789,0.4296875,-0.05109489051094896,2.9852700490998365,10.808219178082194,-0.3120361990950227,0.008625063419583913,0.0020682523267838704,-0.009968847352024857,-0.01670146137787054,-0.002403846153846145,-0.004651162790697661,0.024663677130045025,-0.011046722202100678,-0.024183796856106388,0.010309278350515427,-0.014563476934807529
72,2012-01-31,0.0007621951219511924,0.0038548519736842923,-0.015413218183998987,-0.03600371994154372,0.014205961519290213,-0.053960737890894735,-0.1549206349206349,-0.1549206349206349,-0.1454545454545456,-0.14678899082568808,1.0349726775956285,0.0923076923076922,-0.7831622176591375,-1.665893271461717,0.30202578268876595,0.11871227364185112,-0.032335741314069584,-0.023285084959093868,0.014861995753715497,0.13734939759036124,0.10547396528704933,0.02407002188183793,0.013367515107123085,-0.012391573729863659,-0.010204081632653073,0.041357164964407334
73,2012-04-30,-0.05423784136655418,-0.10450053760688137,-0.1423524395443747,-0.4432194046306505,0.016857521993414167,-0.16475495307612098,-0.21637866265965444,-0.21637866265965444,-0.21276595744680848,-0.21505376344086025,-0.06390977443609025,0.908450704225352,4.768939393939394,-2.3658536585365857,-0.3170337441907456,0.04136690647482033,-0.1080696765019552,-0.09278350515463918,0.01464435146443499,0.02754237288135597,0.048913043478260976,0.02564102564102577,0.07535236718467653,-0.10978670012547044,0.020618556701030855,0.6083515993609987
74,2012-07-31,0.030486051193557632,0.05746140651801035,0.037642045454545414,0.17896039603960398,0.0256162397293378,0.09625468164794017,0.414189837008629,0.414189837008629,-0.06756756756756765,-0.0547945205479452,-0.4974182444061962,-0.35424354243542433,-0.8535784635587655,-1.1479591836734695,0.06952662721893499,0.3031088082901554,0.05061777600637707,0.06960227272727271,0.024742268041237248,0.2824742268041238,0.4640184225676454,0.02500000000000013,-0.00487313056629135,0.046511627906976605,0.02020202020202011,-0.10304444239120393
75,2012-10-31,0.061652246720625074,0.11111111111111116,0.02607802874743337,0.06214570648750795,0.08614514608859558,0.15453820749345182,0.17288135593220333,0.17288135593220333,0.17391304347826098,0.15942028985507273,-0.11986301369863014,0.22857142857142865,0.1210762331838564,-0.6982758620689655,0.019363762102351245,0.06328694499668662,-0.007587253414264028,0.0192563081009296,0.08651911468812899,0.038585209003215486,0.0,0.022357723577235863,0.02313407632556585,0.02895622895622885,-0.00990099009900991,0.04609719038912208
76,2013-01-31,0.007466021714556127,-0.00418491484184913,0.5432592889066774,0.595769915002965,-0.3410274210343631,0.01292168080489242,-0.08901734104046244,-0.08901734104046244,-0.0864197530864198,-0.08750000000000002,1.6264591439688716,-0.051162790697674376,2.326,1.6142857142857143,0.04966078697421983,0.027734496727952473,0.11123853211009173,0.032573289902280145,-0.3425925925925927,-0.05417956656346745,-0.0011797090051121062,0.023856858846918568,-0.34593167189305163,0.024869109947643908,0.010000000000000007,-0.3759631717584501
77,2013-04-30,-0.0538319025128513,-0.11014464425332292,-0.13637346012535126,-0.4140963706181098,0.07189886752699493,-0.15746421267893662,-0.28362944162436543,-0.28362944162436543,-0.28378378378378377,-0.273972602739726,-0.16148148148148145,0.8431372549019607,0.8947684906794948,-10.972677595628417,-0.4725956566701137,0.029411764705882467,0.07361541107671132,0.00441640378548902,0.07323943661971842,0.5646481178396072,-0.012204724409448751,0.4155339805825242,0.1329800656068636,-0.0025542784163472554,0.00990099009900991,0.5187581364156377
78,2013-07-31,0.016547159404302292,0.021965952773201455,0.011011011011011096,0.08879492600422823,0.023341523341523285,0.03559870550161803,0.2666076173604961,0.2666076173604961,0.2641509433962264,0.2452830188679245,-0.4522968197879858,-0.3351063829787234,-0.8381466201205966,-1.0712328767123287,0.06372549019607843,0.036524300441826085,0.05607177186799106,-0.014447236180904488,0.023622047244094446,-0.03347280334728031,0.01992825827022715,0.016460905349794164,0.0066815144766148036,-0.012163892445582691,0.0,-0.061378217616042015
79,2013-10-31,0.053174172544763865,0.09242342826437387,0.011881188118811892,0.05242718446601935,0.10324129651860736,0.2042410714285714,0.44055944055944063,0.44055944055944063,0.4477611940298507,0.4545454545454544,0.16129032258064524,0.3999999999999999,1.0,-2.9230769230769242,-0.11520737327188935,0.004262574595055524,0.13046116504854366,0.05098789037603546,0.10512820512820498,-0.01948051948051943,0.015631105900742348,0.017543859649122858,0.047566371681415864,0.03823720025923527,0.009803921568627416,0.03799535089661288
80,2014-01-31,0.028593508500772687,0.03443187407771764,0.029354207436399268,0.11439114391143912,0.027747551686615912,-0.000926784059314234,-0.14077669902912626,-0.14077669902912626,-0.14432989690721654,-0.14583333333333334,0.75,-0.17142857142857135,-0.4019607843137255,-4.8,0.4947916666666667,0.08149405772495744,-0.023081052066559304,0.02061855670103108,0.0278422273781902,-0.02097130242825617,0.021161985378991943,0.019893899204244114,-0.0008447729672649286,0.01810237203495624,0.0,-0.07174278173238435
81,2014-04-30,0.02754820936639124,0.03518782691393252,-0.015684410646387814,-0.07119205298013243,0.07570142932768653,-0.1716141001855288,-0.2485875706214689,-0.2485875706214689,-0.2650602409638554,-0.24390243902439024,0.3703703703703705,0.31034482758620685,0.21311475409836067,0.5789473684210527,0.5226480836236933,0.0902668759811618,-0.02472527472527475,0.0,0.0744920993227991,0.060879368658399276,0.05727204220045224,0.01820546163849146,0.04671316846332685,0.023911710606989708,-0.01941747572815533,0.11453845711988064
82,2014-07-31,0.021447721179624686,0.037666513550757896,0.031868662481892907,0.13547237076648844,0.010826771653543288,0.03135498320268758,0.1278195488721805,0.1278195488721805,0.14754098360655732,0.129032258064516,-0.5675675675675675,-0.1842105263157895,-0.2297297297297297,-0.8466666666666667,0.05263157894736836,0.10175185985121173,-0.039436619718309696,-0.0207961972667855,0.010504201680672232,0.02444208289054206,0.06949394155381339,0.019157088122605304,-0.01029886914378031,0.0041916167664668436,-0.029702970297029733,-0.08614647219502136
83,2014-10-31,0.01240753996659505,0.017706949977866367,0.014506317267197087,0.06436420722135018,0.010223953261927932,0.23235613463626506,0.3866666666666667,0.3866666666666667,0.4000000000000001,0.3857142857142857,-1.375,0.032258064516129004,1.526315789473684,-10.782608695652176,-0.4891304347826087,-0.044216946199085005,-0.026686217008797808,-0.019417475728155442,0.020790020790020902,-0.05394190871369309,-0.056647784071976126,0.01754385964912264,-0.0022444399102223844,-0.01073345259391767,-0.010204081632653073,-0.04382031976990109
84,2015-01-31,-0.019325948621258585,-0.03914745541539799,-0.02214022140221405,0.2684365781710913,-0.016385542168674716,-0.03700440528634363,-0.10576923076923073,-0.10576923076923073,-0.1020408163265306,-0.1030927835051546,-8.261904761904763,0.03125,0.7222222222222223,-1.0666666666666669,0.06382978723404252,0.04489516864175025,-0.005122024706236794,0.003712871287128827,-0.012219959266802529,0.024122807017543886,0.041681384669727935,0.01970443349753692,0.003067484662576669,0.009644364074743894,0.0,-0.2425019906219588
85,2015-04-30,0.007690459024273011,0.020371208691715603,0.0792452830188679,0.11395348837209295,-0.06663400293973543,-0.1335773101555352,-0.24731182795698925,-0.24731182795698925,-0.23863636363636365,-0.2298850574712643,-0.2360655737704917,-0.12121212121212124,-0.6693548387096775,7.0,0.48,-0.014830970556161338,0.02604482132041186,0.004932182490752224,-0.051546391752577365,-0.003211991434689421,-0.030518819938962324,0.018115942028985588,-0.07380224260958212,-0.0029850746268657025,0.010309278350515427,-0.08401463832437918
86,2015-07-31,0.03362747436203195,0.051907719609582965,0.14816433566433562,-0.13048016701461373,-0.10393700787401572,-0.0496304118268216,0.11428571428571432,0.11428571428571432,0.11940298507462675,0.11940298507462675,-0.369098712446352,0.3448275862068966,-1.2560975609756098,0.03333333333333344,0.33513513513513504,0.0989594863847687,0.054014167650531235,0.0,-0.10217391304347824,0.1589688506981739,0.08184679958027274,0.018979833926453082,-0.13295179396874313,0.01377245508982039,-0.020408163265306145,0.2097500850051004
87,2015-10-31,-0.0034610059990770607,-0.009700548291859956,0.11077274457556152,0.3565426170468187,-0.17926186291739898,0.21777777777777785,0.28205128205128216,0.28205128205128216,0.30666666666666664,0.2933333333333332,-0.9047619047619048,-0.3076923076923077,-14.571428571428573,-3.411290322580645,-0.6052631578947368,0.03565672844480239,0.08288994679361528,-0.015950920245398903,-0.15738498789346245,0.15384615384615394,0.019721952796637462,0.0186263096623982,-0.17644072099517638,-0.0017720023626698336,-0.01041666666666663,-0.2699645153356989
88,2016-01-31,0.0032414910858995505,0.02427597955706995,-0.0006854009595613776,-0.02654867256637173,0.01142041399000715,-0.011861313868613109,-0.05000000000000005,-0.05000000000000005,-0.04081632653061229,-0.030927835051546393,19.5,-0.11111111111111116,-0.5228070175438597,-1.4080267558528428,0.6256410256410256,-0.039291966543474,0.10343935867597633,-0.0043640897755609104,0.01724137931034475,0.1397590361445784,-0.039315155358275115,0.01942857142857135,0.008014796547472171,0.008284023668639007,-0.010526315789473715,0.05221617979691029
89,2016-04-30,-0.03461804754211861,-0.07151767151767152,-0.10116598079561047,-0.2809090909090909,0.10232886379675367,-0.1394275161588181,1.7421052631578946,1.7421052631578946,1.7872340425531918,1.7553191489361701,-0.735191637630662,-22.79166666666667,3.852941176470588,-1.4426229508196722,-0.17034700315457418,0.07633124114193146,0.6433091164752753,0.5566687539135877,0.12146892655367235,0.05849189570119795,0.05379537953795377,0.01905829596412545,0.14189602446483174,0.5610328638497655,-0.010638297872340273,0.29116355653128445
90,2016-07-31,0.13674396366244326,0.14688759516345715,0.3067531476535674,0.10493046776232616,-0.14852752880921893,-0.08154506437768239,-0.7236084452975048,-0.7236084452975048,-0.8587786259541985,-0.8610038610038611,0.6842105263157894,-1.6195028680688337,-1.603030303030303,-4.62962962962963,0.7452471482889733,-0.01185101580135428,0.05405019965772962,-0.034995977473853516,-0.1435768261964736,-0.11917443408788275,-0.3733166301284059,0.018701870187018743,-0.2509373326191752,-0.0003759398496240297,-0.03225806451612912,0.037973786751682725
91,2016-10-31,-0.007360672975814886,-0.012104646622413172,0.003503649635036465,0.034324942791762014,-0.03533834586466167,0.23247663551401865,0.3680555555555556,0.3680555555555556,0.3783783783783785,0.3888888888888888,-0.6796875,-0.9382716049382716,-1.6557788944723617,-2.26530612244898,-0.5403050108932461,-0.0342661336379213,0.018130158300635912,-0.025010421008753614,-0.02058823529411757,0.127739984882842,-0.028485757121439307,0.018358531317494545,-0.028244547729710526,0.007897705904475359,-0.033333333333333326,-0.04487748276568149
92,2017-01-31,-0.02542372881355936,-0.06047430830039524,-0.006109979633401208,0.25,-0.07716289945440369,0.0037914691943128354,-0.07614213197969544,-0.07614213197969544,-0.07843137254901966,-0.06000000000000005,5.7317073170731705,0.8,-0.049808429118773916,-0.9435483870967742,-0.06635071090047395,-0.06426177804060706,0.03548172757475099,-0.022231722958529376,-0.07507507507507505,-0.0442359249329759,-0.06995884773662564,0.019088016967126142,-0.05298013245033106,-0.0014925373134329067,-0.02298850574712641,-0.24840104334155155
93,2017-04-30,0.005434782608695564,-0.010938157341186416,-0.047131147540983576,-0.1415929203539823,0.15709459459459452,-0.16241737488196414,-0.19780219780219774,-0.19780219780219774,-0.21276595744680848,-0.1914893617021276,-0.2971014492753623,0.16666666666666674,-0.2983870967741935,0.0714285714285714,-0.07614213197969544,0.015378133558036744,-0.33534394250513344,-0.3742894621775251,0.15909090909090895,0.0974754558204769,0.015486725663716784,0.01873048907388131,0.15073815073815067,-0.3516442451420031,-0.02352941176470591,0.1522224863323034
94,2017-07-31,0.03827027027027019,0.06465333900467883,0.039016897081413315,0.12268041237113406,0.03649635036496357,0.04735062006764368,0.2191780821917808,0.2191780821917808,0.2432432432432432,0.21052631578947367,-0.4742268041237113,-0.33333333333333337,-0.8218390804597702,-4.733333333333333,0.3076923076923077,0.11991701244813258,0.03282486966595877,0.04821802935010466,0.03641456582633063,-0.033865814696485634,0.7194989106753813,0.01838610827374887,-0.0016880486158001866,0.03112391930835745,0.012048192771084263,-0.051697817386640366
95,2017-10-31,0.03665139525197825,0.06312425089892137,-0.015079834417504491,-0.033976124885215835,0.15985915492957736,0.2551130247578042,0.3426966292134832,0.3426966292134832,0.3478260869565217,0.3478260869565217,0.0980392156862746,0.3214285714285714,2.096774193548387,-1.4642857142857144,-0.10924369747899154,-0.0005557613931084227,-0.00878668910076652,0.04533333333333345,0.1594594594594594,-0.0357142857142857,-0.05574912891986072,0.01905717151454356,0.11903956712884688,0.030743432084963777,0.011904761904761862,0.10054820744865987
96,2018-01-31,0.012856568903173882,-0.007515971439308489,0.1531071750225157,0.4125475285171103,-0.2707953855494839,-0.00857632933104635,-0.20502092050209209,-0.20502092050209209,-0.3709677419354839,-0.3709677419354839,2.107142857142857,-0.027027027027026973,1.6354166666666663,-3.8846153846153846,0.3537735849056605,0.15088044485634855,0.007544322897020006,-0.01211734693877542,-0.4172494172494172,-0.007544581618655677,0.0791680644079169,0.014763779527559029,-0.2801450589301905,-0.013015184381778844,0.0,-0.2973710219410951
97,2018-04-30,-0.013090043633478763,-0.03256342294585378,-0.047123145014319134,-0.4475100942126514,0.09575353871773527,-0.17820069204152245,-0.42105263157894735,-0.42105263157894735,-0.5641025641025641,-0.5897435897435898,-0.7988505747126436,-0.25,-0.6600790513833992,-1.64,-0.16724738675958184,-0.02754066677403766,-0.03856233620366911,-0.06455777921239514,0.09600000000000007,0.6689702833448512,0.014609884986011682,0.10475266731328814,0.11041141897565088,-0.06208791208791209,0.0,0.7510268384628367
98,2018-07-31,0.009847266881028991,0.02661448140900191,-0.0008196721311475308,0.057247259439707765,0.03951367781155013,-0.2389473684210527,0.8181818181818181,0.8181818181818181,1.4705882352941173,1.5625,0.8,-0.07407407407407407,0.4186046511627908,-0.4166666666666666,-0.11715481171548114,-0.13315667439549514,0.04030373831775713,0.01863354037267096,0.03649635036496335,-0.2091097308488612,-0.016237745098039214,0.014047410008779735,0.029111531190926243,0.08377270064440534,-0.058823529411764615,-0.02898364448443169
99,2018-10-31,0.02467661691542289,0.04574914220358362,-0.0013672409078480108,0.031105990783410142,0.0942982456140351,0.26417704011065,0.2450000000000001,0.2450000000000001,0.2380952380952381,0.2682926829268293,0.15873015873015886,0.28,-0.008196721311475419,-0.3571428571428571,-0.08530805687203791,-0.03821169277799008,0.04192401272693247,0.005420054200542035,0.10563380281690148,-0.07172774869109955,-0.007785736530675823,0.013852813852813785,0.0679647318148422,0.08162162162162168,-0.07500000000000008,0.014196366524372063
100,2019-01-31,0.002718974558166609,0.0043747721472839896,0.004928806133625453,0.0,-0.0026720106880427927,0.2647702407002188,-0.08835341365461846,-0.08835341365461846,-0.09615384615384626,-0.09615384615384626,1.0890410958904109,-0.09375,0.7768595041322315,-4.722222222222221,0.3471502590673574,-0.06595152959872863,-0.004670379019220293,0.04312668463611846,-0.003184713375796289,-0.15566835871404394,-0.0028248587570621764,0.01451750640478222,-0.00515995872033026,0.0494752623688155,0.0,0.004372226572696425
101,2019-04-30,-0.004648460197559601,-0.01306715063520869,-0.048501362397820214,-0.21452513966480447,0.1031480241125251,-0.07958477508650519,-0.2995594713656388,-0.2995594713656388,-0.2978723404255318,-0.2978723404255318,-0.26885245901639343,0.13793103448275867,-0.3441860465116279,-0.29850746268656714,0.1807692307692308,0.05465759251382396,0.0037899296155927686,0.053617571059431546,0.1022364217252396,0.058116232464929814,0.0006295247088448086,0.014309764309764272,0.10822959889349937,0.03095238095238106,0.0135135135135136,0.2564810603599508
