Unnamed: 0,Quarter end,Assets,Current Assets,Liabilities,Current Liabilities,Shareholders equity,Revenue,Earnings,Earnings available for common stockholders,EPS basic,EPS diluted,Cash from operating activities,Cash from investing activities,Cash from financing activities,Cash change during period,Cash at end of period,Price,ROE,ROA,Book value of equity per share,P/B ratio,P/E ratio,Cumulative dividends per share,Equity to assets ratio,Net margin,Asset turnover,Current ratio
0,1993-12-31,0.05329206057056801,0.10553326490622372,0.04810449187639376,0.10324146794231036,0.06320789185239306,0.0,0.0,0.0,0.0,0.0,1.191011235955056,-0.3486430062630481,-3.691666666666667,2.136363636363636,0.22768434670116425,0.09519725557461413,-0.009262832883056736,-0.07349896480331275,-0.06872852233676985,-0.0182648401826484,0.0,0.92,0.009315866084425029,0.0,0.01666666666666661,0.0020910932496895906
1,1994-04-03,0.05329206057056801,0.10553326490622372,0.04810449187639376,0.10324146794231036,0.06320789185239306,0.0,0.0,0.0,0.0,0.0,1.191011235955056,-0.3486430062630481,-3.691666666666667,2.136363636363636,0.22768434670116425,0.09519725557461413,-0.009262832883056736,-0.07349896480331275,-0.06872852233676985,-0.0182648401826484,0.0,0.92,0.009315866084425029,0.0,0.01666666666666661,0.0020910932496895906
2,1994-07-03,0.03709293089753762,0.07840985820391633,0.009969604863221848,0.016438001553197086,0.0882016036655211,0.09616084425036386,0.2124542124542124,0.2124542124542124,0.17037037037037028,0.17037037037037028,1.191011235955056,-0.3486430062630481,-3.691666666666667,2.136363636363636,0.5816649104320337,-0.08770555990602967,-0.009262832883056736,-0.07349896480331275,0.053505535055350606,-0.0182648401826484,0.0,0.5,0.04932218055956161,0.0,0.01666666666666661,0.06097163351809565
3,1994-10-02,0.038523397411350135,0.05423808405729047,0.02497893342963775,0.05946771934292627,0.06221052631578949,-0.04099925305004559,-0.06495468277945615,-0.06495468277945615,-0.06329113924050632,-0.06329113924050632,-0.4598290598290599,1.0288461538461535,-1.5448916408668731,-0.6829710144927537,0.11658894070619595,-0.12274678111587978,-0.009262832883056736,-0.07349896480331275,0.05954465849387036,-0.16744186046511622,0.0,0.44444444444444464,0.02281473336998352,0.0,0.01666666666666661,-0.00491702519975401
4,1994-12-31,-0.0021017699115044586,-0.03652561247216035,-0.04063656116037352,0.00961538461538458,0.06292736101476559,0.10566854175681528,0.1340872374798061,0.1340872374798061,0.08108108108108114,0.07432432432432434,1.2484177215189876,0.8751974723538705,-3.664772727272727,-2.182857142857143,-0.12350835322195708,0.038160469667318786,-0.009262832883056736,-0.07349896480331275,0.06611570247933883,-0.02234636871508377,0.0,0.4615384615384615,0.06503628056973931,0.0,0.01666666666666661,-0.04570722668313777
5,1995-04-02,0.03794849055906591,0.07489597780859912,0.044255371243190345,0.07738095238095233,0.028342345702032427,0.04414527238572319,-0.04558404558404562,-0.04558404558404562,0.018749999999999826,0.0,-0.7325826882477129,-0.6967144060657119,0.1727078891257996,1.5120772946859904,-0.3533015656909462,0.041470311027332896,-0.009262832883056736,-0.07349896480331275,0.04806201550387601,-0.02285714285714291,0.0,0.3157894736842106,-0.009084027252081685,0.0,0.01666666666666661,-0.002330097087378525
6,1995-07-02,0.024919900320398813,0.01577060931899643,0.018171160609613102,0.029834254143646488,0.035358114233907445,0.020239880059969902,0.029850746268656806,0.029850746268656806,0.036809815950920255,0.0,2.3157894736842106,1.5555555555555554,-0.34545454545454546,-0.9615384615384616,-0.02105263157894733,0.02805429864253384,-0.03428126217374361,-0.07349896480331275,0.04289940828402372,-0.017543859649122858,-0.01763907734056991,0.24,0.01018589253883362,-0.020599250936329642,0.010928961748633892,-0.013623978201634971
7,1995-10-01,-0.0003473428273705892,-0.038108680310515175,-0.010362694300518172,-0.012875536480686732,0.0148861646234677,-0.10433504775900072,-0.33333333333333337,-0.33333333333333337,-0.3254437869822485,0.0,-0.6666666666666667,-0.07608695652173914,-1.75,7.0,-0.17204301075268813,-0.07746478873239426,-0.09116579265833002,-0.07349896480331275,0.025531914893617055,-0.11309523809523805,-0.09392265193370176,0.22580645161290325,0.015124779430299997,-0.07074569789674956,-0.005405405405405461,-0.025585372270455098
8,1995-12-31,0.06184850590687985,0.018341892883345645,0.08958696916812102,0.14456521739130435,0.02070750647109576,0.091878589007383,-0.08695652173913049,-0.08695652173913049,-0.07017543859649111,0.0,3.761904761904762,0.8823529411764706,-3.111111111111111,0.0625,-0.22077922077922074,-0.1202290076335878,-0.13315579227696406,-0.13854748603351952,0.017980636237897585,-0.14093959731543626,-0.07012195121951215,0.1578947368421053,-0.03873851502359072,-0.12139917695473244,-0.016304347826086918,-0.11029362132973344
9,1996-03-31,0.02617801047120416,0.09221902017291073,0.02829684997330495,-0.05603038936372273,0.022823330515638236,-0.01126972201352372,0.16666666666666674,0.16666666666666674,0.141509433962264,0.0,-0.875,-1.075,-2.0,-6.470588235294117,1.5499999999999998,0.04989154013015185,-0.1013824884792628,-0.10505836575875482,0.024456521739130373,0.03125,0.14918032786885238,0.13636363636363644,-0.0033583053474555147,-0.07728337236533966,-0.033149171270718265,0.15712009710947572
10,1996-06-30,0.04272959183673475,0.09300791556728227,0.060747663551401924,0.05130784708249503,0.014049586776859524,0.0,-0.1020408163265306,-0.1020408163265306,-0.09090909090909084,0.0,0.08000000000000007,-2.666666666666667,-0.8596491228070176,-0.8279569892473118,0.10457516339869287,0.13636363636363644,-0.1367521367521367,-0.14927536231884064,0.0251989389920424,0.10606060606060597,0.2310984308131243,0.1200000000000001,-0.027475375842405336,-0.1142131979695431,-0.040000000000000036,0.039601363755572994
11,1996-09-29,0.009480122324158955,-0.005431502715751324,0.0034263338228095463,-0.0009569377990430448,0.019559902200489088,-0.03951367781155013,-0.40909090909090906,-0.40909090909090906,-0.3909090909090909,0.0,-1.2222222222222223,2.0,-4.125,-6.625,-0.5325443786982249,-0.1045454545454546,-0.12739273927392725,-0.13969335604770014,0.02457956015523921,-0.13013698630136986,0.012746234067207318,0.125,0.010127931769722931,-0.11747851002865327,-0.02380952380952384,-0.004477800201816318
12,1996-12-31,0.020599818236897827,-0.05764563106796116,0.0034146341463414664,-0.022030651340996132,0.048760991207034365,0.076740506329114,0.5769230769230769,0.5769230769230769,0.5522388059701493,0.0,-25.5,2.183333333333333,-3.8,-1.3222222222222222,0.3670886075949367,0.10050761421319797,-0.03177004538577921,-0.03168316831683171,-0.011363636363636357,0.07874015748031504,0.2276887871853548,0.09523809523809512,0.027440633245382703,-0.012987012987012991,-0.018292682926829174,-0.03636363636363649
13,1997-03-30,0.028791926387652163,0.04443013522215078,0.06708799222168205,-0.0372184133202742,-0.03125,-0.041880969875091816,0.0,0.0,0.01923076923076916,0.0,-0.7959183673469388,-0.4973821989528796,-0.4285714285714286,-1.9310344827586208,-0.25,0.1512915129151291,-0.06171875000000005,-0.07157464212678932,-0.03320561941251598,0.16058394160583944,0.1575023299161229,0.0869565217391306,-0.05829481253210068,-0.04605263157894735,-0.031055900621118068,0.08480704753139179
14,1997-06-29,0.05510675129832654,0.07891491985203447,0.0633257403189067,0.13326551373346907,0.040912667191188135,0.07055214723926384,0.29268292682926833,0.29268292682926833,0.3113207547169809,0.0,0.2333333333333334,-0.7708333333333334,-0.625,-2.1111111111111107,0.3703703703703705,0.20753205128205127,0.03996669442131552,0.028634361233480062,0.04095112285336855,0.2515723270440251,0.25442834138486314,0.09333333333333327,-0.013362421598036578,0.04137931034482767,-0.012820512820512886,-0.047997091085388736
15,1997-09-28,0.006015859994531025,-0.023428571428571462,0.0012853470437017571,-0.06552962298025132,0.014361300075585781,-0.021489971346704828,0.018867924528301886,0.018867924528301886,0.007194244604316501,0.0,-0.5945945945945945,4.0,2.0,-2.666666666666667,-0.4504504504504504,0.2514930325149303,0.15372297838270632,0.1413276231263383,0.016497461928933976,0.20100502512562807,0.16367137355584085,0.08536585365853666,0.008291873963515828,0.15231788079470188,-0.006493506493506551,0.04506970526449794
16,1997-12-31,0.02337591736885014,0.0005851375073142595,-0.02011125374411637,0.01344860710854956,0.05961251862891204,0.1412884333821376,0.18518518518518512,0.18518518518518512,0.30000000000000004,0.0,6.866666666666666,0.1454545454545455,-1.0888888888888888,-0.76,-0.19672131147540986,-0.08642629904559906,0.09854267869535027,0.09193245778611624,0.0536828963795255,-0.10041841004184104,-0.22283507997793706,0.0674157303370786,0.03536184210526305,0.08333333333333326,0.006535947712418277,-0.012669793506730807
17,1998-03-29,0.1941567065073042,0.14152046783625738,0.32401746724890823,0.05118483412322283,-0.00914205344585095,-0.03784477228992944,-0.890625,-0.890625,-0.9010989010989012,-0.8867924528301887,-0.8220338983050848,3.396825396825397,-134.0,-0.9166666666666666,-0.020408163265306145,-0.1746952988972722,-0.18193303853442824,-0.21649484536082475,-0.0082938388625593,-0.2186046511627907,-0.28814762242725345,0.0736842105263158,-0.1702409319565792,-0.18832891246684347,-0.032467532467532534,0.08587821580603361
18,1998-06-28,0.007117437722419906,0.014856557377049162,0.0036279683377309357,0.015329125338142456,0.012065294535131388,0.09000000000000008,6.571428571428571,6.571428571428571,6.722222222222222,6.666666666666666,1.619047619047619,-0.8790613718411553,-0.9906015037593984,7.0,-0.16666666666666666,-0.06329113924050632,-0.01776061776061777,-0.05263157894736836,0.011947431302270273,-0.053571428571428485,0.1086739780658026,0.06862745098039214,0.004786215698787455,-0.039215686274509776,-0.013422818791946293,-0.0004545196295664411
19,1998-09-27,0.0,-0.007067137809187329,0.042063752875451936,0.0497335701598578,-0.08976157082748948,-0.06727828746177368,-3.0754716981132075,-3.0754716981132075,-3.0575539568345325,-3.072463768115942,0.6000000000000001,-0.08955223880597019,-1.8,-3.875,0.575,-0.19294294294294295,-0.9205974842767296,-0.9259259259259259,-0.08618654073199528,-0.2012578616352202,-0.1906474820143884,0.06422018348623837,-0.08955223880597019,-0.9217687074829932,-0.020408163265306145,-0.05411243108054353
20,1998-12-31,0.003091872791519457,-0.0462633451957295,0.011668243456322893,-0.09390862944162437,-0.02003081664098616,0.05311475409836075,-1.2636363636363637,-1.2636363636363637,-1.3146853146853146,-1.3146853146853146,0.21590909090909088,0.14754098360655732,14.5,-2.0869565217391304,-0.3968253968253969,-0.1953488372093023,-2.5346534653465347,-2.4375,-0.021963824289405687,-0.11811023622047236,6.3933333333333335,0.06034482758620685,-0.023020579002441588,0.0,-0.03472222222222221,0.05258097470103973
21,1999-03-28,0.03280493174812848,0.07835820895522394,0.03771820448877805,0.03921568627450989,0.018081761006289332,-0.06288916562889169,-0.1724137931034483,-0.1724137931034483,-0.30000000000000004,-0.30000000000000004,-0.7009345794392523,-0.3428571428571429,-1.3387096774193548,-1.28,0.18421052631578932,0.11676300578034685,-0.8064516129032258,-0.8043478260869565,0.013210039630118908,0.1428571428571428,0.0,0.05691056910569104,-0.014280614066404906,0.0,-0.014388489208632891,0.037679835578899416
22,1999-06-27,0.01684075890002124,0.045971329708353936,0.012916791829378216,0.11949685534591192,0.024710424710424617,0.10764119601328903,1.4166666666666663,1.4166666666666663,1.3968253968253967,1.380952380952381,3.71875,-0.0217391304347826,-5.0,2.142857142857143,0.4888888888888889,0.2194616977225672,-1.2666666666666666,-1.2222222222222223,0.0325945241199479,0.203125,13.162909528103395,0.05384615384615389,0.007605939876856205,-0.9130434782608696,-0.007299270072992692,-0.06569102112676062
23,1999-09-26,0.02264150943396226,0.059546313799621935,0.027283511269276417,0.0393258426966292,0.01130369253956287,-0.02159568086382724,-0.08620689655172409,-0.08620689655172409,-0.0927152317880794,-0.09999999999999998,-1.086092715231788,-0.2444444444444445,-1.4761904761904765,-1.318181818181818,-0.10447761194029848,0.2054329371816639,155.625,172.5,0.02272727272727271,0.16233766233766225,-0.6454584040747029,0.05109489051094873,-0.011143062544931692,127.0,0.0,0.019491226004004325
24,1999-12-31,-0.03710537105371059,-0.02765388046387152,-0.07794457274826794,0.014671814671814776,0.0648286140089418,0.12568976088289396,-0.5283018867924528,-0.5283018867924528,-0.489051094890511,-0.4814814814814815,-11.538461538461535,0.2058823529411764,-3.05,-3.0,0.2333333333333334,-0.1929577464788731,-0.052673583399840296,-0.03170028818443815,0.06296296296296289,-0.2122905027932962,-0.9686639530707528,0.04861111111111116,0.10577971646673934,-0.05859375,0.02941176470588225,-0.04170276670709872
25,2000-03-26,0.04641260378965306,0.07798165137614688,0.062304320601127124,0.04414003044140037,0.01049685094471653,-0.10239651416122007,0.6799999999999999,0.6799999999999999,0.5571428571428574,0.5571428571428574,-0.9343065693430656,0.8780487804878048,-1.7560975609756098,-1.4285714285714286,-0.08108108108108103,-0.1195462478184992,0.08256107834877846,0.10119047619047628,0.010452961672473782,-0.17021276595744686,-0.0773638968481376,0.05298013245033117,-0.03418803418803429,0.08713692946058105,0.007142857142857118,0.03236694593454281
26,2000-06-25,-0.004476093591047836,-0.00936170212765952,-0.01178897730621864,-0.04518950437317781,0.011772853185595622,0.07342233009708732,0.4523809523809523,0.4523809523809523,0.4862385321100917,0.4862385321100917,4.5555555555555545,-0.1948051948051948,-0.6935483870967742,-2.166666666666667,0.08823529411764698,-0.15064420218037655,-0.007003891050583744,0.010810810810810922,0.011494252873563315,-0.15384615384615385,-0.2349896480331264,0.04402515723270439,0.016337644656228667,0.003816793893129722,0.007092198581560183,0.037540868752919065
27,2000-09-24,-0.0038830983036991507,-0.02061855670103097,-0.0017894422904861649,-0.05954198473282446,-0.001368925393566034,-0.11136235161107966,-0.5901639344262295,-0.5901639344262295,-0.5925925925925926,-0.5925925925925926,-0.7,0.596774193548387,4.526315789473684,1.8571428571428568,0.2702702702702702,-0.0641773628938157,-0.17241379310344818,-0.15508021390374327,-0.001136363636363824,-0.08080808080808077,-0.08795669824086594,0.04819277108433751,0.002344273275284748,-0.14828897338403044,-0.007042253521126751,0.0413595183163582
28,2000-12-31,-0.0767336889618383,-0.19736842105263155,-0.07618763071407231,-0.007305194805194759,-0.08430431802604521,0.02290076335877856,-5.8,-5.8,-5.53030303030303,-5.53030303030303,19.933333333333334,-0.2525252525252525,-3.5904761904761906,-2.6,-0.3404255319148937,0.043640897755610863,-0.946969696969697,-0.9462025316455696,-0.0819112627986347,0.0439560439560438,0.22106824925816013,0.04022988505747138,-0.008018710324089628,-0.9464285714285714,-0.021276595744680882,-0.19145142116070468
29,2001-03-25,0.02111111111111108,0.041530054644808745,0.04948253557567917,-0.055600981193785766,-0.04790419161676651,-0.1610696517412935,-0.7833333333333333,-0.7833333333333333,-0.7725752508361204,-0.7725752508361204,-0.8630573248407644,0.12162162162162173,-1.2647058823529411,-2.0,0.5161290322580645,0.1600955794504184,-8.75,-8.470588235294116,-0.04337050805452304,0.26315789473684204,11.419198055893073,0.0441988950276242,-0.06769956214213546,0.0,-0.02898550724637672,0.10285370580765883
30,2001-06-24,-0.031120783460282905,0.018887722980063026,-0.014175654853620934,-0.004329004329004293,-0.0794025157232704,0.08302446256486284,2.1538461538461537,2.1538461538461537,2.1470588235294117,2.1470588235294117,-0.6744186046511628,-1.783132530120482,-1.9444444444444444,-0.65625,0.1063829787234043,0.0463439752832131,2.5714285714285707,2.4724409448818903,-0.08160621761658028,0.10000000000000007,0.0,0.03703703703703698,-0.04985549132947964,0.0,-0.029850746268656688,0.023330505393285742
31,2001-09-23,-0.005390835579514808,0.006694129763130885,-0.01062832135042202,-0.02869565217391301,0.009393680614859123,-0.036276522929500336,-1.0365853658536586,-1.0365853658536586,-1.0373831775700937,-1.0373831775700937,-1.0,-1.1076923076923078,-1.2647058823529411,0.0,0.10576923076923084,-0.12007874015748032,0.17032258064516134,0.1360544217687074,0.008462623413258097,-0.045454545454545525,0.0,0.04081632653061229,0.014828897338403204,0.0,0.0,0.036418546811156416
32,2001-12-31,-0.021002710027100302,-0.16368286445012792,0.01958925750394936,-0.13160250671441365,-0.1328257191201354,0.0390625,0.0,0.0,0.0,0.0,inf,7.7142857142857135,-3.7222222222222223,-3.0909090909090917,-0.2,-0.015659955257270597,-0.5165380374862183,-0.5429141716566865,-0.13286713286713292,-0.02380952380952384,0.0,0.03431372549019596,-0.11427500936680413,0.0,-0.015384615384615441,-0.03691006742086622
33,2002-03-31,0.012918108419838429,0.06544342507645262,0.02819956616052055,0.2268041237113403,-0.03609756097560979,-0.08885850991114153,-10.666666666666666,-10.666666666666666,-10.375,-10.375,-1.4942528735632183,-0.639344262295082,-2.3673469387755097,-1.0434782608695652,0.010869565217391351,0.17840909090909074,0.09692132269099196,0.04366812227074246,-0.03709677419354851,0.3577235772357723,0.0,0.03791469194312791,-0.048223350253807085,0.0,0.0078125,-0.1315258661604176
34,2002-06-30,0.03233887497153276,0.0826636050516647,0.030741410488245968,0.08403361344537807,0.03846153846153855,0.09377344336084016,-1.4482758620689655,-1.4482758620689655,-1.44,-1.44,-2.5581395348837206,-0.3636363636363637,-1.7014925373134329,7.0,0.08602150537634401,-0.02507232401157177,-0.9012474012474012,-0.9037656903765692,0.04020100502512558,0.011976047904191713,0.0,0.03196347031963453,0.00577777777777766,0.0,-0.007751937984496138,-0.001297902862217426
35,2002-09-29,0.01897198323406135,0.0768822905620361,0.017251461988304184,0.04728682170542632,0.02534113060428856,0.13031550068587114,2.0,2.0,2.121212121212121,1.9090909090909087,-0.8805970149253731,-1.1428571428571428,-0.8085106382978724,-1.0,0.0,-0.3006923837784371,-3.673684210526316,-3.5217391304347823,0.020933977455716686,-0.3254437869822485,0.0,0.03539823008849563,0.006628369421122438,2.6666666666666674,0.03125,0.02824897400820792
36,2002-12-31,0.04719636284910145,-0.024126046282619384,0.1221615406726071,-0.016284233900814238,-0.2005703422053232,-0.14199029126213591,0.5128205128205128,0.5128205128205128,0.4757281553398058,0.6562500000000002,19.125,-60.0,-14.333333333333336,inf,1.217821782178218,-0.09618104667609627,2.3070866141732287,2.0689655172413794,-0.2003154574132492,-0.11403508771929816,-0.5966148126406419,0.02991452991453003,-0.2366110623353819,2.1818181818181817,-0.03787878787878796,-0.007982438635003029
37,2003-03-30,-0.010130246020260471,-0.01160443995963678,-0.002817622950819665,-0.06696764484574869,-0.049940546967895405,-0.019094766619519143,-1.5254237288135593,-1.5254237288135593,-1.5197368421052633,-1.4968553459119498,-1.484472049689441,-0.7796610169491526,-1.4583333333333333,-1.9575757575757573,-0.7053571428571428,0.010954616588419341,0.024999999999999908,-0.04494382022471899,-0.05128205128205143,0.25742574257425743,-0.7057967499393645,0.03319502074688807,-0.040253018976423305,-0.0357142857142857,-0.007874015748031482,0.05934419633876487
38,2003-06-29,0.020258980785296643,0.04134762633996947,0.014127921911122552,0.06612903225806455,0.058823529411764726,0.1095890410958904,-1.4516129032258065,-1.4516129032258065,-1.4303797468354431,-1.4303797468354431,-1.5256410256410255,-1.0,-0.09090909090909094,-0.9556962025316456,-0.10606060606060608,0.28328173374613,0.06387921022067378,-0.005882352941176672,0.06029106029106024,0.35433070866141736,0.3083264633140972,0.02811244979919669,0.037747153984421855,0.0,-0.007936507936507908,-0.02323078870743145
39,2003-09-28,0.020675537359263085,0.04166666666666674,0.012664640324214773,0.0181543116490166,0.05555555555555558,0.06172839506172845,0.7142857142857142,0.7142857142857142,0.8235294117647058,0.7647058823529409,0.2195121951219512,-inf,-1.62,-4.0,0.35593220338983045,0.2907117008443909,-0.1473799126637554,-0.20118343195266264,0.03529411764705892,0.2209302325581397,0.2841839949590421,0.03125,0.03406466512702089,-0.18518518518518529,-0.016000000000000014,0.023135247229602696
40,2003-12-31,0.02807862013638185,0.002352941176470669,0.01400700350175077,0.03343239227340278,0.06270996640537517,0.062423500611995086,0.7916666666666667,0.7916666666666667,0.6290322580645162,0.7166666666666668,1.9,-0.18333333333333326,-3.2903225806451615,0.3333333333333333,0.3500000000000001,0.1224299065420562,-0.26504481434058896,-0.2518518518518519,0.04924242424242431,0.08095238095238089,0.3547595682041218,0.0,0.0335008375209378,-0.2818181818181817,0.03252032520325199,-0.030086141373194764
41,2004-03-28,0.09012875536480693,0.15258215962441324,0.08312777503700053,0.3551401869158879,0.0642781875658589,0.020161290322580745,-0.2325581395348837,-0.2325581395348837,-0.198019801980198,-0.2621359223300971,-0.6137931034482759,-0.4081632653061225,-0.9577464788732396,-0.1785714285714286,0.21296296296296305,0.09325562031640304,1.1480836236933798,1.1980198019801982,0.057761732851985714,0.04405286343612347,0.6120970662803331,0.02651515151515138,-0.02377093462992974,1.1645569620253164,0.023622047244094446,-0.14948083327891334
42,2004-06-27,0.06675017895490343,0.15315682281059062,0.05898428603962658,0.09018567639257302,0.11485148514851495,0.19932241671372108,1.4848484848484849,1.4848484848484849,1.4320987654320985,1.3157894736842106,2.5,0.6896551724137931,-15.666666666666664,7.304347826086958,1.4580152671755724,0.1454683929931453,0.4841849148418491,0.5135135135135134,0.08361774744027284,0.0843881856540083,-0.504830375196585,0.029520295202952074,0.04537908135030455,0.4678362573099415,0.030769230769230882,0.057739557739557634
43,2004-09-26,0.03472571716155004,0.05722359590250802,0.009247311827957015,0.04184914841849152,0.1394316163410303,0.032956685499058384,0.41463414634146334,0.41463414634146334,0.3756345177664975,0.3636363636363635,-0.4081632653061225,-0.08163265306122447,-0.3636363636363637,-0.481675392670157,0.3074534161490683,0.09840425531914887,0.3710382513661203,0.4285714285714286,0.11023622047244096,0.011673151750972943,-0.2776769509981851,0.02508960573476693,0.1011116993118053,0.3944223107569722,0.02238805970149249,0.014735772357723496
44,2004-12-31,0.05820363164721142,0.09355162044771136,0.04794374600468787,0.026156001868285816,0.09197194076383486,0.07064721969006382,0.02586206896551735,0.02586206896551735,0.029520295202952074,-0.025000000000000026,1.1206896551724137,0.4666666666666666,-0.8214285714285714,0.9191919191919192,0.4513064133016626,0.1404358353510895,0.15783180550019904,0.2020833333333334,0.07234042553191489,0.026923076923076827,-0.20414572864321606,0.02797202797202792,0.03173076923076912,0.18571428571428567,0.014598540145985163,0.06574146934687762
45,2005-03-27,-0.01562739390225221,-0.02169263672471744,-0.04127694184627895,-0.08648156577150656,0.06638115631691655,-0.0600255427841635,-0.18487394957983194,-0.18487394957983194,-0.2114695340501792,-0.16239316239316234,-1.2520325203252032,-0.7272727272727273,-54.6,-2.8421052631578947,-0.5728314238952537,0.026539278131634925,0.07469879518072298,0.14384748700173322,0.06481481481481488,-0.041198501872659166,-0.1586424625098658,0.023809523809523725,0.08341099720410061,0.12289156626506025,0.021582733812949728,0.07088199758356817
46,2005-06-26,0.02412451361867696,0.060899437851343,0.009119830328738088,0.03786746387643247,0.07362784471218209,0.1277173913043479,0.4536082474226804,0.4536082474226804,0.4545454545454546,0.44387755102040827,-4.5,2.2222222222222223,-0.9552238805970148,-1.4085714285714286,0.5478927203065134,-0.09979317476732164,0.04804612427930821,0.115151515151515,0.07204968944099388,-0.15625,-0.2279549718574109,0.02657807308970095,0.04860215053763439,0.09871244635193133,0.014084507042253502,0.02218879277924035
47,2005-09-25,0.04285714285714293,0.08507506623491312,0.02564102564102555,0.0696111377820452,0.09788029925187036,-0.009236947791164685,0.028368794326241176,0.028368794326241176,0.02187499999999987,0.02473498233215543,0.05990783410138256,-0.15517241379310345,1.0833333333333337,0.09790209790209793,0.3886138613861385,0.19299253302699595,-0.019559902200489088,0.033967391304347894,0.0892236384704519,0.1157407407407407,0.059538274605103414,0.02265372168284796,0.05250205086136184,0.03125,0.0,0.014471425067451582
48,2005-12-31,0.0033517924803263552,0.06239826370048829,-0.01721311475409837,-0.004488330341113067,0.05848949460533781,0.11593027969193348,0.15172413793103454,0.15172413793103454,0.14678899082568808,0.14137931034482756,0.6304347826086956,0.7755102040816326,1.6800000000000002,0.3885350318471337,0.3885918003565063,0.02503610977371196,0.01995012468827939,0.08015768725361361,0.06702127659574453,-0.06224066390041505,-0.026376146788990917,0.025316455696202445,0.05494933749025721,0.051136363636363764,0.0277777777777779,0.06721470019342357
49,2006-04-02,0.0162672476397967,0.04392236976506636,-0.0025020850708924467,0.017132551848512145,0.06115879828326176,-0.027243007628042104,-0.19161676646706585,-0.19161676646706585,-0.18933333333333333,-0.18429003021148027,-0.952,-0.5632183908045977,0.25373134328358216,-1.4724770642201834,-0.1322207958921694,0.17003287928604993,-0.002750611246943757,0.04744525547445266,0.061814556331007076,0.09734513274336297,0.06713780918727917,0.02160493827160481,0.04432951606944968,0.01981981981981984,0.027027027027026973,0.026336656094245514
50,2006-07-02,0.048592253823066985,0.08145792563600772,-0.03887959866220736,0.1578014184397163,0.2654196157735087,0.06123973114264381,0.6296296296296295,0.6296296296296295,0.5822368421052629,0.622222222222222,17.722222222222218,0.8947368421052628,-0.26190476190476186,-2.9611650485436893,0.29881656804733736,0.11922922521075875,0.008581060373889171,0.10336817653890827,0.11830985915492966,0.05645161290322576,0.04856512141280357,0.024169184290030232,0.20657941280509373,0.09717314487632513,0.006578947368421018,-0.0659455879918327
51,2006-10-01,0.03298350824587715,0.05451255372087771,0.015224010439321534,-0.0011485451761102938,0.06711945665201767,-0.011611541168191408,-0.2227272727272728,-0.2227272727272728,-0.2931392931392931,-0.2305936073059361,-0.2344213649851632,0.04166666666666674,-0.4032258064516129,-0.2623762376237624,0.16970387243735766,0.0466284074605452,-0.06563354603464,0.013684210526315743,0.06884970612930319,-0.06488549618320605,-0.07578947368421063,0.02654867256637173,0.033128114922310166,0.006441223832528209,0.006535947712418277,0.055713104100200805
52,2006-12-31,-0.015041562211373538,-0.037323037323037316,-0.055484147386461014,-0.08049060942889996,0.04904530138524898,0.07974368102527585,0.10526315789473696,0.10526315789473696,0.19117647058823528,0.18100890207715128,-0.12015503875968993,0.2266666666666665,7.783783783783784,-2.25503355704698,-0.1820837390457644,0.09972583961617554,-0.06569105691056909,0.011422637590861928,0.056559308719559935,0.02857142857142847,0.06264236902050113,0.025862068965517127,0.06526674233825203,0.006399999999999961,0.006493506493506551,0.04695282332531203
53,2007-04-01,-0.00227729403884791,-0.005570409982174729,-0.03424812882739847,-0.04751979991663191,0.04817987152034253,-0.07121661721068251,-0.2433862433862433,-0.2433862433862433,-0.6469135802469136,-0.6432160804020101,-1.497797356828194,-0.2065217391304348,-0.5846153846153845,0.7058823529411764,-0.3797619047619048,0.03085073231536284,-0.07761921336581967,-0.0041067761806981035,0.04684014869888475,-0.02380952380952384,-0.017148981779206873,0.02521008403361357,0.05034629728289808,0.0,-0.006451612903225823,0.04404532820183872
54,2007-07-01,0.05316863587540288,0.08716110239749053,0.03687177078440573,0.11291028446389495,0.07558733401430029,0.18672346467873635,0.4965034965034965,0.4965034965034965,0.4965034965034967,0.5,-3.3805309734513282,0.4109589041095891,-0.5259259259259259,-1.329153605015674,0.20153550863723613,0.35459492140266025,-0.06452830188679247,-0.025773195876288683,0.078125,0.29268292682926833,0.341330425299891,0.024590163934426142,0.021303575957392958,-0.05087440381558017,0.025974025974025983,-0.02314151136596354
55,2007-09-30,0.023967363590005064,0.01957955482275353,0.033295583238958086,0.06331104994101455,0.01139601139601143,0.008674842955429305,-0.14018691588785048,-0.14018691588785048,-0.13084112149532712,-0.136150234741784,0.36431226765799263,0.4271844660194175,2.5625,-1.019047619047619,-0.0031948881789137795,0.31800937290783304,-0.025816861637757205,0.003174603174603164,0.03030303030303028,0.2232704402515724,0.3292682926829269,0.03200000000000003,-0.012167866898435627,-0.02680067001675046,0.03164556962025311,-0.041142557651991714
56,2007-12-31,0.020293824701195232,-0.0266828380836871,-0.015124945199473938,0.0025887573964498145,0.06697965571205011,0.042704626334519664,0.07608695652173902,0.07608695652173902,-0.4623655913978495,-0.4565217391304348,-0.21798365122615804,0.3061224489795917,-0.3464912280701754,22.5,-0.07532051282051277,0.046224178801218985,-0.03602484472049683,-0.010548523206751035,0.07800511508951402,0.015424164524421524,0.02446483180428128,0.03359173126614978,0.045751633986928164,-0.025817555938037917,0.018404907975460242,-0.02918830281497675
57,2008-03-30,0.05247101891397188,0.06583592938733117,0.046961940796794936,0.05569900405754336,0.05837488999706664,-0.011945392491467529,-0.040404040404040435,-0.040404040404040435,-0.030000000000000027,-0.030000000000000027,-0.8710801393728222,-0.20833333333333331,-0.8523489932885906,1.7872340425531914,-0.2270363951473137,-0.17235798672924418,0.00987972508591062,0.025586353944562882,0.053380782918149634,-0.23291139240506345,-0.17373134328358208,0.032499999999999966,0.005528846153846079,0.014134275618374659,0.012048192771084263,0.00962783627048025
58,2008-06-29,0.03826086956521735,0.05455962587685104,0.02338435374149661,0.025856044723969296,0.06208425720620836,0.1188831318364998,0.5421052631578946,0.5421052631578946,0.5463917525773196,0.5360824742268042,8.972972972972975,0.3421052631578947,3.0454545454545463,-1.5801526717557253,0.17040358744394624,0.1847868596010951,0.04806465333900478,0.0634095634095635,0.06418918918918902,0.1254125412541256,0.10693641618497107,0.029055690072639306,0.02295003585943101,0.057491289198606126,0.005952380952380931,0.02793888021414226
59,2008-09-28,0.003350083752093891,0.0066518847006651356,0.005400914000830871,0.014305177111716638,0.01565762004175375,-0.04990995626447137,-0.21843003412969286,-0.21843003412969286,-0.21333333333333332,-0.21476510067114096,-0.1355013550135501,-0.039215686274509776,-0.3258426966292135,-0.3421052631578947,0.09578544061302674,-0.00940749298564125,0.0020292207792207413,0.02346041055718473,0.022751322751322745,-0.0674486803519061,-0.1057441253263708,0.04235294117647048,0.012386071512035413,0.02965403624382224,-0.00591715976331364,-0.0075408235230293155
60,2008-12-31,-0.051864218141346674,-0.13491189427312775,0.041115702479338934,-0.11383478844862327,-0.17009249743062693,-0.10966693744922827,-0.8122270742358079,-0.8122270742358079,-0.7033898305084746,-0.7094017094017093,-0.17868338557993735,0.510204081632653,0.10000000000000007,-3.92,-0.2552447552447552,-0.4725091636121294,-0.15998379910895094,-0.17765042979942702,-0.1702017589239524,-0.4842767295597484,-0.5007299270072992,0.038374717832957206,-0.1246537396121884,-0.1584,-0.02380952380952384,-0.02377828796326653
61,2009-03-29,-0.04002817232069489,-0.05919796308084024,-0.0571541972613614,-0.1356574460022736,-0.0021671826625386803,-0.2582116788321168,-0.8372093023255813,-0.8372093023255813,-0.8857142857142857,-0.8823529411764706,-0.7099236641221374,-0.6959459459459459,-0.19696969696969704,-0.5,-0.17136150234741787,-0.2087807959570436,-0.22179363548698167,-0.2322880371660858,-0.0043640897755610215,-0.04878048780487798,-0.07748538011695916,0.03695652173913033,0.03929324894514785,-0.18250950570342211,-0.0609756097560975,0.08847079903690003
62,2009-06-28,-0.006969919295671367,-0.01375732972485344,-0.04735845085245216,-0.07321350284962735,0.0462302202916538,-0.003280032800327959,7.0,7.0,6.000000000000001,6.000000000000001,2.223684210526316,-0.7888888888888889,0.2452830188679245,-3.4794520547945207,0.5127478753541077,0.22554890219560875,-0.39467162329615857,-0.4009077155824509,0.04633688165309957,0.23076923076923064,0.6006339144215531,0.03773584905660399,0.053539710733316426,-0.3418604651162791,-0.09090909090909094,0.06414939040074086
63,2009-09-27,0.02881418544514225,0.061742510862108364,0.0057445868316394755,0.09318826868495744,0.056642941874258675,0.040723981900452566,0.6964285714285714,0.6964285714285714,0.7142857142857142,0.7142857142857142,0.6693877551020408,12.421052631578947,-0.9848484848484848,-0.16022099447513816,0.28464419475655434,0.30358306188925105,-0.3848515864892528,-0.38888888888888895,0.056852184320765886,0.24479166666666674,1.1653465346534655,0.034343434343434336,0.0272157996146436,-0.3356890459363957,-0.07857142857142851,-0.028763414869960258
64,2009-12-31,0.05517654099341707,0.07753607581305189,0.05360281195079075,0.05235828645607965,0.05893909626719052,0.3438735177865613,1.8421052631578947,1.8421052631578947,1.895833333333333,1.875,-0.004889975550122272,-0.4313725490196079,20.0,0.6052631578947371,0.3556851311953353,0.16391804097951002,1.0449251247920133,1.115702479338843,0.0611551528878822,0.10460251046025104,0.868312757201646,0.03515625,0.003516998827667095,1.1063829787234043,0.0,0.023941068139962995
65,2010-03-28,-0.005331215970961868,-0.016590045972416534,-0.016472060050041648,0.022203947368421014,0.004770739464617035,-0.27117647058823524,-0.4481481481481482,-0.4481481481481482,-0.4604316546762589,-0.4565217391304347,-0.6904176904176904,-0.006896551724137946,-0.6666666666666667,-1.1844262295081966,-0.04838709677419351,0.16230141691713196,0.2799023596419854,0.306640625,0.008537886872998834,0.09469696969696972,-0.3923152227116985,0.03396226415094361,0.01004672897196257,0.3282828282828283,-0.015503875968992276,-0.037964223216021664
66,2010-06-27,0.05029079712624007,0.10670731707317073,0.07059571761712946,0.12912308930008054,0.024268003165391683,0.294592413236481,0.651006711409396,0.651006711409396,0.6666666666666667,0.6666666666666667,1.3888888888888888,-0.3125,22.714285714285715,-1.8666666666666667,0.04406779661016946,0.2560029553010712,0.2873490146217421,0.2929745889387143,0.03333333333333344,0.24567474048442905,-0.05235602094240832,0.031021897810219023,-0.02475133009484165,0.2433460076045628,0.03937007874015741,-0.019857510989843896
67,2010-09-26,0.07187839305103139,0.09788797061524336,0.06495049504950501,0.09405058781617393,0.08138037599793968,0.06016209476309231,0.15040650406504066,0.15040650406504066,0.15999999999999992,0.1519999999999999,-0.3621262458471761,0.6464646464646464,-0.7771084337349398,-0.6666666666666667,0.01406926406926412,0.14367647058823518,0.1970370370370369,0.1953757225433528,0.08704557091653853,0.10555555555555562,-0.14364640883977908,0.04778761061946901,0.008776091081593941,0.16055045871559634,0.03030303030303028,0.003505516032580757
68,2010-12-31,0.053687196110210784,0.05202408832385408,0.005206396429899618,0.0615434711820253,0.11216956418194801,0.21699500147015585,0.2791519434628975,0.2791519434628975,0.2758620689655173,0.2847222222222223,1.015625,0.5030674846625767,0.5405405405405406,5.615384615384616,0.09178228388473864,0.2786421499292786,0.03754125412541254,0.05125725338491294,0.11163447951012716,0.1758793969849246,0.02382133995037217,0.04391891891891887,0.055725370326828116,0.03557312252964428,0.014705882352941124,-0.008990033905270756
69,2011-03-27,0.031147856181503505,0.03259659723326447,0.022382537920828668,0.058588957055214726,0.04218415417558896,-0.06740758637352018,-0.0524861878453039,-0.0524861878453039,-0.054054054054054064,-0.054054054054054064,-0.7726098191214471,-0.6816326530612244,3.5964912280701755,-3.8372093023255816,-0.2385141739980449,0.047465808527755504,0.1141153081510935,0.1297148114075437,0.050847457627118516,-0.0576923076923076,-0.04556471158507014,0.042071197411003285,0.010690423162583508,0.07506361323155207,0.050724637681159424,-0.0245192058472864
70,2011-06-26,0.05472683199701667,0.09901447489990756,0.04867016464628193,0.07592002318168656,0.059790425313334776,0.2023316062176166,0.4723032069970845,0.4723032069970845,0.4914285714285713,0.4857142857142858,6.454545454545454,-0.0641025641025641,-0.041984732824427495,-2.360655737704918,0.4261874197689346,0.020641321044546856,0.12812276945039258,0.14902280130293155,0.06814516129032255,-0.027210884353741527,-0.1416962925342815,0.04037267080745344,0.0046275892463640824,0.10177514792899413,0.04827586206896562,0.0214688064618982
71,2011-09-25,0.0022098470785820727,-0.015552753257671246,-0.0003450655624568366,0.007810395906275191,0.010275300504071437,-0.003232062055591456,-0.0653465346534653,-0.10495049504950492,-0.09961685823754783,-0.09615384615384616,-0.048780487804878085,1.808219178082192,0.3027888446215139,-0.8373493975903614,0.048604860486048514,-0.08936130185307123,0.05662764947801335,0.08929836995038977,0.020007550018875,-0.14918414918414924,-0.2502958579881657,0.059701492537313376,0.008115814871682447,0.034371643394199625,0.039473684210526334,-0.0232025803766518
72,2011-12-31,0.029105662374316443,0.0092513521206945,0.00742147048671038,-0.02271512560128275,0.05392439071195554,0.06376999567661046,0.326271186440678,0.3849557522123894,0.22553191489361696,0.21702127659574466,0.1298076923076923,-0.04390243902439028,-0.43425076452599387,4.907407407407407,0.2738197424892703,-0.05237062286953832,0.1128742514970058,0.12426805465191924,0.05884529977794229,-0.06849315068493156,-0.15311760063141278,0.05633802816901424,0.02415143603133152,0.10799584631360347,0.012658227848101332,0.032701320835108794
73,2012-04-01,0.03865272540281106,0.03187138626427877,-0.013020387185197824,-0.007383100902379036,0.0943190094683175,-0.091241617557407,-0.2412140575079872,-0.27316293929712465,-0.17013888888888884,-0.1678321678321678,-0.9702127659574468,-0.4795918367346938,-0.3891891891891892,-1.5235109717868338,-0.112533692722372,0.19838674514933508,0.002690341673392549,0.03587962962962954,0.09297448444599787,0.12941176470588234,0.07176141658900281,0.053333333333333455,0.05353728489483745,0.023430178069353325,0.006250000000000089,0.03955647240845783
74,2012-07-01,0.004125752949913464,-0.009703430367636993,-0.00503384829022735,-0.016528925619834656,0.015474209650582438,-0.004472271914132353,0.04210526315789465,0.030769230769230663,0.03347280334728042,0.037815126050420256,16.9047619047619,1.4313725490196076,1.4159292035398232,-0.13173652694610782,-0.13059984813971148,-0.03738402765144622,-0.0582237724711564,-0.022905027932960897,0.024944035817076937,-0.11979166666666664,-0.09652173913043473,0.05063291139240511,0.011292599314377759,-0.007326007326007411,-0.031055900621118068,0.006945477997718053
75,2012-09-30,0.020133125154079945,-0.018078940104885415,-0.02651779483600836,-0.07310924369747895,0.061445190889726435,-0.07502246181491468,-0.2525252525252525,-0.24946695095948826,-0.2429149797570851,-0.24696356275303644,0.037234042553191404,0.4879032258064515,-0.3992673992673993,-0.013793103448275891,-0.09781659388646292,-0.11263346877066993,-0.09999999999999988,-0.07032590051457976,0.06333853354134167,-0.13313609467455612,-0.10202117420596736,0.06024096385542178,0.040478564307078864,-0.02306273062730635,-0.044871794871794934,0.05936837956348229
76,2012-12-31,0.010794264540035405,0.007308503162333001,-0.0010752688172043225,-0.05228165608945301,0.0192960790367398,0.042253521126760514,0.07567567567567557,0.04829545454545458,0.04812834224598928,0.053763440860215006,0.9102564102564104,-0.2872628726287263,-0.12195121951219512,-3.3496503496503496,0.3252662149080348,0.04174209349377067,-0.17315606204495104,-0.13161131611316113,0.020539906103286487,-0.020477815699658675,0.09539121114683824,0.05681818181818187,0.008432349559218011,-0.10387157695939564,-0.05369127516778527,0.06287787182587667
77,2013-03-31,0.016576346828179878,0.007395004883493872,0.024578399712952947,0.038584183673469497,0.007875208238679487,-0.08620689655172409,-0.2160804020100503,-0.2357723577235772,-0.23469387755102045,-0.2397959183673469,-0.425503355704698,-0.4562737642585552,-0.2847222222222222,-0.6607142857142857,0.08327246165084001,0.1844015128283758,-0.12748851454823884,-0.10552407932011333,0.008338125359401927,0.16027874564459932,0.3072407045009784,0.053763440860215006,-0.008551881413910944,-0.07586933614330871,-0.042553191489361535,-0.030016627286251873
78,2013-06-30,0.022891188460332446,0.02548476454293636,0.04272456662580981,0.06294135707706472,0.0073628850488354205,0.15374808771035187,0.41346153846153855,0.4680851063829787,0.4666666666666668,0.4765100671140941,0.2429906542056075,0.8741258741258742,2.5922330097087385,-1.8859649122807016,-0.06810519217801758,-0.025977388452576244,-0.0592365072400175,-0.05146476642913689,0.021100655831194803,-0.033033033033032955,0.08607784431137723,0.05102040816326525,-0.015142802376844957,-0.04104903078677313,-0.014814814814814838,-0.03527607361963203
79,2013-09-29,0.09871244635193133,0.15153970826580232,0.15398824517212414,-0.0207972270363952,0.05847255369928407,-0.057237569060773485,-0.15192743764172334,-0.14251207729468596,-0.13181818181818195,-0.13636363636363644,-0.29887218045112784,-0.5,-3.208108108108108,-12.059405940594061,0.8082489146164977,0.08098529151160737,-0.02098880597014929,-0.033388981636060085,0.05752583077352691,0.059006211180124175,0.1199172984148864,0.0611650485436892,-0.03659011288439085,-0.00713436385255639,-0.030075187969924814,0.17600299261198926
80,2013-12-31,0.02734375,0.013253577292986264,-0.0020372526193247475,-0.006489675516224147,0.05834272829763254,0.07548054383497416,0.232620320855615,0.21690140845070416,0.2146596858638743,0.2210526315789474,1.0268096514745308,1.2462686567164178,-1.357405140758874,-0.8209489704565801,0.08003201280512195,0.0815573770491802,0.01048118151500721,0.0,0.06231845788222867,0.020527859237536642,0.07569230769230773,0.05763952424519681,0.03010101010101018,0.026347305389221587,-0.023255813953488413,0.01988071570576544
81,2014-03-30,0.0015616512764802248,-0.016205579349461763,0.023184601924759463,0.05552256532066502,-0.01997336884154466,-0.03966870095902353,-0.22342733188720176,-0.21759259259259256,-0.2112068965517241,-0.2112068965517241,-0.6521164021164021,-0.3787375415282392,1.0616438356164384,-3.605,-0.1930344572063727,0.02781356574460037,0.012258368694012313,-0.0077720207253886295,-0.005219985085756718,-0.031609195402298784,-0.018878718535469186,0.05363321799307941,-0.02157285742302417,0.00933488914819125,-0.007936507936507908,-0.0679532163742691
82,2014-06-29,0.050776218561453534,0.06836098364513465,0.04631608949693612,0.07144866385372706,0.05801630434782613,0.09736722650930553,0.3184357541899441,0.319526627218935,0.3333333333333333,0.3278688524590165,0.6653992395437263,0.4759358288770053,-0.7441860465116279,-1.0786948176583493,0.01882460973370059,0.10617902964164584,-0.01630181648812301,-0.02262837249782424,0.05797101449275367,0.11275964391691384,0.060058309037900985,0.05172413793103448,0.007015433954700168,0.003468208092485714,-0.024000000000000014,-0.0028861839628560038
83,2014-09-28,0.009290322580645105,-0.001321585903083733,0.027921547262326436,0.060120766605408216,-0.005008347245408995,0.011375387797311287,-0.06991525423728817,-0.05156950672645744,-0.049180327868852514,-0.04526748971193428,0.5684931506849316,-0.3586956521739131,1.227272727272727,1.6585365853658538,0.049121225777377216,-0.030529262764964708,0.02083333333333348,0.016028495102404342,0.0016532829475670585,-0.08266666666666668,-0.056655665566556775,0.06088992974238861,-0.014132165605095446,0.009216589861751112,0.016393442622950838,-0.05793271247587895
84,2014-12-31,0.008437739708514469,-0.0014336127040140974,0.018020405459122868,-0.004210004952946989,0.00012906556530722924,0.04089979550102242,0.06378132118451019,0.049645390070921946,0.06034482758620685,0.05603448275862077,0.2780203784570596,2.3559322033898304,-0.2886297376093294,-1.2477064220183487,-0.011597938144329856,-0.052667766776677616,-0.00046382189239335686,-0.013146362839614234,0.0042442820089603215,-0.05523255813953487,-0.09737609329446052,0.057395143487858576,-0.008277811427417679,-0.019406392694063856,0.008064516129032251,0.0027608318119072273
85,2015-03-29,-0.002535496957403627,-0.006073992269464368,-0.002082519849017306,0.008952996766973477,-0.005549103110078725,-0.07485265225933202,-0.13490364025695933,-0.1283783783783784,-0.13008130081300806,-0.12653061224489792,-0.8029612756264237,-0.7895622895622896,0.21311475409836067,10.25925925925926,-0.13211647109952196,0.021701262882856787,0.018097447795823784,0.010657193605683846,-0.0021131721061282693,0.018461538461538533,0.007105943152454719,0.054279749478079335,-0.003053745928338736,0.013969732246798428,0.0,-0.01487632665748928
86,2015-06-28,0.009023894255210996,0.0003333333333332966,-0.0003912873353332236,-0.000985950209514419,0.019205813651699932,0.06498194945848379,0.2277227722772277,0.2170542635658914,0.2289719626168223,0.2242990654205608,1.2890173410404624,0.3999999999999999,0.8006756756756757,-0.2203947368421053,-0.11867801702553825,-0.01697804930027713,0.012762078395624377,0.007029876977152849,0.0343529411764707,-0.015105740181268978,-0.049390635022450224,0.05148514851485153,0.010006126199713972,0.004592422502870175,0.0,0.001307248467363742
87,2015-09-27,-0.005101398160977433,-0.015661446184605073,0.0067849686847598605,-0.020972119417715263,-0.013368983957219305,-0.07876370887337991,-0.20967741935483875,-0.19320594479830144,-0.1825095057034221,-0.18320610687022892,0.4191919191919191,0.011428571428571344,-0.275797373358349,-0.6962025316455696,-0.040909090909090895,-0.12834224598930474,-0.025202520252025296,-0.027923211169284427,-0.0075068243858051895,-0.1595092024539876,-0.14574898785425106,0.060891399874450684,-0.00828952689041651,-0.011428571428571456,-0.016000000000000014,0.005447260613154592
88,2015-12-31,-0.04196999430271575,-0.10324983073798244,-0.0430274753758424,-0.04158266129032262,-0.04426377597109299,0.03160173160173163,-0.5459183673469388,-0.5763157894736842,-0.5720930232558139,-0.5700934579439252,0.6512455516014235,1.4915254237288136,0.1113989637305699,-1.3194444444444444,0.013625592417061629,-0.16945780135964186,-0.15881809787626955,-0.15619389587073607,-0.026358010543204302,-0.16058394160583955,-0.15402843601895733,0.05739644970414215,-0.0022426095820591296,-0.153757225433526,-0.008130081300813052,-0.06434136294438975
89,2016-04-03,-0.020285449980177117,-0.06027431735246003,0.024783315276273088,0.029976334472784583,-0.06562246826897111,-0.09966428871170796,0.8707865168539326,0.9937888198757764,1.0326086956521738,1.0326086956521738,-0.7165948275862069,-0.1201814058956916,0.4731934731934733,-35.608695652173914,-0.4652250146113384,-0.045817528448792166,-0.021953896816685026,-0.0340425531914893,-0.043785310734463234,-0.021739130434782483,0.14098972922502329,0.05484051482932295,-0.046383326522272166,-0.02595628415300544,-0.008196721311475419,-0.08762023256926832
90,2016-07-03,0.01301679368719233,0.0216925549009106,0.034095414298929594,0.05948429920857801,-0.008526011560693658,0.055231880680494116,0.2822822822822824,0.2647975077881619,0.2887700534759359,0.28342245989304793,0.790874524714829,-0.9922680412371134,-0.5886075949367089,-1.1633165829145728,0.14207650273224035,0.1732398786483942,-0.01627384960718281,-0.03634361233480188,0.001477104874446189,0.2266666666666665,0.21522094926350244,0.051458885941644494,-0.0212127705163917,-0.02244039270687248,-0.008264462809917328,-0.03566558271268228
91,2016-10-02,0.007723035952063917,0.021494102228047263,0.006006389776357811,0.038072289156626526,0.010639848418597886,-0.07530918727915192,-0.297423887587822,-0.2881773399014779,-0.2863070539419088,-0.2833333333333333,0.22292993630573246,65.33333333333333,-0.42692307692307696,0.5846153846153845,0.1971291866028708,0.05269728042799815,-0.04506560182544217,-0.05828571428571416,0.013028515240904648,0.050724637681159424,0.08484848484848473,0.051967709384460166,0.002845884413310129,-0.05021520803443336,-0.01666666666666672,-0.015990427499184227
92,2016-12-31,-0.008258456659619441,-0.011162432640492659,-0.004446138211382067,0.003946146703806885,-0.008508797231035481,0.07547169811320753,0.3200000000000001,0.3079584775086506,0.30813953488372103,0.3023255813953489,0.08506944444444442,0.6432160804020101,1.4697986577181208,-1.635922330097087,-0.10471622701838534,0.1363713366085042,0.20728793309438487,0.17839805825242716,-0.008007765105556897,0.12413793103448276,0.20546244568590954,0.04940047961630678,-0.00021829294913788821,0.2024169184290032,-0.008474576271186418,-0.015034269290294168
93,2017-04-02,0.0415028978748917,0.0586479823537045,0.040959550848538966,0.07791907514450869,0.0421818181818181,0.019098378858538826,0.02272727272727271,0.04761904761904767,0.04888888888888876,0.05357142857142838,-0.3936,-0.9174311926605504,-0.5543478260869565,-2.5419847328244267,0.18035714285714288,0.07915921288014305,0.044532409698169184,0.03501544799176104,0.04354207436399205,0.08588957055214741,-0.0942327497425336,0.046617915904936025,0.0006550218340610757,0.03643216080402012,0.0,-0.01790123456790116
94,2017-07-02,0.04004093642062179,0.05429586959186184,0.03432213777886739,0.04976404976404969,0.04577808792742498,0.10655916321638692,0.0888888888888888,0.07070707070707072,0.07203389830508478,0.07203389830508478,0.17941952506596315,3.9259259259259256,1.3170731707317072,-1.1435643564356437,-0.02193645990922844,0.0638900400607818,-0.010421601136901937,-0.010945273631840837,0.04781997187060494,0.0197740112994349,0.00397953382603755,0.04497816593886461,0.005454942177612887,-0.018181818181818188,0.008547008547008517,0.004342608993771925
95,2017-10-01,0.1065190651906518,0.05277842362241336,0.11768191514576908,0.17654270535349406,0.018150273588682708,0.04076408034659318,0.027210884353741527,0.06839622641509435,0.07509881422924924,0.07114624505928857,0.4429530201342282,3.706766917293234,-0.8526315789473684,-0.8965517241379308,-0.002320185614849146,0.041810037005778115,0.08425083772139774,0.051307847082494806,0.028411633109619583,-0.005540166204986208,0.026613816534541312,0.04513163393230269,-0.07986111111111116,0.04814814814814805,0.016949152542372836,-0.10519428798998698
96,2017-12-31,0.004613161405068844,-0.014134275618374548,0.05089598133814022,-0.01406738450850986,-0.04849914798794075,0.03614001892147578,-1.6622516556291391,-1.6622516556291391,-1.5992647058823528,-1.6014760147601477,0.24961240310077515,-0.5750798722044728,7.4642857142857135,-27.33333333333333,0.0612403100775194,0.061070605097526036,-0.4185430463576159,-0.4373205741626793,-0.04698716554274518,0.03064066852367686,-0.0457804743519028,0.04318272690923619,-0.05283018867924527,-0.4393404004711425,0.0,-6.358087487279285e-05
97,2018-04-01,0.017538035961272458,0.030577956989247257,0.018666128544041927,0.0273031530738066,0.01859760297561653,0.017165814463111717,-2.083333333333333,-2.083333333333333,-2.208588957055215,-2.202453987730061,-1.1451612903225807,-0.8646616541353384,-0.8902953586497891,-3.050632911392405,-0.11833455076698315,0.024138133552592755,-0.07972665148063783,-0.11564625850340138,0.0241953891805522,0.07567567567567557,0.6884393063583816,0.041011881947106144,0.0009960159362549792,-0.1155462184873951,0.008333333333333305,0.003179245882876547
98,2018-07-01,0.02843627664201832,0.0689055537441583,0.06190570522979401,0.046639231824417086,-0.012848255342169379,0.1008976660682226,0.676923076923077,0.676923076923077,0.6903553299492386,0.6938775510204079,-6.042735042735043,4.5555555555555545,2.8653846153846154,-1.6851851851851851,0.09196354598177292,-0.12931528845051032,0.1410891089108912,0.07307692307692326,-0.004011589034989993,-0.1507537688442211,-0.06675795960287567,0.039764359351988084,-0.04004975124378106,0.08076009501187653,0.008264462809917328,0.021233441085123816
99,2018-09-30,0.0040708432461009645,0.002846975088967918,0.01968099990672512,0.051114023591087854,-0.01479654747225645,-0.030821917808219187,0.2697247706422019,0.2697247706422019,0.28828828828828823,0.2891566265060241,0.5508474576271187,0.415,2.5174129353233834,-1.864864864864865,-0.07283763277693478,-0.07212013436079834,0.25234996384670993,0.2168458781362006,0.0022376370552696927,-0.06804733727810652,-0.1874541452677917,0.040368271954674295,-0.018916817828453003,0.20000000000000012,0.016393442622950838,-0.04586643495531273
100,2018-12-31,0.003685762426284711,-0.00456250633681432,-0.011800219538968149,-0.004987531172069848,0.021832846613822898,0.030792529025744475,-0.16329479768786126,-0.16329479768786126,-0.14685314685314688,-0.16121495327102808,0.08196721311475419,0.6077738515901061,-0.3776520509193777,-1.84375,0.0662847790507366,-0.0031232254400908053,0.6916859122401848,0.6730486008836525,0.042643447198035256,-0.0031746031746030523,-0.20045146726862287,0.03880190605854317,0.01822503961965149,0.6501831501831501,0.016129032258064502,0.0003902946724776424
101,2019-03-31,0.041128947644528464,0.02780607048278672,0.0292511339442747,0.006735588972430985,0.0642351660315732,-0.019915115899444943,0.14507772020725396,0.14507772020725396,0.15300546448087424,0.16991643454039007,-0.5838383838383838,-0.8439560439560441,-0.2113636363636363,-0.6913580246913579,0.019186492709132752,0.040942751352890834,0.14095563139931744,0.13644366197183078,0.06316916488222679,-0.003184713375796289,-0.3721061547148504,0.03735255570117957,0.02204928664072625,0.13651498335183132,0.0,0.02093764223941741
102,2019-06-30,0.020558298901541816,0.03557625606976522,-0.00548610486554546,-0.021471915357087257,0.05856777493606136,0.03614257161892076,0.01809954751131216,0.01809954751131216,0.0165876777251186,0.01666666666666661,0.9611650485436892,3.788732394366197,0.04899135446685876,1.7599999999999998,0.051957831325301296,0.10240098501949513,0.01884534848938091,0.034082106893880804,0.05659617321248756,0.03833865814696491,-0.0584532374100718,0.036007580543272244,0.037309644670050934,0.048828125,-0.015873015873015928,0.058276542895356886
