Unnamed: 0,Quarter end,Assets,Current Assets,Liabilities,Current Liabilities,Shareholders equity,Revenue,Earnings,Earnings available for common stockholders,EPS basic,EPS diluted,Cash from operating activities,Cash from investing activities,Cash from financing activities,Cash change during period,Cash at end of period,Price,ROE,ROA,Book value of equity per share,P/B ratio,P/E ratio,Cumulative dividends per share,Equity to assets ratio,Net margin,Asset turnover,Current ratio
0,1993-12-31,0.009215458474274518,0.07349254821514606,0.02158949410753319,0.05950014811384796,-0.05711201403193489,-0.02448877985687725,-1.5521979580260918,-1.6250993275377446,-1.625,-1.625,-0.2150580439249445,7.399949670762907,-1.2043162306134043,-1.3505661769574966,0.2892409871845503,-0.10042432814710044,-0.004716981132075415,0.03170028818443793,-0.06028169014084505,-0.08391608391608385,-0.06470070422535201,1.0,-0.06562703053931118,0.04580152671755733,-0.00961538461538458,0.013219284603421588
1,1994-03-31,0.009215458474274518,0.07349254821514606,0.02158949410753319,0.05950014811384796,-0.05711201403193489,-0.02448877985687725,-1.5521979580260918,-1.6250993275377446,-1.625,-1.625,-0.2150580439249445,7.399949670762907,-1.2043162306134043,-1.3505661769574966,0.2892409871845503,-0.10042432814710044,-0.004716981132075415,0.03170028818443793,-0.06028169014084505,-0.08391608391608385,-0.06470070422535201,1.0,-0.06562703053931118,0.04580152671755733,-0.00961538461538458,0.013219284603421588
2,1994-06-30,0.016127435500550742,0.16646839478675846,0.0408729342799663,0.16722205442304872,-0.1284054275328823,0.0,0.0,0.0,0.0,0.0,-0.2150580439249445,7.399949670762907,-1.2043162306134043,-1.3505661769574966,-0.07890696960392997,-0.14268867924528314,-0.004716981132075415,0.03170028818443793,-0.13129496402877694,-0.08391608391608385,-0.06470070422535201,0.0,-0.14255910987482612,0.04580152671755733,-0.00961538461538458,-0.0006578226071702886
3,1994-09-30,0.0036987222595830094,-0.008067018305926155,-0.01684903650624581,-0.06419683257918551,0.14042263122017729,0.07272512276705312,-3.388228345445674,-2.5557853395691232,-2.5476190476190474,-2.1523809523809523,-0.4839892722919956,-0.14120231675654082,-7.216393442622953,3.677352618417976,-0.3993855606758833,0.07473635946813406,-0.004716981132075415,0.03170028818443793,0.14078674948240175,0.23664122137404586,-0.06470070422535201,0.5999999999999999,0.13625304136253047,0.04580152671755733,-0.00961538461538458,0.06001097092704333
4,1994-12-31,-0.04656616415410386,-0.13669064748201445,-0.04973899340096522,-0.11000302206104562,-0.037059175134488975,-0.07538802660753885,-1.0967741935483872,-1.2439024390243902,-1.2430769230769232,-1.3264462809917354,-0.9828326180257512,-0.7577519379844961,-0.18987341772151894,-0.3980769230769231,-0.4002557544757033,0.021331058020477744,-0.004716981132075415,0.03170028818443793,-0.03690260133091361,-0.1049382716049384,-0.06470070422535201,0.25,0.009992862241256171,0.04580152671755733,-0.00961538461538458,-0.030014489753674163
5,1995-03-31,0.01001405481377371,0.01847826086956528,0.013577943615256991,0.0903225806451613,-0.009310986964618295,-0.005823912298732471,-0.3888888888888888,-0.17500000000000004,-0.16455696202531644,-0.16455696202531644,85.75,-2.056,-0.05208333333333337,-1.9488817891373797,0.6332622601279319,0.1929824561403508,-0.004716981132075415,0.03170028818443793,-0.012562814070351758,0.2344827586206897,-0.06470070422535201,0.30000000000000004,-0.019081272084805482,0.04580152671755733,-0.00961538461538458,-0.06594110115236884
6,1995-06-30,0.0560967124717342,0.07221629313411593,0.04264239697310557,0.0716287760822174,0.14473684210526305,0.10820124052377668,-23.818181818181817,-7.9393939393939394,-7.712121212121211,-4.424242424242424,0.5273775216138328,-0.8939393939393939,-0.5769230769230769,0.5723905723905724,0.6096605744125327,0.1698179271708682,-0.004716981132075415,0.03170028818443793,0.13613231552162852,0.1899441340782122,-0.06470070422535201,0.15384615384615374,0.08429394812680102,0.04580152671755733,-0.00961538461538458,0.0005711674663011479
7,1995-09-30,0.012023387960141685,0.04213669542136689,-0.006178893683797536,0.03894216797442596,0.10782703886152167,-0.008706467661691586,-0.1992031872509961,-0.2183406113537117,-0.2167042889390518,0.13716814159292046,-0.6245283018867924,-16.0,0.20779220779220786,-1.222698072805139,-0.08434712084347118,0.0981741993415146,-0.004716981132075415,0.03170028818443793,0.10750279955207187,-0.03755868544600938,-0.06470070422535201,0.13333333333333353,0.09435215946843868,0.04580152671755733,-0.00961538461538458,0.0030825436693686648
8,1995-12-31,-0.023679713564976786,-0.12543775867558105,-0.03523142208625285,-0.06769230769230772,0.027173913043478267,-0.07653701380175659,-0.6517412935323383,-0.7318435754189945,-0.7319884726224783,-0.6381322957198443,-0.42713567839195976,0.2142857142857142,0.15053763440860224,1.3846153846153846,-0.21966341895482733,-0.021259198691741643,0.18378093733543954,0.1899441340782122,0.026794742163801732,-0.1121951219512194,-0.06470070422535201,0.17647058823529416,0.0522161505768064,0.25912408759124084,-0.009708737864077666,-0.06191668563623943
9,1996-03-31,0.009418236372728872,0.1401528940662542,0.03713175122749601,0.12091209120912084,-0.11784511784511785,0.006793478260869622,-4.942857142857143,-7.208333333333332,-7.204301075268817,-7.204301075268817,2.0350877192982457,-0.8235294117647058,0.17757009345794386,-1.7056451612903225,0.19863791146424514,0.0398217766638822,-0.6379003558718861,-0.5234741784037559,-0.12161496799606095,0.01098901098901095,-0.3110588235294117,0.09999999999999988,-0.12637045585689555,-0.6289855072463768,-0.009803921568627416,0.017107498180053415
10,1996-06-30,0.009495499958715127,0.04789272030651337,-0.05828977216688036,-0.026231263383297617,0.3849509269356597,0.13326585695006754,-1.5833333333333337,-1.4865771812080537,-1.5441941074523398,-1.4350086655112648,1.1156069364161851,7.4,1.1031746031746033,-0.4914285714285714,0.08428030303030297,0.09292983395822164,-0.5712530712530712,-0.3694581280788176,-0.07623318385650224,0.2445652173913042,0.0,0.13636363636363644,0.37252311756935264,-0.5390625,0.00990099009900991,0.07610640582130501
11,1996-09-30,-0.0071159823327334734,-0.05179768433881782,-0.007855048177628832,0.017866959868059418,-0.009448818897637823,0.02173265852932427,0.4782608695652173,0.6275862068965516,-0.015923566878981003,0.1872509960159363,-0.4071038251366121,-0.05555555555555558,0.28301886792452824,-3.955056179775281,-0.2296943231441048,-0.08257779955893174,0.6733524355300861,0.2421875,0.022451456310679685,-0.008733624454148492,20.311475409836067,0.08000000000000007,-0.002406159769008709,0.7457627118644068,0.029411764705882467,-0.06839596497062406
12,1996-12-31,-0.009308839278359016,-0.13656812339331614,-0.008022801646785593,-0.0013502565487442106,-0.01828298887122415,-0.06847319347319347,-0.4747899159663865,-0.4788135593220338,-0.4627831715210357,-0.453020134228188,-0.28801843317972353,0.35014005602240905,-0.46176470588235297,0.35361216730038025,-0.4036281179138321,-0.030181623931623824,0.506849315068493,0.2893081761006289,0.002373887240356032,-0.052863436123348095,-0.6419230769230769,0.11111111111111094,-0.009165460684997684,0.5436893203883495,0.01904761904761898,-0.13541170871013808
13,1997-03-31,0.038749376351238984,0.06847785634536653,0.030754496115781738,0.07247160627366145,0.07246963562753027,0.06975289333750401,0.512,0.5203252032520325,0.5180722891566265,0.5153374233128836,0.8640776699029127,-0.1390041493775933,-0.9726775956284152,-1.4382022471910112,0.2965779467680609,0.08124483613329647,2.0863636363636364,1.8439024390243897,0.06749555950266428,0.07906976744186034,-0.4794128177586825,0.10000000000000007,0.03261927945472265,2.2389937106918234,0.02803738317757021,-0.0037159372419488523
14,1997-06-30,0.019932756964457177,-0.0013932427725531493,0.0049556060293207685,0.029500756429652112,0.1351453378633447,0.0353801169590644,0.5978835978835979,0.5989304812834224,0.5873015873015872,0.48582995951417,0.25,0.655421686746988,9.6,-1.1282051282051282,-0.029325513196480912,0.1510443199184921,0.16936671575846818,0.18696397941680964,0.13089295618413746,0.0818965517241379,-0.8380330123796423,0.06060606060606055,0.11268269684111255,0.20776699029126225,0.0,-0.029976516093383032
15,1997-09-30,0.06231849933286249,0.21695151726543416,0.05763303883295667,0.12686749938770506,0.07748586631193888,0.003106467099689425,-0.1589403973509934,-0.15719063545150502,-0.16500000000000006,-0.11171662125340608,0.3583333333333334,-0.33333333333333337,-0.4150943396226415,-25.45,0.7386706948640482,0.04624917017039176,-0.04596977329974816,-0.010115606936416107,0.07356547327121142,-0.07569721115537842,-0.06581740976645423,0.08571428571428585,0.014406779661017,0.009646302250803762,-0.018181818181818188,0.07989176872685833
16,1997-12-31,-0.029405245659401506,-0.17827457724276294,-0.054881010199125835,-0.10780265159747884,0.05154320987654315,-0.03350225225225223,-0.2519685039370079,-0.2579365079365079,-0.2455089820359281,-0.2638036809815951,-0.7372188139059305,0.08078602620087327,1.032258064516129,-1.6155419222903884,-0.261511728931364,0.13684433164128595,-0.00759075907590745,0.05255474452554743,0.04202832343535845,0.06034482758620685,0.1079545454545454,0.05263157894736836,0.08312447786131982,0.05573248407643328,-0.0092592592592593,-0.0789924831860741
17,1998-03-31,0.055796605008753934,0.13393791419602374,0.046659815005138716,0.09062119366626063,0.08189022600528317,-0.012816778327992995,0.026315789473684292,0.03208556149732611,0.019841269841269767,0.02083333333333348,2.175097276264592,-0.0040404040404040656,1.9682539682539684,-1.451827242524917,0.15999999999999992,0.08483720930232552,-0.07149983372131696,-0.020804438280166426,0.06663743971942138,0.04065040650406515,0.013333333333333421,0.07499999999999996,0.025067489394523745,0.009049773755656076,-0.028037383177570097,0.03980526918671234
18,1998-06-30,0.052847873107426,0.03414334051061218,0.03888452474469761,0.02233638597274968,0.09142702116115033,0.11065210976689288,0.8564102564102565,0.854922279792746,0.8560311284046691,0.6775510204081632,0.06004901960784315,0.7809330628803246,-1.5561497326203209,-0.3308823529411765,0.09229208924949296,0.02743954724747022,-0.012177650429799458,0.02832861189801705,0.12494862309905486,-0.0390625,0.029352226720647637,0.046511627906976834,0.036493604213694734,0.04633781763826605,-0.00961538461538458,0.011429358303497672
19,1998-09-30,-0.01123056906115183,-0.15020820939916713,-0.004631379962192872,-0.02447017697181564,-0.028585632612478262,0.010095642933049877,-0.0966850828729282,-0.0949720670391061,-0.5408805031446541,-0.4939172749391728,-0.3791907514450867,-0.2608200455580866,-5.144230769230768,-6.967032967032968,-0.5041782729805013,-0.01602403605408098,0.02501812907904277,0.05509641873278248,0.0,-0.1260162601626017,-0.051130776794493515,0.06666666666666665,-0.017422867513611662,0.05428571428571427,0.0,-0.1287950987066031
20,1998-12-31,0.019945979638479102,-0.13685684284214206,0.01129997151267692,-0.0020156774916013642,0.04324462640736959,-0.09310889005786427,-0.4067278287461774,-0.4104938271604939,-0.3881278538812785,-0.3798076923076923,-0.23463687150837986,-0.4283513097072419,-1.1020881670533642,-1.1546961325966851,0.1573033707865168,-0.16115351993214588,-0.03891050583657596,-0.023498694516971168,0.05151625867738408,-0.1581395348837209,-0.2186528497409327,0.04166666666666674,0.02253417066863684,0.0027100271002709064,-0.029126213592232997,-0.13517737146429132
21,1999-03-31,0.09764378352685554,0.11111111111111116,0.12122065727699538,0.17504488330341106,0.036055923473142126,0.016241299303944245,0.11340206185567014,0.12041884816753926,0.12686567164179108,0.10077519379844957,1.0608272506082723,2.013477088948787,13.363636363636365,3.2976190476190474,0.5841423948220066,0.2127401415571284,-0.013986013986013844,-0.020053475935828846,0.04586518415566365,0.149171270718232,0.1962864721485411,0.06000000000000005,-0.05599710982658968,0.012162162162162149,-0.030000000000000027,-0.05439103722443084
22,1999-06-30,0.023445716053201338,-0.02481751824817513,0.01298048739636548,0.017379679144384985,0.05303030303030298,0.12928082191780832,0.6851851851851851,0.6869158878504673,0.6887417218543046,0.4577464788732395,0.33884297520661155,-0.4159212880143113,-1.5316455696202531,-0.5983379501385042,0.14811031664964247,0.058862764715691185,-0.0227696901829042,-0.028649386084584005,0.06511627906976747,0.014423076923076872,0.02882483370288247,0.03773584905660377,0.02908534251817829,-0.010680907877169464,-0.02061855670103097,-0.04146760940187266
23,1999-09-30,0.052768375241779575,0.32335329341317376,0.07060185185185186,0.00863525436455781,0.004271582733812895,-0.020217336365933813,-0.03296703296703296,-0.03324099722991691,-0.007843137254901933,0.1497584541062802,-0.6728395061728395,-0.3154670750382849,-2.3779761904761907,1.668965517241379,0.34430604982206403,-0.13921259842519695,-0.010313216195569021,-0.02528089887640439,0.04865876481596998,-0.1943127962085308,-0.1411637931034483,0.03636363636363616,-0.04611379695053909,0.01754385964912264,-0.04210526315789465,0.3120015948963317
24,1999-12-31,0.14089682494114952,0.1001131221719458,0.14949806949806946,0.01395868230039077,0.11596149541079015,-0.04230074800103168,0.0,0.0,0.03557312252964428,0.050420168067226934,-0.2641509433962265,2.697986577181208,2.3110151187904973,-0.6046511627906976,0.10125744540039716,-0.06695938529088907,0.0845233500578928,0.05763688760806929,0.14842355740630575,-0.10588235294117644,-0.1066499372647427,0.05263157894736836,-0.02183235867446387,0.12201591511936336,-0.05494505494505497,0.08494149825254538
25,2000-03-31,0.015751597805847783,-0.028020565552699283,0.033185543463657215,0.06534508076358292,-0.03630892678034103,0.06652302720172365,-0.3664772727272727,-0.3696275071633238,-0.33587786259541985,-0.3320000000000001,1.7106227106227108,-0.5728977616454931,-1.3313763861709067,-4.098039215686274,-0.2848557692307693,-0.0354901960784314,-0.026690391459074703,-0.04904632152588562,0.01579901579901577,-0.16447368421052633,-0.1741573033707865,0.03333333333333344,-0.05141490633718626,-0.024822695035460862,-0.023255813953488413,-0.08767507002801134
26,2000-06-30,0.018925881886642903,-0.11504892885480035,0.02035110533159945,0.023432115782219258,0.014363030807660325,0.09545454545454546,0.6860986547085202,0.6954545454545455,0.7471264367816093,0.7185628742514971,0.3432432432432433,0.5524079320113315,-1.3228346456692912,-1.1308016877637128,0.05210084033613449,0.0780646472860338,-0.01279707495429616,-0.04297994269340977,0.010453850076491687,0.06299212598425208,0.04591836734693877,0.032258064516129004,-0.004621848739495782,-0.01454545454545464,-0.03571428571428559,-0.13524715996315614
27,2000-09-30,0.06024506466984336,0.17692767483562455,0.040591346460205235,0.03265993265993261,0.12353786168684587,0.0016136468418626038,-0.6462765957446808,-0.6541554959785523,-0.6546052631578947,-0.6480836236933798,0.014084507042253502,-0.20164233576642326,-0.9878048780487804,1.1774193548387095,0.10782747603833864,-0.14029794455968314,-0.2122222222222223,-0.21257485029940115,0.12364370426444606,-0.14814814814814825,-0.21300813008130093,0.046875,0.05994090333474045,-0.1943419434194341,-0.02469135802469136,0.13971240901828508
28,2000-12-31,0.005778491171749557,-0.186135093956323,0.015799142682179967,-0.14492989892402994,-0.02410958904109584,-0.056846950517836614,-0.2781954887218045,-0.2790697674418605,-0.2857142857142857,0.00990099009900991,-0.8452380952380952,-0.17828571428571427,289.5,-0.8666666666666667,-0.016582552271088742,-0.006799736784382615,-0.2519981194170193,-0.2547528517110267,-0.02470244778800812,-0.11304347826086948,0.16115702479338845,0.04477611940298498,-0.029868578255674905,-0.2564885496183207,0.0,-0.04813084112149535
29,2001-03-31,0.007705986959098966,-0.08580343213728547,0.02314926452857491,0.058913250714966565,-0.04023956578701105,-0.06246949731576379,-2.385416666666667,-2.462365591397849,-2.4800000000000004,-2.088235294117647,0.8974358974358974,-0.19610570236439487,-0.8450946643717728,-11.666666666666664,-0.1407624633431085,-0.0013250883392226245,-0.4456316781898176,-0.4413265306122449,-0.040294727147133336,0.019607843137254832,0.2241992882562278,0.02857142857142869,-0.04761904761904756,-0.4332648870636551,-0.02531645569620256,-0.1368024873179513
30,2001-06-30,0.035339366515837016,0.11126279863481224,0.05179118548197037,0.15610370903853088,-0.019110764430577243,-0.017178552837064043,-0.32330827067669177,-0.3088235294117647,-0.3153153153153153,-0.3153153153153153,-0.1385135135135135,0.15224913494809678,7.2666666666666675,-2.734375,0.28412969283276457,-0.050862450243255086,-1.0170068027210883,-0.9863013698630136,-0.019433781190019258,-0.00961538461538458,0.6453488372093024,0.04166666666666674,-0.0525862068965518,0.0,-0.06493506493506496,-0.03867298578199052
31,2001-09-30,0.06538175779030643,0.31756756756756754,0.10593244075962137,0.12583709702538548,-0.07852882703777331,-0.1001059322033898,1.877777777777777,1.7872340425531914,1.8026315789473684,1.8026315789473684,-1.0666666666666669,0.2927927927927927,1.9018817204301075,2.846846846846846,0.8511627906976744,-0.22460391425908666,51.86666666666666,-57.33333333333334,-0.07976510888182031,-0.21359223300970875,17.374558303886925,0.026666666666666616,-0.13512283894449506,0.0,-0.08333333333333326,0.17018339577992525
32,2001-12-31,-0.03166919637363086,-0.1685314685314685,0.004761422348293021,-0.11426200027666344,-0.18683926645091692,-0.15744555620953504,1.833976833976834,1.8167938931297711,1.8122065727699528,1.8122065727699528,16.529411764705884,-0.313588850174216,-0.8550254747568319,-1.449648711943794,-0.20674802584350327,-0.19861778846153846,2.3430012610340483,2.094674556213018,-0.18691837277319867,-0.1234567901234569,0.0,0.025974025974025983,-0.15991583377169905,0.0,-0.09090909090909094,-0.06117290192113245
33,2002-03-31,0.004236390595212969,-0.09279506588169327,0.023089332526719183,-0.11338435108542864,-0.09498540726983284,0.08382815228780993,-0.4591280653950953,-0.456639566395664,-0.4574290484140234,-0.4574290484140234,-1.12751677852349,0.2148900169204737,-1.0543130990415337,0.2100694444444444,-0.3153846153846154,0.2598425196850393,0.3391173142210486,0.19694072657743789,-0.09483322432962717,0.5492957746478875,0.0,0.03797468354430378,-0.09893550407013152,0.0,-0.06666666666666654,0.023155627355950337
34,2002-06-30,0.015186669479012815,0.0855995055624228,0.029171183601064413,0.042451999295402436,-0.06801524479624743,0.11956171446986795,-0.5314861460957179,-0.5286783042394014,-0.5261538461538462,-0.5261538461538462,-0.02631578947368418,-0.6810584958217271,-26.058823529411764,-1.3357245337159254,0.1546596166556511,-0.2416666666666667,0.1949295774647888,0.051118210862619806,-0.0682803468208093,-0.1636363636363637,0.0,0.024390243902439046,-0.08200138985406535,0.0,-0.0357142857142857,0.041403508771930005
35,2002-09-30,-0.0011635154789112474,0.09422146313692004,0.014650962367135813,0.11287597161203113,-0.10506448568732307,-0.015544041450777256,0.7526881720430108,0.7460317460317459,0.7337662337662336,0.7337662337662336,-0.9189189189189187,-0.7816593886462881,-1.1009389671361502,-1.3846153846153846,-0.051516886090440805,-0.4226844583987441,0.18411126826968394,0.04711246200607922,-0.10585498255137647,-0.3804347826086958,0.0,0.03571428571428581,-0.10370931112793336,0.0,0.0,-0.016677897574123968
36,2002-12-31,0.02841452760327834,0.015088449531737824,0.12433937334843348,-0.019890677194048027,-0.686115992970123,-0.03274853801169586,0.11349693251533745,0.11212121212121208,0.11610486891385775,0.11610486891385775,68.0,1.2400000000000002,-6.046511627906978,-4.466666666666667,0.18829209414604708,-0.3140720598232496,-0.007565200079633572,-0.2351233671988389,-0.6860364267129229,-0.2280701754385964,0.0,0.02298850574712641,-0.6951013513513513,0.0,0.0185185185185186,0.03563474387527843
37,2003-03-31,-0.010315533980582492,-0.04766786263454637,0.0055819028832837505,0.04260263361735084,-0.4344904815229563,-0.04625151148730355,0.2837465564738293,0.2806539509536785,0.2785234899328859,0.2785234899328859,-1.7971014492753623,0.4732142857142858,0.004608294930875667,-1.358974358974359,-0.05688166582021325,0.026759167492566904,0.4659979939819458,0.045540796963946965,-0.4350828729281768,2.25,0.0,0.0224719101123596,-0.4293628808864266,0.0,0.0,-0.0865177832919769
38,2003-06-30,0.04463519313304731,0.3689451022604953,0.038313856427379056,-0.053046062407132284,0.34455445544554464,0.048177496038034784,-1.3948497854077253,-1.3829787234042552,-1.3832020997375327,-1.3674540682414698,-3.0303030303030303,-2.103030303030303,1.0229357798165142,-9.553571428571429,0.5158858373721056,0.19787644787644787,0.09756431308155444,-0.2867513611615245,0.3447432762836187,1.1188811188811187,0.0,0.03296703296703285,0.29126213592233,0.0,-0.036363636363636376,0.4454907642158639
39,2003-09-30,0.007982157530226575,-0.024572439551798664,0.01551571669748375,0.036403577592970304,-0.2680412371134021,0.041124886604172906,-1.891304347826087,-1.933333333333333,-1.9315068493150689,-1.9714285714285715,-0.4,-2.1703296703296706,-1.1723356009070294,-1.091858037578288,-0.03126110124333925,0.0298146655922642,0.0,-0.1806615776081425,-0.2672727272727272,-0.2343234323432343,0.0,0.021276595744680767,-0.2744360902255638,0.0,0.0,-0.05888248559258336
40,2003-12-31,0.0230969294670238,0.0010076582023377245,0.06930810639645335,0.002876608629825972,-2.3259557344064383,-0.01306999709555623,0.9939024390243902,0.9761904761904764,0.977941176470588,0.977941176470588,-0.5920398009950251,-0.6995305164319249,-0.5394736842105263,-0.8068181818181819,-0.006233956729006285,0.0007824726134584293,0.0,-0.059006211180124175,-2.3176178660049627,0.3663793103448276,0.0,0.02083333333333326,0.0,0.0,-0.018867924528301886,-0.0018636847710329363
41,2004-03-31,-0.006905448474730624,-0.056976041876384165,0.006922080325745039,0.029136473429951737,0.5599393019726859,-0.031194820482636887,0.17125382262996935,0.1656626506024097,0.1598513011152416,0.1598513011152416,-4.414634146341463,2.0,0.6571428571428573,30.176470588235286,-0.1955719557195572,-0.2103205629397968,0.0,-0.12211221122112215,0.5555555555555556,0.0,0.0,0.0,0.0,0.0,0.0,-0.08362229927980791
42,2004-06-30,-0.07644991212653772,-0.1853116994022204,-0.0028306742151312787,-0.10679184391961273,1.8715953307392998,0.20321992709599024,4.125326370757181,4.0852713178294575,4.060897435897435,4.060897435897435,-1.2,0.17708333333333326,-0.2413793103448276,-0.5962264150943396,-0.09816513761467892,-0.3504950495049505,0.0,3.1654135338345863,1.845036319612591,0.0,0.0,0.0,0.0,0.0,0.05769230769230771,-0.0879056905836123
43,2004-09-30,-0.026765399412567725,-0.13155136268343814,-0.0008110599078341443,-0.026441123337165414,0.2117208672086721,-0.02272153496591767,-0.6709118695873663,-0.6692073170731707,-0.6732108929702343,-0.6732108929702343,-9.232142857142858,-0.4823008849557522,-2.3181818181818183,1.4299065420560746,-0.2644964394710071,-0.236280487804878,0.0,0.19584837545126368,0.17617021276595746,0.0,0.0,0.0,0.0,0.0,0.05454545454545445,-0.10802616882080752
44,2004-12-31,-0.07332313185411887,0.08811104405552195,0.018226764564808432,0.0021929824561404128,0.6203522504892367,0.001808318264014508,2.414860681114551,2.3963133640553,2.213178294573644,2.213178294573644,-0.04989154013015185,-3.6923076923076934,10.724137931034482,-2.0711538461538463,0.011756569847856113,0.08982035928143706,0.0,0.6399999999999999,0.4848046309696093,0.0,0.0,0.0,0.0,0.0,0.0862068965517242,0.0858676207513418
45,2005-03-31,-0.002935645153891997,0.06516916250693283,0.027865347682719088,0.1461033496044437,0.143719806763285,-0.059566787003610074,-0.5145058930190389,-0.5133423790140208,-0.5392038600723763,-0.5392038600723763,-1.3767123287671232,-1.2126984126984126,-0.875,-0.6714542190305206,0.12508544087491447,0.06043956043956045,0.0,0.18775885872066267,0.12451267056530213,0.0,0.0,0.0,0.0,0.0,0.06349206349206349,-0.0706754530477759
46,2005-06-30,-0.008096793485761644,-0.01431918771153351,0.006345625044066772,0.016448817741224753,0.05370342434756381,0.14751850836303815,-0.6433239962651727,-0.6394052044609666,-0.6544502617801047,-0.6544502617801047,-1.6181818181818182,0.4776119402985075,-2.223529411764706,-2.666666666666667,-0.18529769137302554,-0.4093264248704663,0.0,-0.247191011235955,-0.04290357529794142,0.0,0.0,0.0,0.0,0.0,0.04477611940298498,-0.03031377415351888
47,2005-09-30,-0.062427531190575536,0.13127311146328569,0.0046241154627617576,-0.2833405577228724,0.21159627773801004,0.007407407407407306,1.9581151832460733,1.9226804123711336,1.5492424242424243,1.5492424242424243,-1.9803921568627447,5.595959595959597,-6.509615384615384,-1.0655737704918034,0.014914243102162494,-0.30116959064327475,0.0,0.15542974781266095,0.011999094407969313,0.0,0.0,0.0,0.0,0.0,0.0714285714285714,0.5786106032906764
48,2005-12-31,-0.00870640613405882,0.04599579733831427,0.04379663853825222,0.06149193548387099,0.1692071369490724,-0.017314990512333983,0.09292035398230092,0.09171075837742504,-0.031203566121842607,-0.031203566121842607,-0.88,-1.549770290964778,-0.5183246073298429,31.35,0.4753857457751654,-0.7071129707112971,0.0,-0.18574610244988865,0.12170022371364644,0.0,0.0,0.0,0.0,0.0,0.040000000000000036,-0.014591777649102576
49,2006-03-31,0.025899495982833358,0.13995535714285712,0.07640141644952236,0.19924026590693256,0.1786760990399192,-0.10234129857591112,0.6753036437246964,0.6728594507269791,0.638036809815951,0.638036809815951,57.41666666666666,-1.3676880222841226,-1.5362318840579712,-0.3493044822256569,0.2096613545816733,-0.15714285714285714,0.0,0.27954048140043763,0.17869964100518554,0.0,0.0,0.0,0.0,0.0,0.012820512820512777,-0.04947702432718304
50,2006-06-30,0.008707072672438976,0.15566869003328754,0.0739269420564228,0.02470700031675644,0.1888879362085228,0.2516805592901317,0.06573223779603676,0.06470304200869137,0.04681647940074907,0.04681647940074907,-0.6490727532097005,0.28787878787878785,-0.5,-0.995249406175772,0.0008233841086866532,0.1186440677966103,0.0,0.3920478837109875,0.1890016920473772,0.0,0.0,0.0,0.0,0.0,0.03797468354430378,0.1278437190900099
51,2006-09-30,-0.002700487052128997,-0.003558115892917657,-0.001473860647920655,-0.05517774343122106,0.0003605942593394307,0.0008592910848550518,-1.0235827664399093,-1.0235827664399093,-1.0232558139534884,-1.0196779964221825,-0.6056910569105691,-0.6235294117647059,1.445945945945946,-75.0,-0.060880296174413824,0.8333333333333333,0.0,-0.18273955773955766,0.00028461647929423084,0.0,0.0,0.0,0.0,0.0,0.024390243902439046,0.05459329094496823
52,2006-12-31,-0.05120642135293263,-0.0843393980615541,-0.03869529983792541,-0.05627351545885817,-0.020041813856246808,-0.1118265722257995,-39.096153846153854,-39.096153846153854,-39.384615384615394,-46.36363636363637,-1.5257731958762886,-1.078125,0.12154696132596675,0.6824324324324325,-0.10906701708278577,0.12396694214876035,0.0,0.14280345734686195,-0.02005975245411884,0.0,0.0,0.0,0.0,0.0,0.0,-0.029729729729729763
53,2007-03-31,0.00963204566303122,0.13909006499535748,0.008189071202769904,0.3865487952851448,0.006106084013830726,0.0014499758337360724,-0.9343765774861179,-0.9343765774861179,-0.9338677354709419,-0.9338677354709419,-8.058823529411764,-16.0,0.1133004926108374,-1.2369477911646587,0.029006882989183858,-0.3823529411764707,0.0,-0.30614929299572496,0.0060975609756097615,0.0,0.0,0.0,0.0,0.0,0.03571428571428581,-0.1784872509106492
54,2007-06-30,0.7027913785270811,0.018747962178024213,-0.2754800370292949,-0.03350418802350297,-1.6926001754899094,0.0,0.0,0.0,0.0,0.0,-1.5833333333333337,-0.2533333333333333,-0.6725663716814159,-6.7627118644067785,-0.12565695174390826,0.0,0.0,0.0,-1.567965367965368,0.0,0.0,0.0,13.549222797927461,0.0,0.0,0.05412102243088146
55,2007-09-30,-0.02848757929685186,-0.09665546487437993,-0.05098507954826481,-0.13284180571724225,0.0291385135135136,0.2613416988416988,-2.6923076923076925,-2.6923076923076925,-1.8484848484848488,-1.8484848484848488,-1.0571428571428572,4.035714285714286,-1.8513513513513515,-0.39117647058823535,-0.11311475409836068,20.86904761904762,0.0,0.0,-0.0797764227642277,-0.8517350157728707,0.0,0.0,0.05911680911680905,0.0,0.0,0.04169244092539914
56,2007-12-31,-0.010679522777896407,-0.07174490699734283,-0.031053203040173668,-0.01476730310262531,0.037443578169880976,0.0,0.0,0.0,0.0,0.0,43.33333333333334,-0.3262411347517731,9.841269841269842,-5.951690821256037,0.6315465187923599,-0.04354926510615143,0.0,0.0,-0.0444505797901712,0.042553191489361764,0.0,0.0,0.048755884330867534,0.0,0.0,-0.05783847980997636
57,2008-03-31,-0.17481417512259811,0.016984732824427473,0.022142536978933203,0.009992429977289996,-0.6093147433995847,-0.08819590587334991,-30.04545454545455,-30.04545454545455,-29.83928571428571,-29.83928571428571,-0.4680451127819549,1.8947368421052635,-0.8374816983894583,-1.1521951219512194,-0.05891238670694865,-0.2339214570290267,0.0,0.0,-0.6093614562265242,-0.20408163265306128,0.0,0.0,-0.5264507855081757,0.0,0.0,0.006933064414471168
58,2008-06-30,0.033489067464025364,0.3449052355038469,0.04937730222767933,0.2190076450307301,-0.05821311060491019,0.15379773394880414,-0.8366197183098592,-0.8366197183098592,-0.836532507739938,-0.836532507739938,2.494699646643109,-0.5290909090909091,-0.8468468468468469,-5.788461538461537,0.2997592295345104,-0.4167904903417534,0.0,0.0,-0.09467455621301768,0.4871794871794871,0.0,0.0,-0.08869329722410291,0.0,0.0,0.10327991987981976
59,2008-09-30,-0.07424686268127734,-0.2342681735733222,-0.030213121604680367,-0.16527299557304476,-0.3574307981725343,0.04000727404982718,-0.9521072796934866,-0.9521072796934866,-0.9507575757575758,-0.9507575757575758,-2.001011122345804,3.27027027027027,58.82352941176471,-2.4444444444444446,-0.3331275084902747,-0.09171974522292993,0.0,0.0,-0.3668300653594772,0.0,0.0,0.0,-0.3060921248142645,0.0,0.0,-0.0826052422557585
60,2008-12-31,0.7584967575591843,0.6224489795918366,0.9020123238677986,0.6237477902180317,-0.6344625679631953,0.17380660954712354,27.76,27.76,15.230769230769232,15.230769230769232,1.0090909090909093,-4.17631103074141,-0.4385447394296952,-2.9416126042632067,0.9699074074074074,0.19915848527349245,0.0,0.3530805687203791,-0.8387096774193549,0.8965517241379313,0.0,0.0,-0.7922912205567452,0.0,-0.16091954022988508,-0.0008658008658009031
61,2009-03-31,-0.01375127738037052,-0.09512578616352196,-0.005980969642048084,0.045817455997096745,-0.4061784897025171,-0.00431997616564872,-0.4478442280945758,-0.4478442280945758,-0.5450236966824644,-0.5450236966824644,-1.323278029160382,-1.0774267008255052,-1.3239929947460596,-0.9112171837708828,0.04371327849588713,-0.05497076023391823,0.0,-0.6732049036777583,-0.46399999999999997,4.872727272727271,0.0,0.0,-0.3969072164948454,0.0,-0.0547945205479452,-0.1346868036642732
62,2009-06-30,0.0019146300259038629,0.03003599354598485,-0.008569605251162349,-0.03279257395679713,0.8882466281310213,0.04727707959305817,-0.6763224181360201,-0.6763224181360201,-0.6770833333333333,-0.6770833333333333,0.297045101088647,-0.5147058823529411,0.5783783783783785,1.204301075268817,0.0923215492006304,-0.15965346534653468,0.0,-0.3172561629153268,0.8805970149253729,0.5681114551083593,0.0,0.0,0.8803418803418801,0.0,-0.043478260869565084,0.06494992846924164
63,2009-09-30,0.008385791366906536,0.06783949873478723,0.010413793103448254,-0.1394743923221814,-0.08163265306122447,0.08200000000000007,-0.3735408560311284,-0.3735408560311284,-0.3870967741935484,-0.3870967741935484,-1.0299760191846523,0.856060606060606,-3.791095890410959,0.3292682926829269,0.1123479694908267,0.13696612665684826,0.0,-0.06907378335949776,-0.08730158730158732,-0.3948667324777888,0.0,0.0,-0.08636363636363631,0.0,-0.045454545454545525,0.2408651262761956
64,2009-12-31,-0.02929569928432885,-0.1264951478221621,-0.014993288285213737,0.021159057744423608,-0.7277777777777779,0.0,0.0,0.0,0.0,0.0,-23.8,1.5755102040816324,-1.665030674846626,-2.106422018348624,-0.14621942179392144,0.22150259067357506,0.0,0.0,-0.7304347826086957,0.33768352365415977,0.0,0.0,-0.7213930348258706,0.0,0.0,-0.144635704232976
65,2010-03-31,0.01837433105950992,0.08009301123885804,0.022474245853928883,0.14565683372460958,-0.7061224489795919,-0.09585423818325857,0.5900621118012421,0.5900621118012421,0.631578947368421,0.631578947368421,0.6947368421052631,-0.5356576862123613,-0.3228782287822878,-1.5074626865671643,0.06642066420664205,0.3690349946977731,0.0,0.0,-0.7096774193548387,4.079268292682927,0.0,0.0,-0.7142857142857142,0.0,0.0,-0.05720794836096699
66,2010-06-30,-0.011953359345046157,-0.05896423872742496,-0.014841755709670834,0.059515324305060575,1.7638888888888888,0.19275700934579448,-2.82421875,-2.82421875,-2.806451612903226,-2.7741935483870965,0.07039337474120089,-0.10580204778157001,2.4087193460490464,-2.5653594771241828,-0.09749643802157536,0.0007745933384972759,0.0,0.0,1.7777777777777777,2.4468187274909967,0.0,0.0,1.8125,0.0,0.0,-0.11182709088468257
67,2010-09-30,-0.014974092081535773,-0.06952211489578043,-0.026874570052740188,-0.006054490413723522,2.5929648241206027,0.09573947110675808,-0.2226980728051392,-0.2226980728051392,-0.2321428571428572,-0.21818181818181825,-0.5029013539651838,2.0610687022900764,-0.4324540367705836,1.083507306889353,-0.22507893549842128,-0.13312693498452022,0.0,0.0,2.64,-0.6879353580384509,0.0,0.0,2.688888888888889,0.0,0.0,-0.06378476420798063
68,2010-12-31,0.0008110675966908065,-0.001912307061876839,-0.0034638767142655125,-0.03680203045685282,0.25454545454545463,-0.1297206703910615,-0.9476584022038568,-0.9476584022038568,-0.8372093023255813,-0.813953488372093,-0.3813229571984436,-0.16583541147132175,-0.7281690140845071,-0.4549098196392786,-0.15832363213038414,0.1383928571428572,0.0,-1.2293423271500843,0.17582417582417587,-0.6872767857142856,0.0,0.0,0.2530120481927711,-0.322463768115942,0.1587301587301586,0.03616402970616739
69,2011-03-31,0.016046123923312058,0.09388257834952783,0.019673216523610204,0.07685551163812042,-0.15496098104793754,-0.005392219797149878,-17.736842105263158,-17.736842105263158,-6.428571428571428,-5.75,1.4779874213836477,-0.13901345291479816,0.15544041450777213,-0.9797794117647058,-0.0038035961272475656,-0.1011764705882352,-2.030794165316045,-0.10294117647058808,-0.1588785046728972,-0.2355460385438971,-0.9265384615384616,0.0,-0.16826923076923073,-0.128342245989305,0.027397260273972712,0.015892801495793085
70,2011-06-30,-6.836671908116987e-05,0.008757662955085621,-0.0006956844375390903,0.0442088091353996,0.03562005277044844,0.18148960888085708,-1.6226415094339623,-1.6226415094339623,-1.631578947368421,-1.6052631578947367,0.25126903553299496,-0.4826388888888888,2.2017937219730945,1.3636363636363638,-0.00902464422075666,-0.105584642233857,-0.5982099661344944,-0.5081967213114754,0.03333333333333344,0.06349206349206349,-0.013743455497382095,0.0,0.03468208092485558,-0.5214723926380368,0.026666666666666616,-0.03404907975460125
71,2011-09-30,-0.019189571083458645,-0.09103311422547444,-0.02967999443064995,-0.061709107951882565,0.5566878980891721,0.07243526712553261,1.7727272727272732,1.7727272727272732,1.7500000000000004,1.8260869565217392,-1.0993914807302232,-0.2885906040268457,-0.6666666666666667,20.076923076923077,-0.1919439579684764,-0.22829268292682925,0.473208910295003,0.7166666666666666,0.5483870967741935,-0.2528533801580334,0.4578633045786329,0.0,0.5865921787709498,0.6666666666666667,0.025974025974025983,-0.031279771355986134
72,2011-12-31,0.010758434798773031,0.05457770500750447,0.073683455302052,0.05735930735930728,-2.142389525368249,-0.1443561532192339,-0.2258652094717668,-0.2258652094717668,-0.2424242424242425,-0.2153846153846154,-12.816326530612244,0.9433962264150944,0.6638655462184875,-1.6386861313868613,0.15171218032076286,-0.0037926675094817055,0.0,0.9029126213592232,-2.145833333333333,-0.3572267920094008,-0.3814292216659079,0.0,0.0,0.8692307692307693,0.025316455696202445,-0.002622520898213354
73,2012-03-31,0.015862433619163733,0.07374822098589727,0.006793629580131411,0.07440359026848277,-0.2757879656160458,0.001666865102988524,-0.7082352941176471,-0.7082352941176471,-0.7,-0.7058823529411764,-0.2823834196891192,-0.15291262135922334,-0.4242424242424242,-0.27428571428571424,0.09559653744824992,0.2322335025380713,0.0,0.5153061224489797,-0.2787878787878788,0.0,-0.2928623988226637,0.0,0.0,0.4897119341563787,0.012345679012345512,-0.0004930156121611962
74,2012-06-30,0.012016565208536004,0.019038438366068226,0.01449115044247784,0.0767257804484831,0.12265084075173105,0.15678117199572086,-2.354838709677419,-2.354838709677419,-2.333333333333333,-2.333333333333333,-0.2394705174488569,0.8681948424068768,0.5438596491228069,-2.4645669291338583,-0.1277911370663002,0.13491246138002055,0.0,-0.2861952861952862,0.11764705882352945,0.0,-0.254942767950052,0.0,0.0,-0.2928176795580111,0.012195121951219523,-0.053600789214074296
75,2012-09-30,-0.008228980322003587,-0.03476410074494507,-0.031730454694144594,-0.09997958211393176,-0.9577092511013215,0.019625976161117945,-7.232142857142858,-7.232142857142858,-7.1999999999999975,-7.15,-0.2674050632911392,-0.34355828220858897,-0.1477272727272727,-0.2876344086021505,-0.1043717999212288,-0.10707803992740472,0.0,0.5235849056603774,-0.9548872180451128,0.0,0.23743016759776525,0.0,0.0,0.5312499999999998,0.0,0.07244614315496856
76,2012-12-31,0.0044642857142858094,0.013352933970353977,0.05137387387387382,0.0034785238959467173,43.39583333333334,-0.1331250629849844,-0.994269340974212,-0.994269340974212,-0.9919354838709676,-0.9918699186991872,0.1879049676025919,0.24532710280373826,-1.4166666666666667,-1.5358490566037737,0.062445030782761764,0.07520325203252033,0.0,-0.2972136222910217,40.66666666666667,0.0,-0.2934537246049661,0.0,0.0,-0.298469387755102,-0.012048192771084376,0.009881743074680038
77,2013-03-31,0.011627384960718246,0.04460831721470026,0.007069257299543662,0.0601356443104748,-0.08822149225715625,-0.011857707509881464,0.16666666666666674,0.16666666666666674,0.0,0.0,0.8254545454545454,0.18198874296435275,-2.232,0.5492957746478873,0.0910596026490067,0.3809073724007561,0.0,-0.11894273127753308,-0.09199999999999996,0.0,0.9616613418530352,0.0,0.0,-0.11636363636363645,0.0,-0.014757779916586444
78,2013-06-30,0.015620839620129612,0.029394745978474687,-0.0011699389504583602,0.05025589991470003,-0.3906330416881112,0.1419999999999999,96.85714285714286,96.85714285714286,80.0,79.0,0.203187250996016,-0.10952380952380958,1.0649350649350648,0.4954545454545454,0.12481031866464345,0.1416837782340863,0.0,0.94,-0.39207048458149785,0.0,0.2939739413680782,0.061224489795918435,0.0,0.9547325102880659,0.0,-0.01986323673070656
79,2013-09-30,0.004915668967927944,0.006295671725688568,-0.023341000085186137,-0.0433840947546531,-1.1157094594594594,0.08066343875553716,0.9985401459854016,0.9985401459854016,0.9876543209876544,0.9875,-0.038907284768211925,0.09982174688057044,0.5440251572327044,-0.8389057750759878,0.017875210792580143,0.2709832134292565,0.0,0.17525773195876293,-1.115942028985507,0.0,-0.3492762743864066,0.05769230769230771,-0.8943661971830986,0.1663157894736842,0.0,0.051993355481727566
80,2013-12-31,0.13598712959540848,0.0782035526756788,-0.11450065416484954,0.0012735248337343295,83.98540145985402,-0.13479504289799804,5.193571950328707,5.193571950328707,5.211180124223602,5.226415094339623,-0.02583979328165376,0.5364667747163696,-0.2729124236252546,-4.283018867924529,-0.05765407554671964,0.2518867924528303,0.0,3.890350877192982,84.6875,29.32541133455211,0.06479690522243707,0.0,73.26666666666667,4.0361010830324915,-0.02439024390243893,0.07689878414653406
81,2014-03-31,-0.0016267319911199565,0.00984353952958239,-0.002043881898101452,0.06062747314867156,-0.00017177703341064718,-0.017628911414720116,-0.9748791131029604,-0.9748791131029604,-0.975,-0.9747474747474748,-0.15915119363395225,-0.4061181434599156,0.4929971988795519,-0.16666666666666666,-0.05098452883263005,0.1887716654107008,0.0,-0.017488789237668282,0.0014587892049597873,-0.9861345551000724,-0.7665758401453224,0.05454545454545445,0.0013464991023339756,0.008602150537634357,-0.025000000000000026,-0.04794721407624647
82,2014-06-30,0.00046006095807693553,0.07910937820644359,-0.01327542812021909,0.013257828114590307,0.0482776393780604,0.19122925078510544,2.7605633802816896,2.7605633802816896,2.8,2.76,1.1619348054679284,-0.5044404973357016,1.0900562851782365,-5.572413793103448,0.245646535753983,0.16006339144215542,0.0,-0.02145139205842073,0.05462490895848515,0.16086956521739126,0.13618677042801552,0.05172413793103448,0.047960555804571925,-0.012793176972281441,-0.012820512820512886,0.06499306945941785
83,2014-09-30,-0.004809258301239683,0.04545022344775118,-0.00860258077423226,-0.026037214807022147,0.007621076784397385,0.052443272761510284,-0.5543071161048689,-0.5543071161048689,-0.5473684210526315,-0.553191489361702,-0.3394941634241245,4.673835125448028,-0.4371633752244165,-2.285067873303168,-0.25342058298631764,0.03224043715846992,0.6849203105843891,-0.11893656716417912,0.014502762430939063,-0.0224719101123596,0.02054794520547953,0.07377049180327866,0.012403763900769915,-0.1090712742980562,-0.012987012987012991,0.07346348517715096
84,2014-12-31,0.041990758567578064,0.13369713506139158,0.1428715568560186,0.13947208533045294,-0.2832628497072218,-0.1369654678833423,-2.994397759103641,-2.994397759103641,-3.0,-3.0476190476190474,-0.5714285714285714,-0.9759949463044852,0.5406698564593302,-0.5046948356807512,-0.16812749003984062,0.06246691371095814,-0.9289352413291292,-0.9338274219163578,-0.2722940776038121,0.04597701149425282,0.17114093959731558,0.06870229007633566,-0.3122095479509928,-0.9341414141414142,0.013157894736842035,-0.005119224033409586
85,2015-03-31,-0.006818055837844783,-0.0159647011632571,-0.013286836761719822,0.0260678950174773,0.02643821627141718,-0.026847724681248075,-2.0477528089887644,-2.0477528089887644,-2.058139534883721,-2.046511627906977,1.8109965635738832,20.36842105263158,-0.18219461697722567,-1.080568720379147,0.01628352490421459,0.16666666666666652,0.9215017064846418,0.7999999999999998,0.03648269410664184,0.6043956043956045,16.891117478510026,0.06428571428571428,0.03378378378378377,0.7914110429447854,0.0,-0.041029113067027716
86,2015-06-30,-0.018064444113707445,-0.06725909016794396,-0.03328412293651861,-0.013684392863329342,0.057152332522661935,0.14049850873455472,0.9906166219839144,0.9906166219839144,1.0329670329670328,1.0333333333333332,0.6778728606356967,0.17610837438423646,1.0493670886075948,4.029411764705882,0.08058435438265787,-0.0717488789237668,0.677619893428064,0.5688888888888888,0.08483754512635366,-0.10502283105022836,-0.5027226137091607,0.06040268456375841,0.07664884135472373,0.5684931506849316,0.0,-0.054221971194577945
87,2015-09-30,0.01638847312479874,0.04649943186784378,0.0019204960895922165,0.030792647231003382,0.08177350203910905,0.0373587372746802,-0.11447811447811453,-0.11447811447811453,-0.0972972972972974,-0.09836065573770504,-0.24699453551912565,0.056544502617801085,-0.3934527486102533,-0.5555555555555556,0.03314435237679891,-0.04646882907752459,0.5892006352567496,0.4985835694050993,0.09400998336106504,-0.1198979591836734,-0.4170692431561997,0.08860759493670889,0.06401766004415023,0.5152838427947599,-0.012987012987012991,0.015228426395939243
88,2015-12-31,-0.009544048018491623,-0.24363150421782345,-0.023486755502182374,-0.004656974102680622,0.048815853069115615,-0.14450346628252453,-0.2547528517110266,-0.2547528517110266,-0.2455089820359281,-0.2363636363636364,-0.2844702467343977,0.1684836471754212,-0.29022403258655805,-6.223684210526316,-0.167581257914732,0.15946924004825092,0.5149900066622249,0.6049149338374291,0.06007604562737634,0.05797101449275344,-0.2458563535911603,0.08139534883720945,0.0591286307053942,0.6023054755043227,0.0,-0.2401470588235293
89,2016-03-31,0.003914630933112617,0.027606007067137783,-0.0045880238388043,0.03320780554604585,0.03705069124423965,-0.02641549147547884,-0.03469387755102038,-0.03469387755102038,-0.031746031746031744,-0.039682539682539764,-0.3164300202839757,-0.4902459711620018,-0.032998565279770416,-0.33501259445843834,-0.1338742393509128,-0.05805243445692888,-0.01055408970976246,0.04593639575971742,0.04591104734576757,-0.1095890410958904,-0.4117216117216118,0.06989247311827951,0.03281096963761021,0.04766187050359716,0.0,-0.005419005225469342
90,2016-06-30,-0.0320197967830228,-0.17923920051579625,-0.05383701591827039,-0.10260658272586698,0.04959118378954863,0.12928332072208404,0.6342494714587739,0.6342494714587739,0.6721311475409837,0.6776859504132231,2.1800197823936696,0.8502495840266222,2.1884272997032643,-0.8257575757575757,-0.02693208430913352,-0.08990501435829468,-0.0384444444444445,0.01801801801801784,0.08161865569272964,-0.12923076923076926,-0.1382316313823162,0.07035175879396971,0.0844001896633475,0.019742489270386132,0.0,-0.08542517999610832
91,2016-09-30,-0.013285819421311571,-0.040455616653574215,-0.03480313378867017,-0.06787692307692306,0.05927180355630824,0.003445965348904068,-0.18564036222509706,-0.18564036222509706,-0.16666666666666674,-0.16748768472906395,-0.4233281493001555,-0.20233812949640284,-0.5388552815262913,-0.4782608695652174,-0.014440433212996371,-0.08446601941747578,-0.05777675063554421,0.0011061946902655162,0.07736207989854149,-0.15547703180212016,-0.11416184971098264,0.0938967136150235,0.0734586794927854,0.003367003367003241,0.0,0.02957446808510644
92,2016-12-31,0.0061435188819973785,0.01664620002728889,0.013944534054841641,0.006073809995378543,-0.01782573940847321,-0.097777353810932,-0.5059571088165211,-0.5059571088165211,-0.4941176470588236,-0.5029585798816568,-0.3932038834951457,-1.5016910935738443,-0.549949545913219,-47.83333333333334,0.6862026862026862,0.2017497348886532,-0.10350748099092476,-0.06740331491712702,-0.01059446733372571,0.11715481171548105,0.19412724306688434,0.09012875536480693,-0.023625254582484767,-0.07466442953020136,0.013157894736842035,0.0103327133705311
93,2017-03-31,0.003862585591385193,-0.07663400885787143,-0.01180274028839734,0.04685346807533297,0.05355253519980474,-0.03277648551490797,-0.03054662379421225,-0.03054662379421225,-0.03488372093023262,-0.02380952380952384,-1.712,-4.896629213483147,-4.766816143497758,-1.7606761565836295,-0.3095582910934106,0.06397529230090447,-0.1099863201094392,-0.06990521327014221,0.04699583581201683,0.07490636704119846,0.14207650273224035,0.07874015748031504,0.049645390070921946,-0.0761559383499546,0.0,-0.1178155041930865
94,2017-06-30,0.0069181289958997185,0.04316860465116279,-0.004621696006646968,0.0424998432896635,0.0412514484356894,0.17960209881941402,1.0298507462686568,1.0298507462686568,1.0240963855421683,1.048780487804878,-3.9787765293383273,-0.4359861591695502,-1.6392857142857142,-1.3906432748538011,0.17514420555846888,0.019489944018246108,-0.10974485090685504,-0.08025477707006368,0.05795454545454538,-0.02787456445993031,0.09330143540669876,0.07299270072992692,0.03378378378378377,-0.08734052993130527,0.012987012987013102,0.0004637143519592434
95,2017-09-30,0.00218083566534788,-0.013097394454507416,-0.010668823038397337,-0.008117371174312995,0.03872690852437133,0.02492818089148363,-0.037581699346405206,-0.037581699346405206,-0.02380952380952384,-0.02380952380952384,-0.3105616093880972,0.3517382413087935,0.011173184357542,-3.2844311377245514,-0.3404730031236055,0.020337604230221684,-0.049723756906077436,-0.02631578947368418,0.05477980665950599,-0.035842293906810034,0.0908096280087527,0.1054421768707483,0.03652441368704351,-0.03548387096774186,0.0,-0.004866743916570049
96,2017-12-31,0.02626713911569856,0.1074403501341239,0.038363171355498826,0.1259093113482057,-0.006499535747446661,-0.07368896925858948,-0.5144312393887946,-0.5144312393887946,-0.5,-0.5121951219512195,0.16595744680851054,0.007564296520423674,-0.7697974217311234,-1.4403669724770642,0.2273342354533152,0.043850906916483856,-0.04324127906976749,-0.02418207681365581,0.002036659877800329,-0.007434944237918238,0.055165496489468335,0.0953846153846154,-0.03189910979228483,-0.03344481605351168,0.012820512820512777,-0.01653469958081044
97,2018-03-31,0.014748930421076391,-0.015298317185109656,0.05431415367426752,0.07747805954880738,-0.0972681524083393,-0.02703757930697903,-0.04370629370629375,-0.04370629370629375,-0.04878048780487798,-0.03749999999999998,-0.29979144942648595,-0.3040540540540541,2.148,-2.104166666666667,-0.18302094818081585,0.043727324804277316,-0.008355488036460246,-0.027696793002915387,-0.09146341463414642,0.041198501872659055,0.05133079847908762,0.0870786516853932,-0.11034482758620698,-0.03460207612456756,0.012658227848101332,-0.08595784986976085
98,2018-06-30,0.03176892636562001,-0.010745727602278654,0.03417547746923244,-0.037127723365980365,0.02381141992514136,0.1812800963081862,0.8738574040219378,0.8738574040219378,0.8846153846153846,0.9090909090909092,1.090096798212956,0.6666666666666667,-1.6556543837357052,-5.7924528301886795,1.1997300944669371,-0.03805342114892052,-0.045576407506702436,-0.07346326836581707,0.04026845637583909,0.05755395683453246,-0.028028933092224317,0.08010335917312661,-0.007751937984496138,-0.07765830346475501,0.0,0.0272020725388602
99,2018-09-30,-0.01421248835041944,-0.11974872398900673,-0.038216115510014026,-0.05765737713425712,0.0659614187927815,0.0151167728237791,0.28,0.28,0.29931972789115635,0.29931972789115635,-0.4656216601353759,-0.4116504854368932,-3.3313953488372086,-1.344206974128234,-0.18773006134969328,0.03423354887790042,0.046147672552166785,0.025889967637540368,0.07473118279569868,-0.006802721088435382,0.08093023255813936,0.0837320574162681,0.08159722222222232,0.019430051813471568,0.012499999999999956,-0.06582597730138717
100,2018-12-31,0.09568568987146152,-0.05738923580136779,0.12784813191602695,0.023130300693908985,-0.001240513718622327,-0.10131347778800304,-0.1989329268292684,-0.1989329268292684,-0.18324607329842926,-0.19895287958115185,-0.09066666666666667,0.11331133113311333,-0.7905236907730673,-1.1633986928104576,0.03776435045317217,0.004229496138286049,0.14345991561181434,0.10252365930599372,0.008504252126063205,-0.06506849315068497,-0.050774526678141085,0.07505518763796902,-0.0886837881219904,0.12579415501905955,-0.02469135802469136,-0.07856371490280778
101,2019-03-31,0.026134138651976224,0.13501577287066244,0.0504733892956053,0.1477554096242868,-0.0566961350186308,-0.02513498417426918,-0.30542340627973363,-0.30542340627973363,-0.2948717948717948,-0.2875816993464052,0.4303519061583578,0.09189723320158104,1.4166666666666663,1.37,0.08624454148471616,-0.10913752060062264,0.03958403220395845,0.011444921316165813,-0.022321428571428492,-0.11721611721611712,-0.2230281051677243,0.07186858316221767,-0.08058124174372516,0.0338600451467268,-0.02531645569620256,-0.011133899794901758
102,2019-06-30,0.010947429698743516,-0.008615897720956056,-0.007561823012466774,-0.0074567368569150565,0.08109364108124861,0.1970970206264324,0.9767123287671232,0.9767123287671232,1.018181818181818,1.027522935779816,0.6770886724756535,0.4171945701357467,1.729064039408867,-0.8143459915611815,0.014740368509212676,0.13360739979445024,0.07905776056792503,0.07072135785007072,0.08929477422628107,0.1618257261410787,0.07234539089848302,0.0670498084291189,0.06944444444444442,0.08296943231441034,-0.012987012987012991,-0.001185185185185178
