Unnamed: 0,Quarter end,Assets,Current Assets,Liabilities,Current Liabilities,Shareholders equity,Revenue,Earnings,Earnings available for common stockholders,EPS basic,EPS diluted,Cash from operating activities,Cash from investing activities,Cash from financing activities,Cash change during period,Cash at end of period,Price,ROE,ROA,Book value of equity per share,P/B ratio,P/E ratio,Cumulative dividends per share,Equity to assets ratio,Net margin,Asset turnover,Current ratio
0,1994-01-31,0.0663991268351769,0.08763333711960852,0.11577071330874135,0.14094572331804622,0.03328867417904058,0.1353695685846419,0.5564283424174414,0.5564283424174414,0.5652173913043477,0.28,-0.3830054792059643,2.5252727677577376,0.2284243048403707,-10.077705827937095,0.0341257063484548,0.07664233576642343,-0.00965665236051516,-0.0066666666666666,0.04819277108433751,-0.06760563380281681,-0.023672055427251704,1.666666666666667,-0.031072502505847036,-0.018281535648994485,0.01041666666666674,-0.04675324675324677
1,1994-04-30,0.0663991268351769,0.08763333711960852,0.11577071330874135,0.14094572331804622,0.03328867417904058,0.1353695685846419,0.5564283424174414,0.5564283424174414,0.5652173913043477,0.28,-0.3830054792059643,2.5252727677577376,0.2284243048403707,-10.077705827937095,0.0341257063484548,0.07664233576642343,-0.00965665236051516,-0.0066666666666666,0.04819277108433751,-0.06760563380281681,-0.023672055427251704,1.666666666666667,-0.031072502505847036,-0.018281535648994485,0.01041666666666674,-0.04675324675324677
2,1994-07-31,0.05270384123318883,0.04582374023877911,0.09704236967035906,0.12935862163164158,0.020595150347825664,0.0,0.0,0.0,0.0,0.28,-0.3830054792059643,2.5252727677577376,0.2284243048403707,-10.077705827937095,-0.29956041272360945,-0.023728813559322104,-0.00965665236051516,-0.0066666666666666,0.02298850574712641,-0.06760563380281681,-0.023672055427251704,0.0,-0.030517241379310226,-0.018281535648994485,0.01041666666666674,-0.07395873880887516
3,1994-10-31,0.02722907280056908,0.03722061840695745,0.032933097661567164,0.0233074457700182,0.022788973995371498,0.06655622685636331,-0.02101143269131733,-0.02101143269131733,-0.02777777777777779,0.28,1.0835638375309358,-0.6481808994441638,-0.4284037558685446,-1.6426169367166006,0.274831117890608,0.01736111111111116,-0.00965665236051516,-0.0066666666666666,0.033707865168539415,-0.0060422960725076144,-0.023672055427251704,1.0,-0.0042681842432866785,-0.018281535648994485,0.01041666666666674,0.013608659100462495
4,1995-01-31,0.031210863781431675,0.03379750380730662,0.045310307750809686,0.036072770250306085,0.02012679105246873,0.028542713567839106,-0.19147816938453446,-0.19147816938453446,-0.17142857142857149,0.28,-0.1515511458915595,0.3463195691202872,-2.2161924317981816,0.2833809070726292,0.27667430173327395,-0.03754266211604107,-0.00965665236051516,-0.0066666666666666,0.021739130434782483,-0.06686930091185417,-0.023672055427251704,0.5,-0.010716199321307409,-0.018281535648994485,0.01041666666666674,-0.0022290187133896518
5,1995-04-30,0.07070421589312792,0.07114646257265145,0.05953448697604704,0.07095365360797867,0.07970190728811423,0.1060221128620582,0.4906961613532856,0.4906961613532856,0.4827586206896553,0.28,0.4629827884377831,-0.13068409121216162,-3.728654124457308,-1.0077845051278882,-0.0016870179948585973,0.07092198581560294,-0.00965665236051516,-0.0066666666666666,0.08510638297872353,0.0456026058631922,-0.023672055427251704,0.3333333333333335,0.008304748149485564,-0.018281535648994485,0.01041666666666674,0.00020781379883616505
6,1995-07-31,-0.004147620802396057,-0.02028944269240196,-0.05363199924228523,-0.058499954350406336,0.03496958352831081,-0.013948084213231682,-0.13669692737430172,-0.13669692737430172,-0.11627906976744184,0.28,-0.5117365606529694,0.4813621721122872,-0.12304428533545475,137.34920634920636,-0.2337920120168451,0.07947019867549665,-0.00965665236051516,-0.0066666666666666,0.0490196078431373,-0.003115264797507677,-0.023672055427251704,0.25,0.03921217547000898,-0.018281535648994485,0.01041666666666674,0.04056721379596917
7,1995-10-31,-0.002023398995386283,0.002674422357041406,0.030249766996728544,0.018828739282568563,-0.0253511956703576,0.02556486514370726,0.024368048533872644,0.024368048533872644,0.026315789473684292,0.28,0.27426792713857506,-0.2624003313658486,-0.6477169640157242,-0.9596145020651676,-0.012322772623840406,-0.036809815950920144,-0.00965665236051516,-0.0066666666666666,-0.028037383177570097,-0.08437499999999998,-0.023672055427251704,0.2,-0.02325982081323241,-0.018281535648994485,0.01041666666666674,-0.015873808216442797
8,1996-01-31,0.011846814508600369,0.014483016651446025,0.036453052427066535,0.03861925648611564,-0.006953786775279913,-0.03548528858932476,-0.0872569341624716,-0.0872569341624716,-0.10256410256410264,0.28,0.6308694472089025,0.10037905376947907,2.0429184549356223,0.7045454545454546,-0.02126679190444125,0.0031847133757960666,0.020585048754063084,0.022051773729625967,0.0,0.03412969283276435,-0.023672055427251704,0.16666666666666674,-0.01869818310107596,0.02234636871508377,0.0,-0.0232310423535379
9,1996-04-30,0.009441857080483285,-0.0046913355038525895,-0.031117281455576462,-0.044063965298672736,0.041785982893206335,0.016797957895314797,0.3653076673515734,0.3653076673515734,0.4000000000000001,0.28,-0.07894152890269612,0.2211023220209236,-0.4754113775270333,-5.303333333333334,0.0935066816354615,0.060317460317460325,0.01804670912951156,0.024390243902439046,0.04807692307692313,0.059405940594059466,0.01951507983441747,0.0,0.032176882976811205,0.030965391621129438,-0.005154639175257714,0.041179830710910366
10,1996-07-31,0.03717987997188521,-0.000928346030025784,0.051832862748417474,0.10706525212500796,0.026312485426793097,0.09266567687947093,-0.0944158415841584,-0.0944158415841584,-0.1020408163265306,0.28,0.8817081250376437,0.7031658133946297,2.0885463344685427,-0.7176607281177382,0.02414307004470939,-0.026946107784431083,0.027632950990615246,0.0219780219780219,0.04587155963302725,-0.07165109034267914,-0.0632250580046404,0.1428571428571428,-0.010449320794148398,0.012367491166077826,0.010362694300518172,-0.09750623441396497
11,1996-10-31,0.00652351992056599,-0.0021894229733879773,-0.0021670402943035905,0.02237007317178774,0.01312915064662712,-0.07516712864829611,0.013732178780722526,0.013732178780722526,0.02272727272727271,0.28,-0.5451635618718391,-0.4417520397521625,-0.41698102257559055,-7.386831275720165,-0.1505626697710516,0.05230769230769239,0.014713343480466934,0.017025089605734678,0.017543859649122858,0.006711409395973257,0.014241486068111488,0.125,0.006511791622668017,0.034904013961605695,-0.02051282051282055,-0.024039789997236882
12,1997-01-31,0.01153206832429876,0.013061446351348094,-0.0034909241732097307,-0.00786995863860307,0.022778532462211842,0.05167863401290762,-0.052976704055220036,-0.052976704055220036,-0.044444444444444516,0.28,0.15517241379310345,-0.06967032967032971,-0.5175194107107306,-1.0206185567010309,0.003654636820465962,0.14619883040935666,0.012499999999999956,0.022907488986783964,0.01724137931034475,0.1266666666666667,0.1068376068376069,0.11111111111111116,0.01101591187270512,0.018549747048904,0.0052356020942407894,0.02106455266138152
13,1997-04-30,0.0628983259946263,0.02472087426519897,0.11242463306491236,0.13030456094420306,0.02677438260803577,0.08649777240422862,0.2937317784256559,0.2937317784256559,0.3023255813953489,0.28,-0.30149253731343284,1.9375147649421207,-2.608004951516402,-47.47916666666666,-0.1692459414352906,0.07397959183673475,0.011358024691358048,0.003445305770887197,0.025423728813559254,0.05621301775147925,0.02647545504688353,0.2,-0.033898305084745894,-0.0033112582781458233,0.005208333333333259,-0.09338952972493343
14,1997-07-31,0.042302822329063794,0.03496627344688452,0.0940265544209733,0.10963059938695484,0.001429058340896017,0.1008575062185566,-0.024366197183098626,-0.024366197183098626,-0.0357142857142857,0.28,0.08799930228501651,-0.004825284490731385,-1.1437002822684117,0.7086508292245629,-0.3480960642863665,0.1330166270783848,0.03369140625,0.018884120171673846,0.016528925619834656,0.10364145658263313,0.09081139172487918,0.08333333333333348,-0.03920515574650918,0.00830564784053167,0.010362694300518172,-0.06728651822852949
15,1997-10-31,0.03276891860367881,0.04484446726037693,0.019849996912539414,0.02673896889907379,0.0439218420027474,-0.005861191690698986,0.011837736393821352,0.011837736393821352,0.0185185185185186,0.28,1.1025250501002004,-0.5228494080568912,-3.55625,-2.571222455403987,0.8389830508474576,-0.4779874213836477,0.023618327822390255,0.010109519797809607,0.04065040650406515,-0.4873096446700508,-0.5044334975369458,0.0769230769230771,0.0108067821874418,-0.0065897858319604605,0.02051282051282044,0.017641657922350618
16,1998-01-31,0.009269440253663051,-0.02229121346658458,0.016669150660431953,0.024683582765688383,0.003028565143611273,-0.0046696031478166145,-0.10764731060065637,-0.10764731060065637,-0.5454545454545454,0.28,-1.190819322124366,0.5212973156067406,-1.27348934683898,-2.6667501460889893,-0.7604067486765433,0.10040160642570273,0.01015228426395942,-0.006672226855713115,0.0078125,0.059405940594059466,0.04771371769383692,0.0714285714285714,-0.00626728110599073,-0.011608623548922005,0.005025125628140614,-0.04582071276664312
17,1998-04-30,0.05577724572137988,0.06825266193757007,0.09824680352013626,0.15805562893912528,0.0194715426458898,0.003717152987028571,0.2730034375249819,0.2730034375249819,0.28,0.28,-2.6605394605394608,-0.3247425549679933,-22.13793103448276,-1.6933787438645698,2.2006040375139087,0.07664233576642343,0.014618547281863847,-0.003358522250209939,0.03100775193798455,0.07009345794392519,0.04174573055028485,0.06666666666666665,-0.034316453348173015,0.008389261744966348,-0.015000000000000013,-0.07760367418614078
18,1998-07-31,-0.0014618479678113472,-0.020500758466704183,0.016339010482495198,-0.2202239344491259,-0.017855016345330155,0.024076291481354817,-0.0831449384576739,-0.0831449384576739,0.0,0.0,-0.2047888340753219,-0.010056879070150848,-1.319436892030693,-1.2937012424154868,-0.2019369257511795,-0.023728813559322104,0.0013507429085997116,-0.010109519797809607,0.007518796992481258,-0.05240174672489084,-0.059198542805100174,0.125,-0.0165194006915097,0.009983361064891838,-0.015228426395939132,0.2562056088452809
19,1998-10-31,0.02575898069578497,0.023324203646538415,0.06409193515288325,-0.05508322785565878,-0.010771655760723696,-0.058625297532049925,-0.08431506849315074,-0.08431506849315074,-0.12499999999999988,-0.12499999999999988,2.8701770313209267,-0.2366558414522441,0.3230565538112351,-2.0425479586817508,0.2637998630904226,0.01736111111111116,-0.009442446043165464,-0.03319148936170202,-0.0074626865671642015,0.009216589861751112,-0.02613746369796699,0.05555555555555558,-0.03554687499999998,-0.003294892915980175,-0.030927835051546393,0.08294474236418757
20,1999-01-31,-0.008549678532868143,-0.02793128896113839,-0.008639775365840485,-0.02008011828187984,-0.008457319990352595,-0.02298707808597756,-0.01473558231730121,-0.01473558231730121,0.0,-0.0357142857142857,-0.060364375635311614,-0.12119559288753134,1.7745532523230878,-1.115593300306676,-0.024128422296631924,-0.03754266211604107,0.016341352700862455,-0.005281690140845119,0.007518796992481258,-0.03196347031963465,-0.041749502982107334,0.05263157894736836,0.0,0.026446280991735627,-0.03191489361702116,-0.00801980730932772
21,1999-04-30,-0.004854235098581293,-0.002550467060840389,-9.337576743206899e-05,-0.0626547508511297,-0.009733708698530186,0.10883136813333992,0.32235044032796845,0.32235044032796845,0.3214285714285714,0.37037037037037024,0.04876425064491974,-0.16894240317775566,-0.1473619126133553,-2.9020408163265303,0.04702795438490258,0.07092198581560294,0.037963376507369466,0.0238938053097344,0.0,0.06132075471698116,0.05290456431535273,0.09999999999999988,-0.004860267314702349,0.014492753623188468,0.01098901098901095,0.06413456321215394
22,1999-07-31,0.04555160001503933,0.09251458255144662,0.03343553746663441,0.03971218468607906,0.05809041745692345,0.04103284347245717,0.06143070386956029,0.06143070386956029,0.08108108108108114,0.05405405405405417,0.014123621359993566,-0.12606422703510078,-0.9576383853033599,21.740343347639485,1.0213975903614458,0.07947019867549665,0.058950086058519924,0.05099394987035444,0.06716417910447747,0.08000000000000007,0.03645320197044333,0.045454545454545414,0.012006512006512038,0.04920634920634925,0.0,0.05078523353049147
23,1999-10-31,0.08619723747913355,0.12555341164837208,0.11642538451401575,0.16618588895358075,0.05564329833347914,-0.030247010698552512,-0.08005192557334484,-0.08005192557334484,-0.07500000000000008,-0.07692307692307697,0.36327360926375096,0.9198427619210392,3.2967189728958632,-0.31716523544399355,0.34503147053213795,-0.036809815950920144,0.03372612759041038,0.02796052631578938,0.05594405594405605,-0.09465020576131687,-0.08840304182509506,0.08695652173913038,-0.028152020912929895,0.0363086232980332,-0.005434782608695675,-0.03484083850931674
24,2000-01-31,0.0651993985025292,0.01805273486525349,0.08990715540761585,0.14002450896960214,0.03878738499697176,0.05153518556073822,0.023400752587017903,0.023400752587017903,0.027027027027026973,0.0277777777777779,-0.5923438934802572,2.4699545980592896,-7.4531872509960175,-1.4815505804311777,-0.12352878615995465,0.0031847133757960666,0.027122641509433887,0.014399999999999968,0.039735099337748325,-0.05000000000000016,-0.05526590198123038,0.08000000000000007,-0.024829298572315302,0.021897810218978183,-0.010928961748633892,-0.10698843640020116
25,2000-04-30,0.1395474375898671,0.12424876650612338,0.28168861549124946,0.4322419790686911,-0.01987554790503332,0.10036797605455616,0.0025278639549579647,0.0025278639549579647,0.0,0.027027027027026973,0.6994227791074195,0.7102981168864488,1.601841848021814,-1.928971157985364,0.13092806439217752,0.060317460317460325,-0.030233448143895725,-0.07886435331230279,-0.0063694267515923535,0.019138755980861344,-0.009933774834437026,0.03703703703703698,-0.1398260131551029,-0.0385714285714287,-0.04419889502762432,-0.21506587096047736
26,2000-07-31,-0.03871512301418123,-0.0642477801120972,-0.05967731421908162,-0.1809492041320505,-0.007970511585745799,0.055854485289736015,0.05266475644699131,0.05266475644699131,0.07894736842105265,0.05263157894736836,-0.3736227321680061,-0.8835653426137046,-1.9376730206438344,-5.907630522088352,-0.568158652384614,-0.026946107784431083,-0.017363851617995363,-0.05736301369863006,0.006410256410256388,-0.023474178403755763,-0.033444816053511794,0.0714285714285714,0.03206709422792309,-0.04457652303120363,-0.011560693641618491,0.1425190073160234
27,2000-10-31,0.00969152864824818,0.03686757448485811,0.03652193113080626,0.0332892135651317,-0.02760873056948588,-0.037654667326226465,-0.0851978877456584,-0.0851978877456584,-0.07317073170731703,-0.07500000000000008,-0.8232376669752678,-0.17714506570471533,-1.1687895402783637,-1.0916530278232406,0.12058470330034375,0.05230769230769239,0.0016064257028112205,-0.04087193460490468,-0.019108280254777062,0.04807692307692313,0.04498269896193774,0.06666666666666665,-0.037045889101338436,-0.04043545878693622,0.0,0.0034528218971687785
28,2001-01-31,0.005639306245535325,0.0024555509321333435,-0.04009244099208109,-0.06701181184797733,0.07340968322137797,-0.03531940290269053,0.07742204237086403,0.07742204237086403,0.07894736842105265,0.08108108108108114,7.859334081556303,0.27101925786754344,-2.9816341829085458,-0.8743131868131868,0.013524999076161226,0.14619883040935666,0.0060144346431434395,-0.01609848484848475,0.0714285714285714,0.1697247706422016,0.13907284768211925,0.0625,0.06751054852320681,-0.008103727714748765,-0.005847953216374324,0.07444944944944942
29,2001-04-30,0.014386140361197787,0.019785896207318958,-0.00041287019619074,0.013725153687397462,0.033997996094778486,-0.035439561422016874,-0.0154101077050538,-0.0154101077050538,-0.02439024390243893,-0.025000000000000026,-0.2181917993327984,0.26016260162601634,-0.9587037387302187,18.472677595628415,0.25985342910270903,0.07397959183673475,-0.011956954962136336,0.007699711260827691,0.03030303030303028,0.0,0.05232558139534872,0.0588235294117645,0.019297837712159985,0.017973856209150485,-0.0117647058823529,0.005997437987655729
30,2001-07-31,0.02477448089285561,0.023183417085427042,0.0009448306662089844,-0.05680959863868795,0.05530292256863256,0.10408162508666363,0.27975990126781114,0.27975990126781114,0.2749999999999999,0.28205128205128194,1.0487739008318029,0.3869990224828934,45.47786259541986,-1.8819980356391188,0.04578341147189914,0.1330166270783848,0.027430415490116825,0.04871060171919761,0.06470588235294117,0.10196078431372556,0.12615101289134456,0.0277777777777779,0.029653284671532942,0.0658105939004816,-0.017857142857142905,0.08479481391445276
31,2001-10-31,0.02896736131743128,0.03146156811802747,0.02434382068257613,0.021483898582007388,0.034585528356936734,-0.031447913658435016,-0.1354052513917503,-0.1354052513917503,-0.11764705882352945,-0.14,0.15834014394558538,-0.2279935161040243,-0.6392274085996781,-4.403436207445116,0.5920411777728579,0.5639412997903566,-0.00942285041224955,0.019125683060109425,0.03314917127071837,0.4661921708185053,0.4701553556827474,0.05405405405405417,0.005538325210456385,0.04066265060240948,-0.01818181818181808,0.009764166044178737
32,2002-01-31,-0.04167302575948195,-0.07349793709631725,-0.10692488972143332,-0.18641837916259285,0.03683105695046485,-0.08372251056585844,0.05252484283106873,0.05252484283106873,0.04444444444444429,0.046511627906976834,-0.310216901472563,0.2927697644696001,0.8590549030319585,-1.2351126484060952,-0.08743264383799754,0.2184986595174263,-0.005945303210463715,0.027703306523681803,0.03743315508021383,0.17961165048543706,0.17575083426028915,0.0512820512820511,0.08195637805684064,0.04775687409551388,-0.01851851851851849,0.13881109643328915
33,2002-04-30,0.05515526631429735,0.062107013184571125,0.04781679578695708,0.0829253704893338,0.06276001495816398,0.01945656327923695,0.034393063583815005,0.034393063583815005,0.021276595744680767,0.04444444444444429,0.04315834625664028,-0.2472989195678271,-0.8170241943383292,-4.632405566600396,0.3480190476190477,0.08800880088008811,-0.0023923444976078345,0.02869565217391301,0.061855670103092786,0.049382716049382484,0.05723746452223288,0.048780487804878085,0.00712685807371205,0.045580110497237536,-0.018867924528301886,-0.019209354120267245
34,2002-07-31,0.1559503915348519,0.10438697721229896,0.2578665425418853,0.3950170292412016,0.05182120570690274,0.12786213500703347,0.1607059700102449,0.1607059700102449,0.1875,0.17021276595744705,0.5325952870472876,5.858429496200394,-1.8958779443254816,-2.3784138799189973,-0.3558661033474163,-0.07583417593528817,-0.02118305355715422,-0.023668639053254448,0.058252427184465994,-0.12941176470588225,-0.11588366890380307,0.046511627906976834,-0.08997169429842289,0.01981505944517825,-0.03846153846153855,-0.20834516037468065
35,2002-10-31,-0.02721227669617976,-0.061121528903532174,-0.06591088960663938,-0.12064958392902968,0.020072081772824824,-0.009273641533277144,-0.08377131394182546,-0.08377131394182546,-0.08771929824561397,-0.09090909090909094,-0.0059439044022041605,-0.8523199824906982,-10.181356438601735,-1.4949771689497715,0.2734611503531785,-0.07002188183807445,-0.006124948958758703,0.0025974025974024872,0.027522935779816567,-0.12162162162162173,-0.09463562753036436,0.04444444444444429,0.0484336814041324,0.023316062176165664,-0.026666666666666727,0.06770646587785345
36,2003-01-31,0.010324100329263564,0.007030143519458409,-0.04620834630956083,-0.0899290472656934,0.0735765473314185,-0.055162861147833975,-0.12414064894688448,-0.12414064894688448,-0.11538461538461542,-0.09999999999999998,-0.5040174400498287,0.28241941459799924,-0.5129515131793037,-0.9158511150328894,0.018070006201336808,0.03176470588235292,-0.05751848808545613,-0.0509499136442142,0.0758928571428572,0.00512820512820511,-0.004471771939631219,0.042553191489361764,0.06272515363424436,-0.02531645569620256,-0.020547945205479427,0.10650920691778132
37,2003-04-30,0.02913462631726982,-0.011211874067414862,0.008892794291709638,0.006188561010691318,0.049255640569140224,0.06331583739677349,0.2664733526647336,0.2664733526647336,0.28260869565217384,0.2444444444444445,0.306375319184562,-0.1417118093174431,0.5560232511525356,-9.904671115347947,-0.15805147121030105,0.03648802736602064,-0.005231037489102032,0.004549590536851778,0.049792531120331766,-0.03826530612244894,0.03649635036496357,0.061224489795918435,0.019541375872382805,0.014285714285714237,-0.013986013986013957,-0.01729893778452185
38,2003-07-31,0.025723416577700497,0.06548925969579877,0.034227228053809844,-0.02540779488019962,0.017595534700914683,0.09203622333091976,0.07149060476867207,0.07149060476867207,0.05084745762711873,0.0714285714285714,0.3924634709048962,-1.1391904401245476,-0.001374039245995995,-2.8531206508939086,0.34786977491961424,0.2222222222222221,-0.015337423312883347,0.014492753623188468,0.015810276679841806,0.16445623342175053,0.16847237269772486,0.05769230769230771,-0.007823195775474301,0.001280409731114096,0.014184397163120588,0.09326744904261887
39,2003-10-31,0.046282470348538496,0.05844448598541916,0.029695999116436944,0.04306881668192597,0.06239480725000157,-0.006279254240161847,-0.05846811332571932,-0.05846811332571932,-0.048387096774193616,-0.06666666666666654,-0.4833624815905744,-11.830108827085853,-1.1757750354731908,-0.3109185441941075,0.17784404353660355,0.18451845184518456,-0.02047174009790842,0.0,0.0661478599221792,0.16628701594533046,0.15669911914696333,0.03636363636363616,0.015375517445298748,0.006393861892583175,-0.006993006993006978,0.014736346516007526
40,2004-01-31,0.029285297859382938,0.03677900598404249,-0.022685526580411564,-0.028907817426196636,0.0782166510978144,0.012156480409481365,-0.021795273125684744,-0.021795273125684744,-0.050847457627118516,0.0,0.0497082535299096,-0.2304471612795177,-2.7583170254403133,-0.6481388329979879,0.05312792728929838,0.08966565349544076,-0.0013630168105406293,0.017857142857142794,0.08029197080291972,0.021484375,0.05931863727454911,0.035087719298245716,0.047369442826635584,0.01270648030495547,0.007042253521126751,0.06764719528603913
41,2004-04-30,0.030667173417080473,0.04291145354231918,0.04558279487285022,0.12612006032069578,0.0179380859927607,0.11552331356671976,0.1828873154926196,0.1828873154926196,-0.3928571428571429,-0.4107142857142857,0.12619340603386098,-0.3283278926369242,-0.5474401780745688,1.678103407195616,0.13510427309333495,-0.04463040446304045,-0.002274795268425889,0.007894736842105177,0.0202702702702704,-0.1147227533460804,-0.09042754445705636,0.05084745762711873,-0.012233549582947091,-0.011292346298619749,0.020979020979021046,-0.07387771066011906
42,2004-07-31,0.023123235393862185,0.07107512975770236,-0.010885775890346228,0.12832273362026947,0.05293495221190092,0.03608859434196465,-0.11430117344695813,-0.11430117344695813,-0.11764705882352955,-0.12121212121212133,0.7140650314607588,-0.3012204341721568,9.627420842299417,-0.5490213523131673,0.05367713241912432,-0.006569343065693456,-0.057911536707706324,-0.039164490861618884,0.0927152317880795,-0.025917926565874768,-0.04866888519134771,0.06451612903225823,0.029086132482642125,-0.04695431472081213,0.006849315068493178,-0.05072497771104123
43,2004-10-31,0.03983889921116912,0.05724460870501269,0.18751492319528812,0.30995122022038,-0.08176510532630121,-0.02879451612399142,0.04593180863655455,0.04593180863655455,0.06666666666666665,0.06896551724137945,-0.09219000725386327,0.08964451313755806,-0.4615429116889879,2.7950286052475835,0.19332891140054675,0.016899338721528382,0.0029041626331074433,-0.013586956521739135,-0.08181818181818179,-0.0709534368070952,0.02579798863139482,0.03030303030303028,-0.1168854850474106,-0.01331557922769644,0.0,-0.19293129016312416
44,2005-01-31,0.04307391561499041,0.05300982373614205,0.022804450302718937,-0.09427218548000538,0.06465958206114443,0.04161370425790945,-0.02474994524348395,-0.02474994524348395,-0.03125,0.0,-0.4218504080001937,2.0561702127659576,-1.260327692720924,-0.4523054530332172,0.088730935397209,0.14739884393063596,0.004343629343629418,-0.017447199265381075,0.06270627062706291,0.2505966587112172,0.11892583120204606,0.044117647058823366,0.02064835845550284,-0.02159244264507432,0.006802721088435382,0.16261407484534818
45,2005-04-30,0.05210728533635756,0.03960678457757538,0.10448304546389477,0.20090364578553555,-0.0014767417824813613,0.0598315243136367,0.1728177870938763,0.1728177870938763,0.19354838709677424,0.16129032258064502,0.2878502324412615,-0.11468486029889535,0.04973173751547666,0.607536066818527,0.1310132506168924,-0.02015113350125941,0.00913022585295531,-0.02336448598130847,0.006211180124223503,-0.0782442748091603,-0.043809523809523736,0.042253521126760514,-0.05098118551486952,-0.011034482758620623,-0.013513513513513488,-0.1342851122115689
46,2005-07-31,-0.02730489194055552,-0.040737743798655135,-0.0323427524217923,-0.09774233072575034,-0.02160387914957107,0.026903008278596152,-0.1985765806019213,-0.1985765806019213,-0.18918918918918928,-0.1944444444444444,0.5174634146341464,-0.1670249017038008,-8.207981128366423,-1.7172462655724154,-0.08308369923536729,0.0,0.0019047619047618536,-0.034449760765550175,-0.0277777777777779,-0.006211180124223614,-0.023904382470119608,0.04054054054054057,0.0059688765721594966,-0.03347280334728031,0.0,0.0631655814519565
47,2005-10-31,-0.05288039914622855,-0.09883455985727717,-0.06181821897720707,-0.04173607150721903,-0.04287707580401666,-0.04575636503847525,0.28222691250846244,0.28222691250846244,0.26666666666666683,0.2758620689655173,-0.3409412369808409,-0.1602366417018063,0.5905582676521122,2.3532268686203492,-0.303842883355959,-0.012210796915167129,0.04420152091254748,0.04063429137760144,-0.031746031746031744,0.01666666666666661,-0.01224489795918371,0.051948051948051965,0.010595465140919693,0.023088023088023046,0.013698630136986356,-0.05958445423845238
48,2006-01-31,-1.4245257753731089e-05,-0.0171340653192531,-0.04181461714410195,-0.06956888094066628,0.04584344043877775,-0.0259819135539272,-0.1642648611715013,-0.1642648611715013,-0.1578947368421053,-0.1351351351351351,-0.3240334276330764,0.4767293712058758,-0.6918605648051303,-0.5834294832453664,-0.18181525966720605,0.050097592713077566,0.007737824305871666,0.00952380952380949,0.04590163934426239,0.08401639344262303,0.002892561983470987,0.04938271604938271,0.04571188928496528,0.0,0.0135135135135136,0.05636031649421791
49,2006-04-30,0.047080297863085985,0.024757984769369527,0.049440535327930135,0.060249013634953164,0.04470799271052917,0.09402288026672444,0.37545059273848896,0.37545059273848896,0.40625,0.34375,1.4284683471233404,0.027963865205034463,0.9558177063046018,-0.7986917319818493,-0.044734291925303205,0.05452292441140028,0.04290876242095743,0.058490566037735725,0.050156739811912265,0.009451795841209698,0.04655953852492778,0.04705882352941182,-0.002205734910768032,0.03667136812411842,0.02000000000000001,-0.0334754551740033
50,2006-07-31,0.01952399049105646,-0.00048248456405475276,0.04214131231473029,0.0747716025600822,-0.003311952374963289,0.08909919089559802,-0.02226304982167948,-0.02226304982167948,-0.022222222222222254,0.0,0.08254263811580143,0.42394470501110826,0.50955957664732,7.044203747072599,-0.3767033147807968,-0.057579318448883636,0.07968817669987005,0.089126559714795,0.008955223880596995,-0.10299625468164786,-0.10433070866141723,0.04494382022471921,-0.022508038585209,0.0625850340136056,0.019607843137254832,-0.07004470938897167
51,2006-10-31,0.03320086791979482,0.04553753529092197,0.0003204767307909417,0.013938405364174232,0.0679130654240474,-0.046435177867301225,-0.005056924947496433,-0.005056924947496433,0.0,0.0,-0.6833485818847209,-0.3528188059080508,-1.1157978061743752,-1.1747516285163215,0.10561506147315636,0.10349127182044884,-0.00922583233052543,0.003273322422258529,0.07100591715976345,0.09394572025052206,0.0039560439560439855,0.053763440860215006,0.033717105263157965,0.002560819462227748,0.0,0.031153846153846088
52,2007-01-31,0.014143433670258162,0.012670153500178971,0.08489393021040792,0.14889622757855214,-0.05582109028884963,0.03879987186925282,-0.13137064296625467,-0.13137064296625467,-0.11363636363636365,-0.11627906976744184,-0.8597515169026293,-0.026679524268723886,-0.9130859375,-4.110162432319866,-0.2971015934273608,0.02203389830508473,0.01983805668016192,0.004078303425774976,-0.03867403314917128,-0.04580152671755733,-0.016199649737303038,0.04081632653061229,-0.06901352426412087,-0.007662835249041987,0.012820512820512777,-0.11855029217953506
53,2007-04-30,0.10454206227983563,0.09474989359142816,0.10105000702345834,0.17577138222630384,0.10850997839812382,0.04366239703282005,0.28367705835331725,0.28367705835331725,0.28205128205128194,0.2894736842105263,10.164400494437578,2.104249229414355,75.56179775280899,-1.862068965517241,0.3643799173600497,0.012714206744057543,-0.005557761016276364,-0.020308692120227456,0.10632183908045988,0.05200000000000005,-0.023587004895415986,0.0490196078431373,0.0036317026276435627,-0.0077220077220078185,-0.012658227848101222,-0.06890471824529233
54,2007-07-31,0.013892219803465888,0.0352175336200895,0.006584736806243274,-0.06889213046839016,0.022139611595521247,0.08407853087266637,0.07828729419383773,0.07828729419383773,0.08000000000000007,0.08163265306122458,1.5914157071154411,-0.5750558530444342,-1.9715781234712848,-0.4541359223300971,0.14578190794250045,-0.010371179039301405,0.01516966067864289,0.008291873963515828,0.025974025974025983,-0.1045627376425855,-0.04466727438468554,0.03738317757009346,0.00808854831843342,0.01815823605706868,-0.006410256410256388,0.11180124223602483
55,2007-10-31,0.05630101810666587,0.08668228322377991,0.012695893386181378,-0.03321320248222004,0.104765822845599,0.001705798380349233,0.0007623007623007716,0.0007623007623007716,0.0,0.0,-0.6890354187732315,-0.5627555703913878,-0.2962590000503499,-3.18340922026181,-0.2778029219544871,0.08935466078323229,0.003539127015335985,0.00164473684210531,0.10379746835443047,0.061571125265392775,0.029580152671755625,0.04504504504504482,0.0458192567567568,0.007643312101910826,-0.006451612903225823,0.12399509469955028
56,2008-01-31,0.024402147739253977,0.027704883769536167,0.06555222759815349,0.039571693550386484,-0.01752240471205324,-0.02628164147525757,-0.2135817002515985,-0.2135817002515985,-0.20370370370370366,-0.2075471698113208,0.11939546599496233,0.6095047237331805,-1.012162838949703,-1.593939393939394,0.22846686052341325,0.05721518987341768,-0.03213166144200619,-0.029556650246305494,-0.006880733944954143,-0.04200000000000004,0.002780352177942591,0.0431034482758621,-0.04078336361800927,-0.006321112515802807,-0.025974025974025983,-0.011395320644926654
57,2008-04-30,0.060441623846230426,0.07418937204745868,0.04621702930757876,0.07942826047838625,0.07615935061027779,0.1485003800587381,0.3497798649838568,0.3497798649838568,0.34883720930232553,0.3571428571428571,1.3539808526307175,0.6150243092612355,-81.26470588235293,-0.5313802940531052,0.08715259355997218,-0.005268199233716464,-0.008502024291497934,-0.0025380710659898,0.08314087759815257,0.0020876826722338038,-0.025415896487985257,0.04958677685950419,0.01473374026520724,-0.013994910941475869,0.013333333333333421,-0.004843654199877423
58,2008-07-31,0.02317539286905901,0.05645736092618536,0.031554385835099286,0.0377809823738291,0.014174473613524531,0.033452429563086916,0.05623328331919897,0.05623328331919897,0.06896551724137945,0.05263157894736836,0.21178045050055627,-0.3166048680201182,-0.18966654452180287,6.0428471084055255,0.5645963548998629,0.12277323062108825,-0.010208248264597763,-0.008481764206955011,0.01705756929637503,0.03541666666666665,0.07871028923660495,0.03937007874015741,-0.008711885500933379,-0.006451612903225823,0.0,0.017990265541248274
59,2008-10-31,-0.034702464513612696,-0.07575691912335714,0.035930580135470784,0.07723913165488372,-0.11187849223347546,-0.05624096591825778,-0.012579004796903659,-0.012579004796903659,0.0,0.0,-0.2575694554008118,3.6181573999462797,-2.4097404359229446,-1.4750664893617025,-0.17143131350696406,-0.17409948542024012,0.03877887788778889,0.009409751924721821,-0.10482180293501052,-0.18712273641851107,-0.20131868131868125,0.045454545454545414,-0.0799330403850178,0.0051948051948051965,0.0,-0.14204442292561892
60,2009-01-31,-0.07009922528950463,-0.1151456318061943,-0.13256052719545386,-0.3197405037934522,0.00950640632583788,-0.1965233925269512,-0.29542137525541057,-0.29542137525541057,-0.3064516129032259,-0.2833333333333333,-0.18754708961999889,-0.8614584666209126,-1.66700882117081,-1.4871938418474455,0.10080067181142938,-0.2253374870197301,0.0035742652899124483,0.005084745762711895,0.007025761124121789,-0.13613861386138615,-0.2498624105668685,0.04347826086956519,0.08551284967022976,0.0219638242894058,-0.013157894736842146,0.3007900677200903
61,2009-04-30,-0.014399776705266043,-0.03579387585574745,-0.08455110225405382,-0.15371694784546966,0.06242454660137552,-0.1023749405667812,-0.21291391708341967,-0.21291391708341967,-0.20930232558139528,-0.20930232558139528,1.6367376055165854,-0.1106633081444165,1.1766855823795326,7.217178971559896,0.7524497231319629,-0.058981233243967875,-0.10170162247724568,-0.08768971332209098,0.0627906976744188,-0.06303724928366773,-0.06382978723404265,0.03472222222222232,0.07793840351979875,-0.03413400758533513,-0.053333333333333344,0.13931670281995667
62,2009-07-31,-0.026332884209174123,0.005256762939152893,-0.029750423577838307,-0.06352515291474227,-0.023108012830061253,0.01904476269026012,-0.11444469508985633,-0.11444469508985633,-0.11764705882352955,-0.11764705882352955,-0.34870319601760336,0.0779833836858006,0.256860059210817,-0.8173332401062788,0.07843166687932035,0.2450142450142452,-0.14361233480176214,-0.12754158964879858,-0.024070021881838155,0.16819571865443428,0.3910658307210031,0.04026845637583887,0.003304178814383052,-0.0759162303664922,-0.05633802816901401,0.07349231281831581
63,2009-10-31,0.0392295029370402,0.07142044455477281,0.01071774990780594,0.025766118820063744,0.06595093360905467,0.016042399975315647,0.4676488069966884,0.4676488069966884,0.4666666666666668,0.4666666666666668,-0.029922044834604918,-0.30014012961989844,-0.638324426944171,3.258564593301436,0.30971486634142265,0.03604118993134997,-0.1265432098765431,-0.08368644067796616,0.06726457399103136,0.0628272251308899,0.22197183098591555,0.03870967741935494,0.025765207283998448,-0.02549575070821519,-0.05970149253731349,0.04447301911053958
64,2010-01-31,-0.008565072623506144,0.00291545189504383,-0.032411715558144705,-0.0459007978792525,0.012626135337239663,0.01878620818538601,-0.1042263299487981,-0.1042263299487981,-0.09090909090909084,-0.11363636363636365,-0.7828860976306024,0.29896133149793513,-0.5487727825030377,-1.170396836097254,-0.04029459745256103,0.11043622308117064,-0.050647820965842194,-0.020809248554913284,0.010504201680672232,0.03940886699507384,0.22821576763485465,0.031055900621117963,0.02134088762983932,-0.010174418604651292,-0.015873015873015928,0.05119714722363722
65,2010-04-30,0.03618455037418489,0.08193301577523049,0.03441796204723735,0.075703044397607,0.03768459883681041,0.1410087085723719,0.5971710908738617,0.5971710908738617,0.5999999999999999,0.5897435897435896,3.174347511669187,-0.12244701348747587,1.717255493321844,-4.6601608861928,0.1536770649923036,0.05221282943809058,0.17059553349875922,0.18536009445100365,0.039501039501039566,0.042654028436019065,0.08070570570570568,0.03614457831325302,0.0014792899408284654,0.14096916299559492,0.040322580645161255,0.005774977788546964
66,2010-07-31,0.05288487194106395,0.0933097271348846,0.1531638473462036,0.2321347176500379,-0.03199613126724332,0.03541665410685678,0.034615229083262644,0.034615229083262644,0.015625,0.04838709677419351,-0.14580446012347234,0.6938192995938084,-0.4276766956039164,-0.148297604035309,0.1134521335566636,0.04820415879017004,0.17594064652888175,0.1643426294820718,-0.02200000000000002,0.009090909090909037,-0.11948593261549145,0.03488372093023262,-0.08068685376661733,0.13899613899613894,0.023255813953488413,-0.11266813892792606
67,2010-10-31,0.060673315078432426,0.08978569311160589,0.0013176193063106911,-0.003727623980105621,0.12052507724678653,0.04205006181549287,0.038381864373656434,0.038381864373656434,0.06153846153846133,0.04615384615384621,0.1571776245436778,-0.34875883077321923,0.8251835434270676,0.5060281737806167,0.1534525862068965,0.02614968440036081,0.07480847228481302,0.07356715141146286,0.11860940695296528,0.04729729729729737,-0.14477317554240632,0.0393258426966292,0.056437035549307124,0.05084745762711873,0.02272727272727271,0.09385040047060933
68,2011-01-31,0.002905401242136118,0.022315856845698482,-0.04690627632268374,0.07754412655845068,0.0477898594465116,0.0003650525508047675,-0.1610080174652765,-0.1610080174652765,-0.17391304347826084,-0.17647058823529405,-0.5172792887529276,6.6516719745222925,-0.9477459016393442,-2.347321704446504,-0.17924447218059725,0.1950790861159928,0.029350104821803006,0.035059760956175134,0.042047531992687404,0.06881720430107507,0.0724169741697418,0.032432432432432316,0.04486692015209126,0.021505376344086002,0.014814814814814838,-0.051255533032722456
69,2011-04-30,0.09196875193952514,0.12930913947640255,0.09476078073330152,0.18252021527865847,0.08968027716081273,0.10698094413569036,0.3865497207205186,0.3865497207205186,0.4035087719298247,0.4107142857142856,1.4914347955243097,-0.7403881171635192,16.885257806826438,-1.9143560021682025,0.19968584242037926,0.08014705882352935,0.005295315682281032,0.009237875288683695,0.09824561403508758,0.03621730382293764,0.006881720430107485,0.03664921465968597,-0.0021834061135370675,0.015789473684210575,-0.007299270072992692,-0.04499869189849137
70,2011-07-31,-0.009021665431359516,-0.014519133397887463,0.006092119147204977,0.0042416442037607185,-0.02146737338217386,0.05194554001665086,0.06400155312161271,0.06400155312161271,0.07499999999999996,0.06329113924050622,0.02688022468635332,-3.531763527054108,3.6692788695793412,-0.7719686260203383,0.03795546750767565,0.0010211027910143056,0.01337115072933548,0.03279938977879482,0.0015974440894568342,-0.0873786407766991,-0.06236651003844518,0.03535353535353525,-0.012582056892779029,0.01761658031088076,0.014705882352941124,-0.01867409369007389
71,2011-10-31,0.011632049953276049,0.022660236156244903,0.08414899504916717,0.09630343137650033,-0.04976511456482269,-0.02742825165880569,0.042361670746727136,0.042361670746727136,0.05813953488372104,0.0714285714285714,-0.2557797502322221,-1.3659120592076621,-0.9925561980955694,1.8716128387161284,0.10500778810504063,-0.03910234614076835,0.05357856857257115,0.04431314623338256,-0.044657097288676166,-0.04042553191489373,-0.10296127562642364,0.03902439024390248,-0.06057248384118175,0.03665987780040747,0.007246376811594234,-0.06718466477457785
72,2012-01-31,-0.03709945933130265,-0.05598436306728116,-0.10722910664167762,-0.15227724737792125,0.03064417160646027,-0.045063661545796,-0.21489942088602976,-0.21489942088602976,-0.20879120879120885,-0.22222222222222232,-0.2283743022570468,5.019847493375155,50.66471962616822,-5.223092726069849,-0.4013162901662073,0.18542108987968864,0.02732447817836814,0.02545968882602545,0.026711185308848195,0.2394678492239468,0.101066531234129,0.03286384976525825,0.07017888735993694,0.018664047151276897,0.007194244604316501,0.11362162701381595
73,2012-04-30,0.04334749424434192,0.06806929491126422,-0.012552612614494474,0.03136017693358495,0.09012216343879764,0.11422954364304005,0.3181843518329277,0.3181843518329277,-0.3472222222222222,-0.34285714285714275,0.8018287203450756,-0.5677683648810112,-0.42812888637648405,-1.066703495131222,0.04471342508152332,0.0880597014925375,0.024750646472109228,0.034482758620689724,0.08943089430894302,0.06082289803220031,0.04105166051660514,0.03636363636363616,0.04481998530492271,0.01446480231436831,0.021428571428571352,0.03556232364401857
74,2012-07-31,-0.01378975792251258,-0.012833522462756042,0.08422829839190538,0.04808126932869139,-0.08808191503860062,0.01482609924957945,0.0004933329574605684,0.0004933329574605684,0.0,0.021739130434782483,-0.03605850155231105,-1.0301166005029825,0.30591910165671576,3.5449938195302844,0.19452438895354995,-0.0765432098765434,0.026676279740447173,0.02000000000000001,-0.07910447761194027,-0.15345699831365944,-0.11209570225963672,0.03947368421052655,-0.07524613220815746,0.007604562737642429,0.006993006993007089,-0.05808572293585922
75,2012-10-31,-0.010163680103024042,-0.034309941768248316,-0.0765204836672081,-0.10750557145808716,0.04963440122899199,-0.10335351603832332,-0.23764105887491016,-0.23764105887491016,-0.2340425531914893,-0.2340425531914893,-0.17135983236538144,-6.89095928226363,1.4713273586048201,-1.5716500312763468,-0.0930913374876544,0.026143790849673332,-0.0712780898876404,-0.05032679738562085,0.055105348460291685,0.1155378486055778,-0.003493013972055925,0.03797468354430378,0.06045627376425844,-0.0471698113207546,0.0,0.08200936725135444
76,2013-01-31,0.003602923915823508,-0.014853879148770566,-0.05655235066999775,0.0900862834294911,0.05129703030417243,0.012036736752203405,-0.060983497495980636,-0.060983497495980636,-0.05555555555555547,-0.05555555555555547,-0.2957401308087352,0.4019447047797564,-0.6732661137179472,-1.5632047195394645,0.05781120281291208,0.015055008685582072,-0.034782608695652084,-0.01720578114246385,0.05069124423963145,-0.03749999999999998,0.07060590886329488,0.03658536585365857,0.04750806740767311,-0.01782178217821795,0.0,-0.09629095230011864
77,2013-04-30,0.02265708094873476,0.039202587041555326,-0.05376297432567101,-0.056037904294954144,0.07703101037662563,0.039150319779342135,0.3744907799185249,0.3744907799185249,0.3823529411764704,0.3529411764705881,1.3984085821309042,0.5159187766357483,0.4952191683227718,3.0023652644027714,0.2187361500960261,0.03166001140901309,-0.025460242851547358,-0.004901960784313819,0.07602339181286566,-0.018552875695732832,0.03788587464920501,0.03921568627450989,0.05305493753208945,0.006048387096774244,-0.01388888888888895,0.10091570791265547
78,2013-07-31,-0.007994956782172102,-0.01646092068608906,-0.026189402063380496,0.04063280854112429,0.003378537686783423,0.021349078339153667,0.03961799490278062,0.03961799490278062,0.06382978723404252,0.04347826086956519,-0.08941030783021743,2.1788214541645994,0.9008927675794964,-1.8410721823554241,-0.15095383123475314,0.01907658280342828,-0.036173633440514386,0.004222378606614896,0.009510869565217295,-0.052930056710775115,0.018927444794952564,0.049056603773584895,0.011539086624410944,0.017034068136272618,-0.007042253521126751,-0.05485412045725968
79,2013-10-31,0.04380071531972597,0.0618228182884295,-0.002715802232486686,-0.009000178408387294,0.07202168842789303,-0.05249812676060794,-0.15173050172843586,-0.15173050172843586,-0.16000000000000006,-0.14583333333333334,0.003907280735583552,-0.06476841174328474,-0.6780343007915568,-1.5870012547051444,0.10436427558022301,0.029571351058057527,-0.01918265221017524,0.014716187806587344,0.07133243606998653,0.019960079840319445,0.0234409553295003,0.046762589928057714,0.026992287917737785,0.02561576354679796,-0.014184397163120588,0.07144146583626676
80,2014-01-31,-0.025485665618088627,-0.04344622214133675,-0.00793199925066368,-0.008573601018326937,-0.035392798690671017,-0.029633757324186164,-0.052799064813612184,-0.052799064813612184,-0.04761904761904756,-0.04878048780487798,-0.4673824037849149,-1.2175702736779648,0.963081335791846,-0.5045742134062927,0.04681856744637014,0.08985507246376813,0.0021258503401360147,0.02140883977900554,-0.028894472361808976,0.017612524461839474,0.05747623163353487,0.04810996563573866,-0.010168961201501792,0.035542747358309416,-0.014388489208632891,-0.035171222779158406
81,2014-04-30,0.07017478572552238,0.08894486796626833,0.18494011879522174,-0.01928438214992978,0.003558284395412503,0.07326407873154728,0.15419952005485096,0.15419952005485096,0.1499999999999999,0.17948717948717952,0.4899783623733061,-7.096216124083859,-0.2909265482477197,-2.8031754249719563,-0.08064634395779546,-0.008220502901353899,-0.01909206618582948,-0.028397565922920975,0.019404915912031084,0.021153846153846082,-0.036779730281977896,0.04590163934426239,-0.06227279911490435,-0.011131725417439786,-0.014598540145985384,0.11036409674321136
82,2014-07-31,0.023398301686879952,0.04940240408703357,0.21777886033079485,0.3278527115572285,-0.10982424391495726,0.07047357241034602,0.08346204110728284,0.08346204110728284,0.10869565217391307,0.08695652173913038,0.11760359740640247,-0.8547383724994059,-0.5726943569515175,-3.784897353687132,0.2442931383331515,-0.003169185763042481,0.01989619377162644,-0.025748086290883654,-0.07994923857868019,-0.02259887005649708,-0.002969876962240159,0.050156739811912265,-0.13011966964436206,-0.013133208255159512,-0.014814814814814838,-0.20971927341354105
83,2014-10-31,-0.03727995774323767,-0.1281775467914602,0.039919015073494934,0.06316480199481611,-0.10966170997413427,-0.107322971569499,-0.233140523054992,-0.233140523054992,-0.215686274509804,-0.2,-0.43772582722578735,6.607544990857472,3.4643841278589145,-2.786445803835316,-0.3507344358304826,-0.0327708486182442,0.04240882103477506,-0.027857142857142917,-0.10344827586206896,0.05202312138728304,-0.043829787234042634,0.05074626865671639,-0.07517922883162176,-0.02091254752851724,-0.007518796992481258,-0.1799502487562188
84,2015-01-31,-0.010560439102073936,-0.006117630759091775,0.04911867524546043,0.07555964967504214,-0.07591628022663177,0.0007275653383849168,-0.11469783902622124,-0.11469783902622124,-0.10000000000000007,-0.1250000000000001,-0.2686195013176565,-1.2391397849462369,-0.912151840135792,-1.3515062906390674,0.18988433599717336,0.003034134007585454,0.03986981285598047,-0.044819985304922816,-0.0707692307692308,0.11721611721611724,0.008900756564307999,0.04829545454545458,-0.06599622878692657,-0.03980582524271836,0.0,-0.07595704665412861
85,2015-04-30,-0.002387785434400769,-0.008464814083973704,-0.026479823688881132,-0.07619506694612888,0.027565804629057004,-0.04846518266370048,-0.0637593377750858,-0.0637593377750858,-0.05555555555555547,-0.05714285714285705,1.1053244269519666,-2.1443080829454084,9.507289653961005,-1.1822460595446584,-0.029083223434265837,-0.0594907990925132,-0.013693270735524288,-0.07846153846153847,0.0314569536423841,0.013114754098360716,-0.03749448610498463,0.043360433604336064,0.03005832211754145,-0.06471183013144588,-0.02272727272727271,0.07333727266758583
86,2015-07-31,-0.019664844904628387,-0.02088530277324452,0.032632279080762716,-0.1293503597379263,-0.08126594346368132,0.07347190997389141,0.2132752523074269,0.2132752523074269,0.2058823529411764,0.2424242424242422,-0.3223096974643882,0.3845229289940828,-0.1855628740512889,3.870870870870871,-0.14590398402432336,-0.06995443580809435,-0.01229670765569213,-0.05759599332220367,-0.057784911717496,-0.09870550161812286,0.006416131989001039,0.04415584415584406,-0.06293554006968638,-0.050810810810810736,0.0,0.12454122828480553
87,2015-10-31,-0.00521349695556983,-0.01679997205825856,0.02872973945636903,0.043258949035667627,-0.050152122067524514,-0.11766538853883425,-0.31570153922718713,-0.31570153922718713,-0.29268292682926833,-0.29268292682926833,0.12479602144688795,-0.4524207011686143,-0.3370006978940022,-1.2466091245376079,0.04213841114703687,-0.12478386167146982,-0.04016064257028118,-0.07528786536758192,-0.04940374787052815,-0.07181328545780974,-0.07194899817850642,0.042288557213930655,-0.04508482454101792,-0.06150341685649208,-0.015503875968992276,-0.05755004351610105
88,2016-01-31,-0.006221876562413242,-0.006611407144266779,0.02131070249882128,0.004445204308428874,-0.0457003785830179,-0.03866171003717467,-0.012987012987012991,-0.012987012987012991,-0.0344827586206895,-0.0344827586206895,-0.11226252158894644,0.2987804878048781,-0.9473684210526316,2.025,0.12228398180899447,-0.059927560092196235,-0.023849372384937118,-0.05268199233716475,-0.048387096774193616,-0.009671179883945835,0.015210991167811772,0.04057279236276856,-0.03991238744219994,-0.02669902912621369,-0.03149606299212604,-0.01102389472469112
89,2016-04-30,0.02001229806026039,0.022052249925499142,-0.057243098513525936,-0.10859574468085108,0.13856616605270622,0.10460170146945093,0.4421052631578948,0.4421052631578948,0.46428571428571397,0.46428571428571397,0.8015564202334631,-0.6901408450704225,38.70588235294117,0.045454545454545414,0.11391265195857715,0.06654991243432562,0.0621517359622803,0.05055611729019205,0.13747645951035792,0.119140625,0.12324794586756882,0.03899082568807333,0.11634980988593148,0.04613466334164595,0.008130081300812941,0.1466005252407352
90,2016-07-31,-0.019784074094371662,-0.01866070560793076,-0.003819410439721893,0.038380752339125516,-0.04006968641114983,0.039383861368808,0.08576642335766428,0.08576642335766428,0.09756097560975616,0.07317073170731714,-0.09071274298056152,0.7121212121212122,0.0888888888888888,-1.16600790513834,-0.016976556184316927,0.12643678160919536,0.0197740112994349,0.02021174205967257,-0.038079470198675525,-0.008726003490401535,0.06196213425129105,0.039735099337748325,-0.020663033605812897,0.023837902264600697,-0.008064516129032251,-0.05497022446174982
91,2016-10-31,0.0030750307503075724,-0.016539566207784514,-0.007668108533228524,0.03604266274365586,0.01724137931034475,-0.06871000336813737,-0.02521008403361347,-0.02521008403361347,-0.044444444444444516,-0.02272727272727271,0.18408551068883616,1.0619469026548671,-0.2489795918367347,-5.523809523809524,0.078125,0.08134110787172033,0.08587257617728539,0.10283018867924533,0.0223752151462997,0.12323943661971826,0.058346839546191236,0.03821656050955413,0.014143287734755372,0.09545983701979033,0.008130081300812941,-0.050735175311035774
92,2017-01-31,0.013154227746502434,0.0324269889224571,0.027342976025361617,0.09247426340078092,-0.005097489486427964,-0.004339963833634775,-0.19827586206896552,-0.19827586206896552,-0.18604651162790692,-0.18604651162790692,-0.3520561685055166,-0.4592274678111588,-0.7047101449275363,0.7947368421052632,0.13005339435545382,0.10730655163116733,0.015670553935860143,0.03592814371257491,-0.005050505050505083,0.08307210031347956,0.008039816232771724,0.03476482617586907,-0.01806127114769096,0.024442082890541842,0.016129032258064502,-0.054978723404255365
93,2017-04-30,0.03443912636848756,0.057354662504877085,0.03982642237222756,0.06401299756295686,0.027283207377994056,0.10461314929168176,0.2924731182795699,0.2924731182795699,0.2857142857142858,0.2857142857142858,-0.07430340557275539,0.2857142857142858,1.8343558282208592,-1.0117302052785924,-0.0013499831252109518,0.08522035549062568,0.024757804090419944,0.01651527663088359,0.035532994923857864,0.09117221418234434,0.038359285985567926,0.03557312252964428,-0.006984866123399325,0.008298755186721962,0.007936507936507908,-0.006243996157540789
94,2017-07-31,0.05286390469605906,0.061808118081180925,0.04349438931651672,-0.2608031760574133,0.0654613466334164,0.08533377178559688,0.13477537437604006,0.13477537437604006,0.1777777777777778,0.1333333333333333,0.4414715719063544,1.6913580246913582,-0.1341991341991342,-32.25,0.04224400135180795,0.049584922593672864,0.011904761904761862,0.012185215272136452,0.07516339869281041,0.013262599469495928,0.024506217995610813,0.03435114503816794,0.011957796014067993,0.0092592592592593,0.0,0.4364427259545676
95,2017-10-31,0.026620194979037226,0.04630755864465685,0.02328474937788827,-0.14253253460028925,0.03101228788765353,-0.023178306317224617,-0.10703812316715544,-0.10703812316715544,-0.1132075471698114,-0.0980392156862745,-0.2587006960556845,-0.5619266055045872,-0.9525,2.296,0.13359273670557714,-0.028217186831979487,-0.016955017301037878,-0.018459069020866692,0.03039513677811545,-0.0955497382198952,-0.06711888611210293,0.033210332103321034,0.004402224281742306,-0.02446483180428149,0.007874015748031482,0.22022207267833085
96,2018-01-31,0.04866168077150168,0.06277505604915712,0.1328817092235539,0.04794025536015424,-0.061407491486946686,0.030862282878411976,-1.8686371100164203,-1.8686371100164203,-1.8510638297872344,-1.869565217391304,-0.2816901408450704,0.3560209424083769,9.894736842105264,-0.6941747572815534,0.03604118993135018,0.07897052353717537,-0.4297782470960929,-0.4448078495502862,-0.06047197640117996,0.04630969609261948,0.06046689628779189,0.03214285714285725,-0.1049596309111881,-0.4472309299895506,0.0078125,0.014166551771680691
97,2018-04-30,-0.017031858490123453,-0.02398624892569734,-0.03511192885617909,-0.08574712643678163,0.011488692707703365,0.0531066646607492,-2.3213610586011346,-2.3213610586011346,-2.35,-2.325,0.065359477124183,0.054054054054053946,1.971014492753623,-4.563492063492063,-0.12396466040861398,-0.04097859327217124,0.06111111111111112,0.0441826215022092,0.017268445839874413,0.020746887966804902,0.6643810898592564,0.031141868512110763,0.02886597938144342,0.03402646502835527,0.007751937984496138,0.06756618971552864
98,2018-07-31,-0.05651551312649161,-0.0988632724943964,-0.1110757985062768,0.1802866482273071,0.0255858440937351,0.035285714285714365,0.4649499284692418,0.4649499284692418,0.4259259259259258,0.4339622641509433,1.130879345603272,-0.15384615384615385,2.0032520325203254,1.507795100222717,-0.35486920895052,-0.017644557823129237,0.23327515997673065,0.2355430183356839,0.033950617283950546,-0.03387533875338755,-0.08911535125758885,0.03187919463087252,0.08717434869739482,0.20475319926873856,0.023076923076922995,-0.2365095030403361
99,2018-10-31,0.08469088333501973,0.0397086257439816,0.1411333571683948,0.03877290157648061,-0.003963627885287925,-0.03215123499379058,-0.279296875,-0.279296875,-0.2597402597402598,-0.26315789473684204,-0.3925143953934741,4.376623376623376,-1.3318895506226314,-0.9573712255772646,-0.02344894968246214,0.14801990911058205,0.07971698113207548,0.057077625570776336,-0.0029850746268657025,0.1107994389901823,-0.0645084503689598,0.030894308943089317,-0.08179723502304137,0.05007587253414258,0.007518796992481258,0.0008756567425569628
100,2019-01-31,0.01040111940298516,-0.010850991114149,0.003054750528706851,0.011279737489745756,0.021301498127340723,0.003279155973766823,-0.18563685636856364,-0.18563685636856364,-0.17543859649122806,-0.1785714285714286,0.2559241706161137,-0.6867954911433172,-1.9021207177814028,0.8125,-0.043521760880440234,-0.08030160226201688,0.5640017474879859,0.5777537796976242,0.0239520958083832,-0.07828282828282829,-0.14376590330788794,0.029968454258675118,0.01079046424090335,0.5635838150289019,0.0074626865671640905,-0.02187226596675429
101,2019-04-30,0.01828001661819689,0.013734128012438562,-0.02537872872091207,-0.0947069559926993,0.08285583314233325,0.012931647008668444,0.2512479201331115,0.2512479201331115,0.2553191489361701,0.26086956521739113,0.01132075471698113,0.1645244215938304,-0.6437613019891502,-2.4482758620689653,0.06589958158995812,0.03402336544373852,-0.013966480446927387,0.0041067761806981035,0.08333333333333348,0.010958904109588996,-0.35096582466567605,0.029096477794793074,0.0635551142005959,0.012939001848428777,-0.007407407407407419,0.11977170116704985
