Unnamed: 0,Quarter end,Assets,Current Assets,Liabilities,Current Liabilities,Shareholders equity,Revenue,Earnings,Earnings available for common stockholders,EPS basic,EPS diluted,Cash from operating activities,Cash from investing activities,Cash from financing activities,Cash change during period,Cash at end of period,Price,ROE,ROA,Book value of equity per share,P/B ratio,P/E ratio,Cumulative dividends per share,Equity to assets ratio,Net margin,Asset turnover,Current ratio
0,1994-12-31,0.02889873730345105,0.009858442241493126,0.017191002384754794,0.016525732757771028,0.043059020198870535,0.07705775940043935,0.40462082087523776,0.40462082087523776,0.4074074074074073,0.2564102564102564,-0.11631093164118833,-0.1058168978922216,10.01263453439401,9.521809847700725,-0.06883110274286297,0.08932038834951461,0.02797833935018046,0.019148936170212627,0.04117647058823537,0.027272727272727337,0.008268482490272566,inf,0.013698630136986356,-0.00540540540540535,0.0,-0.006512804299715458
1,1995-03-31,0.02889873730345105,0.009858442241493126,0.017191002384754794,0.016525732757771028,0.043059020198870535,0.07705775940043935,0.40462082087523776,0.40462082087523776,0.4074074074074073,0.2564102564102564,-0.11631093164118833,-0.1058168978922216,10.01263453439401,9.521809847700725,-0.06883110274286297,0.08932038834951461,0.02797833935018046,0.019148936170212627,0.04117647058823537,0.027272727272727337,0.008268482490272566,inf,0.013698630136986356,-0.00540540540540535,0.0,-0.006512804299715458
2,1995-06-30,-0.032361981743936896,-0.15141903666441225,0.05130687318489846,0.008268148625013128,-0.13104819874899576,0.07705775940043935,0.40462082087523776,0.40462082087523776,0.4074074074074073,0.2564102564102564,-0.11631093164118833,-0.1058168978922216,10.01263453439401,9.521809847700725,-0.7777619901193547,0.06951871657753994,0.02797833935018046,0.019148936170212627,-0.0847457627118644,0.027272727272727337,0.008268482490272566,1.0,-0.10200523103748904,-0.00540540540540535,0.0,-0.15841395112016288
3,1995-09-30,0.011397150023428226,0.03695289843479577,-0.005605223505775969,0.06756824327183075,0.03565967775845258,0.04530403642318559,0.15632014861831411,0.15632014861831411,0.21052631578947367,0.2564102564102564,1.4610363117095062,3.9885130823202886e-05,-0.6052944675788221,-1.1032757627285374,0.3614321546254857,0.09000000000000008,0.02797833935018046,0.019148936170212627,0.03703703703703698,0.19174041297935096,0.008268482490272566,0.5,0.0240291262135921,-0.00540540540540535,0.0,-0.02866217953565764
4,1995-12-31,0.03254088292718048,0.00442925948055084,0.017290959538817985,0.11883007393102665,0.05343557234932893,0.00249340781994678,-0.16059175954747795,-0.16059175954747795,-0.15217391304347827,0.2564102564102564,-0.1064820954907162,0.8084393570773343,-0.5783543259051925,-1.4033201796162742,-0.1070731883534427,0.12844036697247696,0.02797833935018046,0.019148936170212627,0.0535714285714286,0.08663366336633649,0.008268482490272566,0.44444444444444464,0.020383977245792773,-0.00540540540540535,0.0,-0.10222672064777327
5,1996-03-31,0.06222664203302908,0.08193603521079562,0.11179334747824464,-0.03554476424785369,-0.0033569980160207398,-0.044844127445705095,-0.21667530603293594,-0.21667530603293594,-0.23076923076923084,0.2564102564102564,-0.35621648700298714,0.4348631541803587,-3.008,1.2550607287449391,-0.2704102273646736,0.04471544715447151,0.02797833935018046,0.019148936170212627,0.0,-0.006833712984054553,0.008268482490272566,0.23076923076923084,-0.061788617886178836,-0.00540540540540535,0.0,0.12175873731679833
6,1996-06-30,0.006567603902759346,0.03457826442718459,-0.002887893177724532,-0.013148580968280421,0.020524031859379344,0.11829078269207716,0.4048358360906084,0.4048358360906084,0.43333333333333335,0.2564102564102564,0.3003631333218053,-0.6081523493337022,-1.2388742900737475,-3.0412926391382404,0.7565709215925474,0.028534370946822207,-0.008340649692712976,0.019148936170212627,0.02259887005649719,0.027522935779816567,0.008268482490272566,0.25,0.013864818024263316,-0.012228260869565187,0.0,0.04839582528024744
7,1996-09-30,0.04145478781552603,0.00581077675789099,0.023901586969828248,0.05088610849838604,0.06676914994854301,0.050560563350089405,0.28733966229436914,0.28733966229436914,0.2790697674418605,0.2564102564102564,1.1469858156028367,0.2479799168431789,7.004968062455642,0.4660656698915273,0.6314476924048236,-0.002522068095838548,0.020362992474546315,0.019148936170212627,0.060773480662983374,-0.024553571428571508,-0.0337674867342016,0.1499999999999999,0.024175824175824312,0.02475928473177436,0.0,-0.042917188997861566
8,1996-12-31,0.0229328597380214,0.08029796396253364,0.003799720051324007,0.055276527517530434,0.04941692668493869,-0.002644969584125079,-0.14394280567439766,-0.14394280567439766,-0.1454545454545456,0.2564102564102564,-0.19915971591378312,0.3270995725421171,-0.6148816384431244,-0.12043193520971852,0.3404345891139877,0.1542351453855879,0.01518438177874182,0.01565762004175375,0.046875,0.08924485125858106,0.09186220668996503,0.17391304347826098,0.02598950882212692,0.020134228187919545,-0.007751937984496138,0.02373064180599416
9,1997-03-31,-0.023698929749778386,0.005315643606187637,-0.029385020756893088,-0.02623172885947811,-0.016170381354057906,-0.04416052047423713,-0.13842309462747415,-0.13842309462747415,-0.14893617021276584,0.2564102564102564,-0.6557702471029532,-0.26940293205125165,-0.9312805755395684,-1.3276685233602366,-0.08321905449296285,0.03176341730558585,0.027777777777777686,0.04624871531346364,-0.01990049751243772,-0.014705882352941013,-0.015546410608138994,0.14814814814814814,0.00766906809202883,0.03026315789473677,0.015625,0.032362459546925404
10,1997-06-30,0.024244535592076843,0.0407951176505521,0.012262501945478732,0.01303368392689852,0.03989600336229726,0.10180329623287676,0.2553045336589834,0.2553045336589834,0.2749999999999999,0.2564102564102564,1.0128440366972478,0.15401322614107893,8.800670016750418,-2.2211621856027755,0.11084868524641787,0.14331210191082788,0.00997920997920998,0.028487229862475424,0.04060913705583746,0.1663113006396586,0.08732001857872729,0.129032258064516,0.015221402214022241,0.017879948914431676,0.007692307692307666,0.027411241525114868
11,1997-09-30,0.04559350002565421,0.027060478446639502,0.07697402463003211,0.15122180538330454,0.005692114503988988,0.05114737378888323,0.23089317200705306,0.23089317200705306,0.2352941176470589,0.2448979591836735,0.2843004111398433,1.0667153571729542,-1.1301486925311912,-1.5082386363636364,-0.05071580439404677,0.07242339832869082,0.020172910662824117,0.021967526265520558,0.009756097560975618,0.029250457038391364,0.038872276804784216,0.11428571428571432,-0.03816447069513852,0.013801756587201952,0.007633587786259444,-0.10785496345703538
12,1997-12-31,0.1209615122820682,0.08864478413038923,0.1868585924587769,0.08660283482166853,0.03123224272512481,-0.025328445063563687,-0.15117686285163867,-0.15117686285163867,-0.5873015873015872,-0.5901639344262295,0.24002317664952555,0.8579777907656341,29.51214707813526,0.6218557853549469,-0.08664815146628446,0.10562770562770553,0.014931396287328537,-0.012149532710280296,0.0338164251207731,0.0959147424511546,0.07154605263157897,0.1282051282051282,-0.08006613131790262,0.011138613861386036,-0.02272727272727271,0.0019088523025529989
13,1998-03-31,-0.020184297242319627,-0.04037479808675548,-0.02577614105052295,-0.03450986985244664,-0.011421041469926618,0.03425620216681802,-0.10998603351955304,-0.10998603351955304,-0.07692307692307697,-0.07999999999999996,-0.5372933823958881,-0.6191723300438196,-1.6277383258015925,6.331552645183527,-0.6955320505484804,0.10101801096319507,0.016699801192842978,-0.007568590350047422,-0.009345794392523366,0.06482982171799034,0.08442056792018438,0.11363636363636355,0.008985879332477298,-0.006119951040391647,0.0,-0.006112566484083537
14,1998-06-30,0.007998057233777667,0.02114617634426197,-0.012595095404078329,0.056987600702678165,0.03980198019801984,0.07355819250988849,0.2321498626912515,0.2321498626912515,0.2083333333333333,0.21739130434782614,-0.21603130522595304,-0.2806485074340159,-1.5370059305474617,-1.202561993183688,0.4627362542955327,0.08748221906116638,0.01798983183418068,-0.0019065776930409226,0.03301886792452824,0.0974124809741248,0.05060155697098368,0.10204081632653073,0.031552162849872716,0.0012315270935960856,0.0,-0.033865814696485634
15,1998-09-30,0.033790840935623116,0.042666378244994085,-0.04906799662860417,0.07637852505087707,0.1553090416640217,0.06740596849250746,1.2556183501817508,1.2556183501817508,1.2758620689655171,1.25,2.165491256883393,-0.2798013245033113,-4.5116501755505904,0.7579484799257368,0.5561265692680419,-0.015042511445389041,0.2431809450633886,0.2693409742120343,0.1552511415525113,-0.04576976421636614,-0.04749073762209498,0.09259259259259256,0.11766156882091773,0.26322263222632225,0.0,-0.031332671957671976
16,1998-12-31,0.017230744123069464,-0.03276594355044748,-0.013199004163647944,-0.1001494532800944,0.05396338438761572,-0.033337533022556376,-0.5386886557191926,-0.5386886557191926,-0.5454545454545454,-0.4920634920634921,-0.3216443874748215,0.6799777530589544,-0.3388111252499546,-1.921914191419142,-0.3294725419890545,0.06440903054448865,-0.03213844252163167,0.015801354401806078,0.05138339920948631,-0.07848837209302327,-0.18458274398868468,0.0847457627118644,0.03597439858750828,-0.006815968841285325,0.023255813953488413,0.0748485107109329
17,1999-03-31,0.032605141417883836,0.06842113625440405,0.06361681790342555,0.05442593755237102,-0.0024444602130793136,0.012282592729747854,-0.10656093020883806,-0.10656093020883806,-0.09999999999999988,-0.1875,-0.3226856225911429,0.3877596062592421,-1.4168316287253933,-0.7847068089067086,-0.10578715919085313,0.18340611353711767,-0.033205619412515874,0.0,0.0,0.1246056782334386,0.12705984388551594,0.078125,-0.03387302939923298,-0.004901960784313597,0.007575757575757569,0.013339685564554449
18,1999-06-30,0.010378173970691629,0.03129199855009146,-0.00488974875437298,0.012627209109239644,0.02877682176023044,0.06358419305789442,0.2381985273132028,0.2381985273132028,0.2222222222222221,0.23076923076923084,0.2534762199982288,-0.5210407455707879,-2.4768155134885563,-2.4955104755570336,0.17692186639389407,0.042698998418555734,-0.02410832232496707,0.00592592592592589,0.030075187969924814,0.04347826086956519,0.021546748749519118,0.07246376811594213,0.018302094818081427,0.0019704433497536034,0.007518796992481258,0.018414041686256155
19,1999-09-30,0.03148324679208804,0.053576160014707996,0.013148194105647937,0.12373703654248458,0.05285490125247638,0.06551489577568702,0.2682325281209663,0.2682325281209663,0.2727272727272727,0.28125,0.7166855083727832,0.2484061628370302,1.8060741402411795,-1.7645096731154104,-0.11492562259735915,-0.04499494438827102,-0.17529610829103215,-0.16715758468335784,0.05109489051094873,-0.07392473118279574,-0.07005649717514117,0.06756756756756754,0.02057167605023813,-0.17109144542772858,0.0,-0.0624759559898439
20,1999-12-31,0.0018363413661950372,-0.012321157593456531,-0.01550472812956294,-0.0188016085287882,0.021287089567141537,-0.06984532317663672,-0.2304211119390777,-0.2304211119390777,-0.19047619047619035,-0.1707317073170731,-0.027288161753357014,0.16724738675958184,-0.5375310371172088,-7.187027341477603,0.8033765154662538,-0.05029115934356798,-0.006975789905621643,-0.0008841732979664174,0.02083333333333326,-0.09579100145137877,0.10935601458080192,0.07594936708860756,0.019520475281137317,0.0023724792408066357,0.0,0.006647517439474671
21,2000-03-31,0.029514245756160577,-0.002251780205466236,0.024924447465197286,0.05338089633164357,0.034476966362910984,0.020316762346809902,0.0063528800510119785,0.0063528800510119785,-0.029411764705882363,-0.058823529411764726,-0.5003966868712513,0.6574911701036801,-1.0004818281938326,-2.1745569084669265,-0.5232470469967329,-0.0418060200668896,0.008677685950413405,0.0238938053097344,0.034013605442176915,-0.06099518459069031,-0.056224899598393496,0.07058823529411762,0.0047866805411029825,0.02485207100591702,0.0,-0.05282895809554866
22,2000-06-30,0.008402368023596951,0.017744144744722856,0.06080055324903544,0.13338671518095024,-0.04773001745554928,0.08446585338045831,0.13604149065990812,0.13604149065990812,0.15151515151515138,0.125,0.882466281310212,-0.384772955360948,-2623.0,-1.2949087415946203,0.323668950975224,0.10820244328097717,0.01310938140106499,0.010371650821089151,-0.03618421052631572,0.07179487179487176,0.060348162475821976,0.06593406593406592,-0.05571665285832639,0.003464203233256357,0.0,-0.10199690135995876
23,2000-09-30,0.04731690103633657,0.09955956755060202,0.09305209810115976,0.12956193987884654,-0.007261580762605856,0.05248716075211447,0.246421120039662,0.246421120039662,0.2368421052631577,0.2777777777777779,0.12372479107381862,0.4753860248932984,-0.457774871962515,1.028094462540717,0.4959179609717244,-0.03884514435695552,0.028710068742418205,0.005988023952095745,0.0,-0.0031897926634768536,-0.06566946369937976,0.061855670103092786,-0.051985084448344036,0.0069044879171460405,0.0,-0.02655036902137431
24,2000-12-31,-0.006012599318363288,-0.0683205917394758,-0.02263454548611221,-0.16180402276848527,0.01582771077223666,-0.056587188221074565,-0.09231330173356757,-0.09231330173356757,-0.08510638297872343,-0.08695652173913049,-0.20483049235789288,-0.7091707686482394,1.9459907556270093,-1.0742822726360168,-0.024625623960066508,0.08902239213544516,0.0656446540880502,0.043367346938775635,0.013651877133105785,0.0895999999999999,0.052323311206559975,0.06796116504854366,0.02198056455344744,0.040000000000000036,0.0074626865671640905,0.11146120519889724
25,2001-03-31,0.02797006553633552,0.055950366985920034,0.01105324533648755,-0.00033456508418638897,0.04935621467172702,0.02511311578397524,-0.1890520011685656,-0.1890520011685656,-0.18604651162790692,-0.19047619047619035,-0.3196757423561547,1.2446099364649514,-0.7222061155925439,3.7540540540540537,-0.12002729443875815,0.02908726178535592,0.0066396163777202605,-0.009779951100244544,0.04713804713804692,0.014684287812041232,-0.023747680890538025,0.05454545454545445,0.02060221870047552,-0.014285714285714237,0.0,0.05634301913536487
26,2001-06-30,0.008977543088574569,0.032522825109986275,-0.006715709882986642,-0.009660509611624237,0.02809270239309148,0.02565126603742085,0.08508578376187681,0.08508578376187681,0.08571428571428585,0.08823529411764698,0.3764316243269748,0.03115936985220769,-0.06157529621216772,-3.7396247868106878,0.3736817617866004,-0.030701754385964893,-0.02198607548552567,-0.01975308641975304,0.025723472668810254,-0.07380607814761209,-0.042949448878753294,0.06034482758620685,0.019077196095829585,-0.012263099219620988,-0.007407407407407419,0.042603153304260566
27,2001-09-30,0.04620788965951728,0.07821379210287183,0.03773447482217995,0.04391154279899312,0.05617948636317993,0.034277821043020566,0.1881601062394953,0.1881601062394953,0.18421052631578932,0.18918918918918928,0.4411495859769867,-0.05728557285572855,0.8908151249509355,1.5385626340181229,0.6905635525449243,-0.11362493715434895,-0.050580741850880566,-0.03358522250209905,0.056426332288401326,-0.13593750000000004,-0.11914217633042098,0.048780487804878085,0.009577710056595691,-0.02144469525959369,-0.0074626865671642015,0.032818532818532864
28,2001-12-31,0.3575874622362181,0.3166730169162149,0.6490178974281846,0.5057861550576797,0.02061868817146961,-0.0883662133193559,-0.3310979549780828,-0.3310979549780828,-0.33333333333333337,-0.31818181818181823,0.20167894785934148,10.820874504749632,-12.002006712106011,-2.309318801089918,-0.5348322110301074,0.06693136698808844,-0.1144435674822416,-0.17463075586446564,0.014836795252225475,0.009041591320072316,0.08025247971145189,0.007751937984496138,-0.248167313497197,-0.07843137254901966,-0.10526315789473696,-0.1256230529595016
29,2002-03-31,0.008002376237623787,0.019004220171840558,-0.0059648021947553715,0.003470007923164653,0.03409545272799973,0.3993257110917676,0.01621325257166717,0.01621325257166717,0.0,0.0,-0.3260370094386488,-0.8679874250662769,-1.1106383513998823,-0.7594064763173229,-0.2766252721747661,0.15311004784689008,-0.061497326203208476,-0.11684210526315784,0.032163742690058506,0.1362007168458781,0.24874791318864786,0.05384615384615389,0.025810151993117314,-0.1063829787234042,-0.008403361344537784,0.01549835218669271
30,2002-06-30,0.04181508294417036,0.05154083034133583,0.02741250203384072,0.011202118376312686,0.06767922422580752,0.06757459843355051,0.3272615163271073,0.3272615163271073,0.3333333333333335,0.3333333333333335,0.5362440687335883,-0.22371600746382792,0.7152521175601159,-2.7783928725888765,0.6800740936755756,0.04333794375288137,-0.02469135802469136,-0.07389749702026216,0.06515580736543902,0.011041009463722551,0.07286096256684482,0.04379562043795615,0.0248811853508526,-0.07002801120448188,-0.008474576271186418,0.039908779931584926
31,2002-09-30,0.04297274812436402,0.07685797498371105,0.019789801822162056,0.002637680745406712,0.0830345449139438,0.06629410292768377,0.3952885155146049,0.3952885155146049,0.4000000000000001,0.375,0.10761007279460832,-0.06964831051127973,-0.06081596128989498,1.1726653696498053,0.8794692077492519,-0.054794520547945084,0.025803310613437214,-0.01287001287001288,0.07978723404255318,-0.11232449297971914,-0.07445482866043618,0.048951048951048966,0.038188761593016984,-0.01807228915662662,0.008547008547008517,0.07405533063427816
32,2002-12-31,0.04080406945084247,-0.05285155044577472,0.03840578483302815,0.02849416155793083,0.044706461262538084,-0.012835441283946423,-0.3465220165922144,-0.3465220165922144,-0.3392857142857143,-0.36363636363636376,-0.6252546651956438,1.3279754341380772,-1.1492695320770696,-2.0355271994627264,-0.4845593010831535,0.07293127629733509,-0.012814428096820207,0.009126466753585305,0.041871921182266236,-0.00702987697715296,-0.0033658700774150674,0.0066666666666666,0.003941145559642757,-0.05521472392638027,0.06779661016949158,-0.0790796293387781
33,2003-03-31,0.04595562371001671,0.08238601409339362,0.01917097979510629,0.004448548508108718,0.08927566330923997,-0.008521813941904988,0.17438009510869554,0.17438009510869554,0.1351351351351351,0.2,0.16607665354188494,-0.4302491653551903,-0.4685579196217494,-1.1588732516159717,0.14935474037191332,0.06928104575163396,0.006250000000000089,0.033591731266150004,0.0780141843971629,0.0265486725663715,0.035798716649780626,0.04635761589403975,0.04135043182412978,0.05032467532467511,-0.015873015873015928,0.0775987038458259
34,2003-06-30,0.03661130982768501,0.036671225751066634,0.030785364112629443,9.193246641014953e-05,0.04542745331120624,0.08093033982910347,0.2139809826819481,0.2139809826819481,-0.3809523809523809,-0.4047619047619048,1.4148944409163429,-0.14725934441410804,-29.92815836298933,-4.535446999591781,-0.459419316051915,0.062347188264058724,0.0033444816053511683,0.02625000000000011,0.05701754385964919,-0.013793103448275891,-0.011737854581023943,0.044303797468354215,0.008544860517718078,0.03709428129829995,-0.016129032258064502,0.03655930996280765
35,2003-09-30,-0.01797153737581847,0.013971530604994342,-0.019041691462626242,-0.0010146113222809783,-0.016374802271887038,0.03805816833644049,0.302047502047502,0.302047502047502,0.3076923076923077,0.3200000000000001,0.14434794879031232,-0.31021569802276816,-0.20095954974973285,-2.4005850203987373,1.1903048541148764,-0.029919447640966657,0.023809523809523725,0.03654080389768555,-0.008298755186721962,-0.08216783216783208,-0.08314087759815236,0.04242424242424248,0.0014951407924246318,0.03874813710879277,0.0,0.014962974272845209
36,2003-12-31,0.05353317800203405,-0.004799772988386408,0.05482205975658516,-0.020081642418170675,0.0516153019375829,-0.02676120256500525,-0.2287651963082835,-0.2287651963082835,-0.2352941176470589,-0.1818181818181817,-0.26957676850902124,0.7426981541802389,-0.533409029675532,-0.4871118439131629,0.2787252471551029,0.048635824436536135,0.03674418604651164,0.04935370152761465,0.05439330543933042,0.05714285714285716,-0.011155091759625702,0.046511627906976834,-0.0017417267977107849,0.05738880918220945,-0.008196721311475419,0.015644979315532215
37,2004-03-31,0.06883296509852532,0.030371890049898376,0.08897166370484078,0.14455326771071264,0.03877488949581065,0.0239475318516289,-0.021205290942523325,-0.021205290942523325,0.0,-0.07407407407407418,-0.3052096042726582,1.8609523216149282,-2.1006805526912764,-3.1058722674667814,-0.459019456707075,0.03205128205128216,0.008524001794526725,0.003359462486002273,0.039682539682539764,-0.021621621621621626,-0.060407569141193614,0.04444444444444429,-0.0281655034895314,0.01085481682496603,-0.008264462809917328,-0.09975560986447464
38,2004-06-30,-0.01110984262167014,-0.003941691316298845,-0.04151377475756557,-0.06734024344344591,0.036462513450688634,0.06467416331502562,0.18614974396267006,0.18614974396267006,0.15384615384615374,0.2,0.5747987144229814,-0.6349604738779154,-2.500993030053212,-0.8708528394056585,-0.10958076076162516,0.09097552064303982,0.01067615658362997,0.014508928571428603,0.03435114503816794,0.04972375690607733,0.05151045701006973,0.042553191489361764,0.048217491664529266,0.013422818791946293,0.0,0.06794998354721947
39,2004-09-30,0.0400195497463689,0.07279227786407994,0.030115305905029862,0.06438978261108598,0.05435061610844305,0.04565502809503297,0.21271378028687105,0.21271378028687105,0.2333333333333334,0.2,0.2879645409469307,-0.15888380139897684,0.2037797555891201,-7.077817178881007,0.7479755612665471,0.018754186202277312,-0.019366197183098614,-0.011001100110010986,0.053505535055350606,-0.01578947368421046,-0.025782688766114115,0.04081632653061229,0.013701981893809556,-0.0013245033112583293,-0.008333333333333305,0.007857032814666542
40,2004-12-31,0.04698299323944366,0.009885949571472041,0.035965897119899726,-0.02938156258135427,0.06255788744979696,-0.016308116179162724,-0.2496656029153106,-0.2496656029153106,-0.2432432432432432,-0.2222222222222221,-0.09779631575794867,0.5332647705511029,-0.14710274171471238,-1.028070402904282,-0.01201159548941011,0.09960552268244573,-0.034560143626570894,-0.02224694104560609,0.06654991243432562,0.044563279857397615,0.07183364839319473,0.044117647058823366,0.014965001206854955,-0.01591511936339518,-0.008403361344537784,0.0405074900642004
41,2005-03-31,0.022108760246425385,0.05311844736706317,0.05251444637140112,0.18663781588361195,-0.01980007923103655,-0.002475443691814294,0.04780887678616552,0.04780887678616552,0.03571428571428559,0.03571428571428559,-0.6041149878988696,-0.06547935700242857,-1.3330577507598784,-15.106235565819864,0.17149836447614095,-0.009267563527653231,-0.004184100418410107,0.003412969283276279,-0.014778325123152691,-0.07167235494880543,-0.01763668430335097,0.04225352112676073,-0.041141498216409,0.005390835579514697,0.0,-0.11253121786396356
42,2005-06-30,-0.01786335798800209,0.0063689302513423324,-0.03935011887047246,-0.041722949640416784,0.013937232180341708,0.08298500766441097,0.15980334369306615,0.15980334369306615,0.1724137931034484,0.13793103448275867,1.5571173753296843,-0.05341055341055345,-3.315762575746513,1.175507531106745,0.31847759655829444,-0.020820760410380168,-0.00046685340802987696,0.0034013605442175803,0.011666666666666714,-0.005514705882353033,-0.05278276481149025,0.04054054054054057,0.032490079365079305,0.0,0.008474576271186418,0.050157258731998056
43,2005-09-30,0.0262965948377194,0.06785104902894458,0.0030750070262257627,-0.0021836697445208886,0.05885852973127514,0.005272451720257143,0.1982628180694641,0.1982628180694641,0.2058823529411764,0.21212121212121213,0.1777808250213142,-0.2037990901009256,0.2810302972981493,1.080260385310054,0.5024858438690092,0.0,-0.0014012143858010973,0.007909604519774183,0.05766062602965394,-0.011090573012939142,-0.023881728582259232,0.03896103896103886,0.03170790295460013,0.009383378016085908,0.0,0.07022383354350592
44,2005-12-31,-0.008346170984453227,-0.017891424564700054,-0.016863438833980667,0.050002251297310174,0.002967774108603605,-0.019967839227042483,-0.4745233367392184,-0.4745233367392184,-0.4878048780487805,-0.4750000000000001,-0.19378581408062856,2.134640329704612,-0.6466172815199469,-2.102107262367731,-0.36858470249473707,0.04899845916795065,-0.06267539756782038,-0.05493273542600896,0.014018691588784993,-0.009345794392523366,0.016699029126213686,0.04166666666666674,0.011408614668218851,-0.06374501992031889,0.008403361344537784,-0.06465866411370502
45,2006-03-31,-0.012725239343965187,-0.07895736410661858,-0.0407293782579824,-0.08231868831838274,0.0237386384996452,-0.01878205717839887,0.4287339032175221,0.4287339032175221,0.4761904761904763,0.4285714285714286,-1.0047718910501928,-1.3583015991912375,2.812626227453165,-0.3198096175939603,-0.3970568510605683,0.08901292596944765,-0.014471057884231418,0.014234875444840034,0.02611367127496167,0.07358490566037745,0.1512605042016808,0.040000000000000036,0.036832412523020386,-0.0014184397163119478,0.008333333333333305,0.0036217620659790843
46,2006-06-30,0.04347766929940522,0.08320815020448058,0.07443949018303808,0.11092733444767533,0.005701390698666264,0.09446599558065304,0.19635107721541734,0.19635107721541734,0.19354838709677424,0.2,-233.75657894736838,-2.205107963101033,-0.5220337744654812,-2.036362320239359,0.6824768805415198,0.05476126247639601,-0.0015189873417722488,0.008187134502923854,0.010479041916167777,0.0281195079086114,0.04611811546118117,0.03846153846153855,-0.03619005328596814,0.005681818181818121,0.008264462809917328,-0.02494704636385037
47,2006-09-30,0.02444031792125489,-0.008515414535991694,0.013762274109620163,0.004216765586565918,0.03835897351332696,0.043210450580968514,0.18437630796638732,0.18437630796638732,0.18918918918918928,0.1944444444444444,0.2891376240142458,0.6856477381631143,1.6893738176676285,-2.203534259970664,-0.4881994616801246,0.08695652173913038,0.0020283975659229907,0.008120649651972123,0.040000000000000036,0.07692307692307687,0.061211544560735735,0.03703703703703698,0.01359133840129001,-0.00423728813559332,0.008196721311475308,-0.012631748330517169
48,2006-12-31,0.10294528705155837,0.31804654939838195,0.22078059255079752,0.3113159058998876,-0.04701270872811192,-0.006142213151608234,-0.2099330367255956,-0.2099330367255956,-0.2272727272727272,-0.20930232558139528,-0.02041290639443616,-0.4170618842342375,-3.0335363037593344,-9.315187743021301,7.931742692648362,0.04188235294117648,0.0926113360323888,0.05523590333716921,-0.045584045584045496,0.0015873015873015814,0.0179318589360431,0.03928571428571437,-0.13590909090909098,0.06808510638297882,-0.008130081300813052,0.005133637548891734
49,2007-03-31,-0.09638601925842284,-0.21383588419455127,-0.12673161417746848,-0.2348592228810233,-0.046916195996976606,-0.013217938630999182,0.026482091041506672,0.026482091041506672,0.0588235294117645,0.02941176470588225,-0.6150178837622602,-0.0481598992605029,-2.533161429180381,-1.999913920858372,-0.8880232382770454,-0.0697831978319784,0.044928207503473816,0.01526717557251911,-0.0313432835820896,-0.025356576862123448,-0.1544333529066354,0.03780068728522323,0.0547080483955813,0.003984063745019917,0.008196721311475308,0.02748277259829757
50,2007-06-30,0.03681073771723353,0.056546802086192775,0.06634615384615382,0.1197599582536093,-0.0073061071562382516,0.08627013235528612,0.2324022346368715,0.2324022346368715,0.25,0.2571428571428573,1.5732558139534882,0.16601815823605715,-0.7399726526891522,-1.0418799441600743,0.3321033210332103,0.0427288176741929,0.06205673758865249,0.031149301825993625,0.0,0.07642276422764227,0.007638888888888752,0.039735099337748325,-0.042643391521197005,0.01719576719576721,0.016260162601626105,-0.05649360896323185
51,2007-09-30,0.029658970147811825,0.04247856586126275,0.004351746579370319,0.026796116504854472,0.07026482984210848,0.03728714034057545,0.03354487760652769,0.03354487760652769,0.022222222222222143,0.045454545454545414,0.06823316764572973,0.5161290322580645,-0.4259421560035057,0.9222222222222224,0.479224376731302,0.00814901047729899,0.01836393989983298,-0.006250000000000089,0.0662557781201849,0.007552870090634435,-0.04341833218470015,0.035031847133757836,0.03959364417817146,-0.016905071521456372,0.008000000000000007,0.015303562468640175
52,2007-12-31,0.10780634265340594,0.06996884735202502,0.08794597548598637,0.14848714069591518,0.1377101210767604,0.018822530427398787,-0.005263157894736858,-0.005263157894736858,0.0,-0.0217391304347826,0.07402707275803723,1.6441672780630958,-3.076335877862596,-0.11560693641618502,0.2865168539325842,0.12702078521939966,0.025819672131147664,0.04612159329140453,0.13150289017341033,0.056971514242878614,0.1055475504322767,0.040000000000000036,0.027060886995740274,0.033068783068783025,0.015873015873015817,-0.06836339675479775
53,2008-03-31,0.10830439569746764,0.10114714959529493,0.13914104266083016,0.05657643416979519,0.06390453066074286,0.012571190443117164,-0.09259259259259256,-0.09259259259259256,-0.08695652173913049,-0.08888888888888903,-0.4604174871996849,-0.14095449500554935,0.8566176470588236,1.6830065359477122,0.5975254730713246,-0.02786885245901638,-0.033559728326008835,-0.038076152304609145,0.0638569604086845,-0.1404255319148936,-0.09058325187357452,0.038461538461538325,-0.04025372041961439,-0.005121638924455829,-0.03125,0.04217133763592962
54,2008-06-30,0.023154958638213367,0.05367530407191956,-0.0057009669595893256,-0.026492955990524925,0.06764106050305907,0.07689141916455178,0.3508260447035958,0.3508260447035958,0.3333333333333335,0.3414634146341464,0.2678832116788321,-0.75,-1.3885148514851484,-0.969549330085262,0.011389521640091216,-0.03246205733558172,-0.016949152542372836,-0.0010416666666667183,0.0672268907563025,-0.09075907590759068,-0.0655678968111788,0.0370370370370372,0.04346720894763578,0.027027027027026973,-0.03225806451612912,0.08237190363081104
55,2008-09-30,-0.04511250116702459,-0.04933500627352572,-0.08749366447034967,-0.14324133956585772,0.01573657161049713,0.03585987261146495,-0.09208633093525176,-0.09208633093525176,-0.0892857142857143,-0.09090909090909094,0.0679332181922856,0.28682170542635665,1.0744138634046891,-48.96,-0.54009009009009,0.025708061002178702,-0.03910849453322118,-0.016684045881126264,0.013498312710910957,-0.03811252268602538,-0.0345092024539877,0.03571428571428559,0.0638246041412911,-0.010025062656641492,-0.008333333333333305,0.10956971549494464
56,2008-12-31,-0.06980973425370074,-0.1072220462464365,0.10577657432479336,0.0776532137518684,-0.2962880042985716,-0.08792965627498006,-0.3660855784469097,-0.3660855784469097,-0.3333333333333333,-0.31999999999999995,0.3854447439353099,-0.05522088353413657,-0.08353808353808356,-0.7047539616346956,-0.346718903036239,-0.15526762956669493,-0.02713347921225384,-0.07104984093319189,-0.2619311875693673,-0.16792452830188676,-0.17315329626687848,0.037135278514588865,-0.2434165330890771,-0.07594936708860768,0.008403361344537784,-0.171575898848626
57,2009-03-31,-0.011162732031364976,-0.004730648690201678,-0.023106143848303118,-0.014217352104861638,0.008462713158564616,-0.09108069844266163,-0.2825,-0.2825,-0.2941176470588236,-0.2941176470588236,-0.8933852140077821,-0.33049946865037194,-1.2611260053619304,-1.3615819209039548,0.1919040479760119,-0.1697259240633643,-0.045434098065677005,-0.07762557077625576,0.007518796992481258,0.12698412698412698,-0.11911623439000962,0.035805626598465416,0.01967312348668271,-0.08493150684931505,0.008333333333333305,0.009635061391541466
58,2009-06-30,0.04772736936094213,0.03968866971659435,0.0014461548349775644,-0.05733783593640074,0.1383052558521043,0.06920338228749445,0.7264808362369337,0.7264808362369337,0.75,0.7083333333333333,8.927007299270072,0.04603174603174609,-5.213552361396304,-0.75,0.040251572327044016,0.12295578437310704,-0.04948162111215837,-0.07920792079207928,0.13731343283582098,0.11267605633802825,0.2404580152671756,0.0345679012345681,0.08667260314633429,-0.0793413173652695,0.0,0.10294738620048992
59,2009-09-30,0.01227603839052005,0.037773587062117864,-0.031256016943713494,-0.03507724457049033,0.08741200598636434,0.0727714186611168,0.4631685166498487,0.4631685166498487,0.4523809523809523,0.4634146341463414,-0.14669117647058827,0.10773899848254942,-0.3357699805068226,6.75,0.2998790810157195,0.14320388349514568,0.0927119484382748,0.057795698924731236,0.08398950131233596,0.005424954792043303,0.2505494505494505,0.03341288782816232,0.07402349084949478,0.06666666666666687,-0.008264462809917328,0.07549770290964775
60,2009-12-31,0.006434413085311118,-0.0009911894273127997,-0.002484430899695189,-0.03302652950730911,0.019930675909878737,0.011704604242110728,-0.2013793103448276,-0.2013793103448276,-0.19672131147540986,-0.18333333333333326,-0.2955622576475657,0.3342465753424657,-0.2296404988994865,-2.3669354838709684,-0.3153488372093023,0.0648737909884407,0.02994555353901984,0.08005082592121981,0.02542372881355948,-0.017985611510791255,-0.0021089630931457877,0.034642032332563584,0.013479145473041857,0.07774390243902429,0.0,0.03310551046561305
61,2010-03-31,-0.05013045469935673,-0.0528607650755154,-0.03672832331551157,0.0958246680531114,-0.070068469188865,-0.08462767657398529,-0.1753022452504318,-0.1753022452504318,-0.16326530612244905,-0.18367346938775508,-0.17186544342507648,-0.4096509240246407,-0.4866666666666667,-1.3451327433628315,0.1589673913043479,-0.024590163934426257,0.05198237885462565,0.08705882352941162,-0.05903187721369552,-0.04761904761904756,-0.1088411412469179,0.03571428571428559,-0.02107904642409042,0.07637906647807635,0.008333333333333305,-0.13569016608090426
62,2010-06-30,-0.022100142581565008,0.009893499388931026,-0.0339573206467404,-0.021970802919707988,-0.0012898371580587489,0.061518050415473764,0.3539267015706806,0.3539267015706806,0.3414634146341464,0.3500000000000001,0.6957163958641064,0.34608695652173904,1.0389610389610389,2.0769230769230766,0.42203985932004695,0.06518282988871227,0.05904522613065333,0.08116883116883122,0.0,0.13076923076923075,-0.024505928853755014,0.032327586206896575,0.021532940271725254,0.05256241787122207,0.03305785123966953,0.03261042895869881
63,2010-09-30,0.04239032548565547,0.06869129257188966,0.03265291556634065,0.0736622135980296,0.056987569283754036,0.0274306012366794,0.3472544470224284,0.3472544470224284,0.3636363636363635,0.37037037037037024,0.18989547038327534,0.35529715762273906,0.10737033666969964,0.3083333333333333,0.38829348722176427,0.02217484008528792,0.05970739422696725,0.067067067067067,0.0614805520702637,0.023809523809523725,-0.04294975688816849,0.03340292275574108,0.013801756587201952,0.057428214731585436,0.008000000000000007,-0.0046328468844104576
64,2010-12-31,0.0022009667798004173,0.008304125101105342,-0.05339185126308876,-0.07910468511052415,0.08400366561449958,0.00870734361995007,-0.246268656716418,-0.246268656716418,-0.2533333333333333,-0.2567567567567567,0.14275256222547594,-0.3918017159199237,0.4519309778142975,0.5690021231422506,0.4388361045130642,0.033583646224447206,0.013059701492537323,0.03846153846153855,0.08156028368794321,-0.02657807308970084,-0.03344623200677399,0.036363636363636376,0.08168316831683198,0.028335301062573762,0.007936507936507908,0.09494996509192456
65,2011-03-31,0.08006649973318014,0.01016097117492909,0.11258761682242999,0.2456219806763285,0.03823032124741688,-0.03630593462392895,-0.2871287128712872,-0.2871287128712872,-0.2857142857142857,-0.2727272727272727,-0.8203074951953876,4.921630094043887,-2.2399547255234857,-2.2300405953991884,-0.3751547668179942,-0.012310797174571177,-0.04640883977900556,-0.02890695573622415,0.041530054644808516,-0.08703071672354956,-0.038545773105562835,0.033138401559454245,-0.03867276887871873,-0.017221584385763492,-0.007874015748031482,-0.18908962097059856
66,2011-06-30,0.027573494479600225,0.055746730901582886,0.005709410683816696,-0.006423463822566977,0.05772188546096092,0.11888296120661268,0.3450854700854702,0.3450854700854702,0.3500000000000001,0.325,3.3850267379679138,-0.7707781895182636,-1.7101780009128251,-1.12981298129813,0.0779392338177014,0.08724969350224776,-0.061413673232908576,-0.04279069767441857,0.0577124868835257,0.04299065420560755,0.08701594533029611,0.03396226415094361,0.02927874315639145,-0.03504672897196248,-0.007936507936507908,0.06264197099423363
67,2011-09-30,0.01816029884972448,0.04854076822786069,-0.009885807504078305,-0.013356916321053958,0.055085108202891135,0.02195667530021184,0.22716441620333594,0.22557585385226364,0.2407407407407407,0.2264150943396226,-0.030081300813008083,0.008083140877598094,-0.31748071979434445,2.73728813559322,0.27022058823529416,-0.05093027626386015,-0.09094650205761312,-0.06705539358600587,0.054563492063492085,-0.10215053763440862,-0.04652137468566642,0.031021897810219023,0.03630897317298798,-0.06295399515738509,-0.008000000000000007,0.06273123407054193
68,2011-12-31,2.313135716361523,1.5805834528933524,3.1189244406366363,0.9572850343079682,1.2970004053506283,0.06289960255745641,-0.42200647249190937,-0.4212572909915748,-0.4776119402985075,-0.4769230769230769,-0.39312657166806375,15.868270332187858,-29.02730696798493,36.10430839002267,7.8933912204534495,0.0435643564356436,-0.3386147578089633,-0.4395833333333333,0.8306679209783632,-0.009980039920159613,0.08747252747252743,0.035398230088495415,-0.3066279848248159,-0.12015503875968993,-0.3629032258064516,0.3184279746247873
69,2012-03-31,-0.07560523661242924,-0.2661601186063751,-0.11545077081849965,0.10747560243817712,0.011735225086911159,0.5232753481818675,-0.4434490481522956,-0.4434490481522956,-0.5142857142857142,-0.5,-0.23687845303867405,-0.906763547467065,-1.4938014446497565,-1.910346513475524,-0.8079843783901063,0.1413662239089184,-0.2915811088295689,-0.3215613382899629,0.008221993833504637,-0.3770161290322581,0.2663702506063055,0.03418803418803429,0.09430318635339564,-0.23935389133627016,-0.11392405063291144,-0.33740171341391856
70,2012-06-30,-0.023502968265358803,-0.01295519975756354,-0.026536186531121664,-0.015941367706610362,-0.019430684434521783,0.05258102387135799,2.7122736418511058,2.7122736418511058,2.705882352941176,2.647058823529412,-0.08959276018099549,0.04151493080844858,-1.010681725404817,-0.9670381310418904,-0.13870056497175146,0.06699916874480483,-0.05217391304347818,-0.08219178082191769,-0.02038735983690121,0.058252427184465994,0.2122566230450047,0.03305785123966953,0.004117647058823337,-0.013513513513513488,-0.05714285714285705,0.003099539496989045
71,2012-09-30,0.01563278146901981,0.04206217218881925,-0.006187750854764418,-0.18315124467499344,0.057561635063502876,0.02183391354311004,0.2970189701897019,0.2899728997289972,0.2857142857142858,0.2903225806451615,4.066600397614314,-0.0587412587412588,-24.038216560509554,-1.3890020366598779,0.06264348966874378,0.017606731068868786,-0.003058103975535298,-0.0149253731343284,0.056191467221644135,0.039755351681957096,-0.033965244865718724,0.03200000000000003,0.04130052724077338,0.03326810176125239,-0.06060606060606066,0.2757128983843913
72,2012-12-31,0.05079890927356656,0.20110977436224808,0.06689976254136831,0.08301699364955484,0.022134759646113,0.007442198921708165,-0.0480568324279147,-0.0277310924369748,-0.012345679012345734,-0.05000000000000005,-0.05395330586619584,-0.4576523031203567,-2.1672656897981755,42.6544502617801,2.5734567901234566,0.04287245444801702,0.23108384458077705,0.2575757575757576,0.014778325123152802,-0.0117647058823529,-0.03815753611338235,0.0356589147286821,-0.02728551336146268,0.125,0.129032258064516,0.10899653979238756
73,2013-03-31,-0.015712228905720882,-0.05899427636958299,-0.03053749496153235,-0.12071281160939495,0.01393779825571828,-0.05702935189441194,-0.2932396839332748,-0.31028522039758,-0.325,-0.3026315789473684,-0.6142679386146828,2.024657534246576,-1.6951681667456182,-1.399976013432478,-0.28804629469683884,0.12083394508882694,0.1353820598006643,0.15180722891566267,0.010679611650485477,0.10416666666666674,-0.07934258996882959,0.034431137724550975,0.030075187969924814,0.1515151515151516,0.0,0.07020280811232449
74,2013-06-30,0.1363363050843538,0.02059347438849546,0.16738523278830764,0.2091125847552344,0.0820877355275329,0.16214616482713007,0.3403726708074535,0.3352130325814537,0.31481481481481466,0.3018867924528301,0.11290322580645153,5.829257246376812,-3.900511073253833,0.3466266866566716,-0.5448259128957904,0.10165051087241284,-0.008778346744696242,-0.008368200836820217,0.06243996157540833,0.08894878706199473,-0.04493690366266545,0.0332850940665701,-0.047725996631106216,0.002923976608186996,-0.014285714285714348,-0.15591836734693887
75,2013-09-30,-0.0020707936685611106,0.02081648290834792,-0.011451268233763856,-0.013834540132491193,0.016332958380202545,0.043801306249625416,0.4235403151065802,0.4453308305959642,0.4366197183098592,0.4492753623188408,1.5903381642512078,-0.8948206114463824,-1.4269940091624576,-1.042752171008684,0.051172707889125764,0.09952437574316296,0.048708487084870855,0.03797468354430378,0.01672694394213381,0.034653465346534684,0.07186593619078296,0.03221288515406173,0.018573113207547058,0.04373177842565612,0.0,0.035161646863774536
76,2013-12-31,0.0011675572052045613,-0.02035029190992499,-0.04234122042341215,0.09001437230519271,0.0838055604745882,0.021670493685419068,-0.05729166666666662,-0.06785714285714284,-0.06862745098039225,-0.06999999999999995,0.17605371130175307,0.2635561160151325,0.3394773039889958,-3.875,-0.13995943204868155,0.10727803611982267,0.010555946516537684,0.03861788617886175,0.08581591818586043,0.08851674641148333,0.033072760072158765,0.03663500678426046,0.08248914616497838,0.019553072625698286,0.014492753623188468,-0.10130130130130124
77,2014-03-31,-0.0037226593333842257,0.0009790567001533024,0.0051688462513597155,0.11915613265686352,-0.01821821004043956,-0.06262115465655294,-0.3283839779005525,-0.3347265761058864,-0.3263157894736841,-0.33333333333333337,-0.6600063431652394,-0.12974051896207586,-0.8498665023618813,-0.2952898550724637,-0.11468160377358495,0.022951460103525667,-0.006267409470752217,0.003913894324853118,-0.016380016380016515,-0.05714285714285705,-0.03230500582072171,0.03664921465968597,-0.014438502673796871,-0.002739726027397138,0.0,-0.1055914457562932
78,2014-06-30,0.002576239304006523,0.014692749308951703,-0.011114456115798643,0.01600758119045187,0.02668330906317173,0.0694119762632619,0.6195372750642674,0.6303664921465968,0.625,0.6451612903225807,0.4808768656716418,0.060206422018348686,2.3761969904240767,1.9125964010282768,-0.3772893772893773,0.018617529119725036,0.07077785564120531,0.09941520467836253,0.02872606161532065,0.034965034965035,-0.00962406015037598,0.03409090909090895,0.02387411828540431,0.08104395604395598,0.014285714285714237,-0.0012453300124531939
79,2014-09-30,0.0036708847852022775,0.02089226965067792,-0.0192698519792327,0.12304318233381227,0.03984924826757075,0.03550809932178689,0.1726984126984128,0.17180475272960827,0.1730769230769229,0.16666666666666652,0.931023622047244,0.11195240670632778,0.5956239870340356,-1.0953221535745807,0.05775401069518726,0.05801855844034121,0.018979057591623102,0.054964539007092084,0.038041278834479934,0.02927927927927932,-0.039781354388095935,0.03418803418803429,0.03603603603603611,0.03557814485387545,0.014084507042253502,-0.09093931837074
80,2014-12-31,-0.011129849942598248,-0.00014368405927989158,0.0138512521498384,-0.015353535353535341,-0.049623923407682624,-0.0038160708002923367,-0.07065511640498101,-0.08057001918333795,-0.0901639344262294,-0.07563025210084018,0.09378567933452953,0.3784046692607004,-0.09268664296597262,0.09259259259259256,0.059656218402426735,-0.040308291991495326,0.04303147077713532,0.04873949579831938,-0.04678362573099415,-0.07658643326039394,-0.08886780518659088,0.03896103896103886,-0.03887468030690533,0.03312883435582825,0.013888888888888841,0.015453547915142753
81,2015-03-31,-0.0110290907036118,0.01040832666132907,0.019148337553580586,-0.06054803264487307,-0.060812750310966564,-0.10410780265159747,-0.3143023594523741,-0.3043219076005961,-0.29729729729729737,-0.30000000000000004,-0.8322397852669251,-0.4036697247706422,-1.2404142177441926,1.3983050847457623,0.1350190839694656,-0.008677190067386653,0.0474137931034484,0.03846153846153855,-0.0560327198364009,0.04028436018957349,-0.05137105171815348,0.03750000000000009,-0.05029270888770632,0.03800475059382436,0.0,0.0754615038271047
82,2015-06-30,-0.001802410139206345,0.010016660571335656,0.0017700552127313254,0.07888861926716806,-0.008645029835540718,0.0277474526928676,0.3118096856414614,0.2939160239931449,0.3076923076923077,0.2987012987012987,3.658666666666667,0.01183431952662728,-4.142025611175786,1.5689045936395758,0.3055905842791089,0.06294813297327506,0.01293356848912408,0.0,0.0,0.1275626423690206,0.023783388218075352,0.03614457831325302,-0.006724572709442489,0.005720823798627039,-0.013698630136986356,-0.06380306455664386
83,2015-09-30,-0.017380173073220484,-0.06612218623644661,-0.02408046815477638,-0.2000629765412384,-0.004169358153737757,0.016907143489421902,-0.19009067357512954,-0.14635761589403973,-0.1470588235294118,-0.14,0.4474336958595688,0.22280701754385968,1.3668025194516489,-2.730398899587345,-0.4050225370251127,-0.03293911519929926,-0.05687753917585602,-0.08641975308641969,-0.004766031195840514,-0.034343434343434336,-0.02823445318084339,0.0348837209302324,0.013258110014104485,-0.07053469852104677,0.0,0.16742688489401636
84,2015-12-31,-0.012794373864737585,-0.04198259520937442,-0.03150979594209635,0.3395939942641848,0.018678499823092443,-0.009981429897864436,-0.10875649740103954,-0.1896819239720714,-0.1839080459770115,-0.1976744186046512,-0.20300553651463227,0.7537063605930177,-0.4863807138384471,-0.2686804451510334,-0.4978354978354978,0.05136334812935961,-0.09907692307692306,-0.09628378378378387,0.016107966913365246,0.056485355648535414,0.14453843324751747,0.03575076608784489,0.03201559020044531,-0.09424724602203184,-0.01388888888888895,-0.2848387343905615
85,2016-03-31,-0.016087588578294953,-0.05679595278246208,0.002435406001046303,-0.12696247166484764,-0.04754048539052669,-0.09220398593200474,0.04082548227904882,0.1048348492101483,0.09859154929577474,0.11594202898550733,-0.2184915646708568,-0.5884919552767931,-0.5568424260896068,-2.909782608695652,1.893318965517241,-0.08530070653110466,0.00819672131147553,0.009345794392523477,-0.03856041131105392,-0.099009900990099,0.027634961439588768,0.03451676528599612,-0.032101429727542374,0.012162162162162149,0.0,0.08034279592929837
86,2016-06-30,-0.006389776357827448,-0.023719278171112523,-0.01152296466119751,0.018968626036783176,0.0029021180903758825,0.07096274294569649,0.13620689655172424,0.1195840554592722,0.1282051282051282,0.1298701298701299,-0.14857142857142858,0.14645460569913848,1.2819807427785421,-1.5754126351735909,-0.3765363128491621,0.09099472494348147,-0.03590785907859073,-0.031481481481481444,0.008912655971479387,0.13406593406593406,0.09099437148217636,0.03336510962821726,0.009476031215161608,-0.03871829105473967,0.014084507042253502,-0.04184432325235488
87,2016-09-30,0.008461091052752945,0.018703911705816312,-0.010212029424491507,-0.015194412986032413,0.04076963866373751,0.020770529362112544,0.4396813353566009,0.4477554179566563,0.4545454545454546,0.4597701149425288,0.5334327616206811,0.4907514450867052,0.0433996383363473,-1.1305637982195846,0.07885304659498216,0.041529960283198,0.11806043569922675,0.14149139579349912,0.0406360424028267,0.03294573643410858,0.0839782172542276,0.032287822878228845,0.03202650469353952,0.1263888888888891,0.0,0.034357859877884644
88,2016-12-31,-0.0026443511001806863,0.025743048897411303,-0.006793739617032446,-0.27661715380929564,0.004585419820659187,-0.010041050175718323,-0.01976284584980237,-0.02085004009623093,-0.015625,-0.03149606299212604,-0.2737882963203112,-0.03955021326095387,-0.8705950317735414,10.12121212121212,0.8128460686600221,-0.03448561717649001,0.1470773098680076,0.14070351758793964,0.004244482173174857,-0.07317073170731703,-0.14463246959280796,0.033065236818588195,0.0072231139646869984,0.15289765721331672,0.0,0.4180090045022511
89,2017-03-31,0.04870650620287842,0.006519605552180119,0.08673069643375908,0.392760151023382,-0.013287736737621514,-0.056830046836311536,-0.3096774193548387,-0.30794430794430794,-0.30952380952380953,-0.3008130081300813,-0.04977678571428568,2.8009689140088816,-9.828125,-1.7854223433242506,-0.3521686010995724,0.04516184425173875,0.009863013698630184,0.007342143906020616,-0.0076077768385460764,0.04048582995951412,-0.09119010819165384,0.032006920415224904,-0.059229747675962785,0.012834224598930577,-0.01388888888888895,-0.2772878007479009
90,2017-06-30,0.015627113353794853,0.052190467346133314,0.015407671432621894,0.026894632963165632,0.01619819661056776,0.09523658906882584,0.16082554517133962,0.1700197238658776,0.1724137931034484,0.17441860465116288,0.019497298567066057,-0.7784386617100372,-1.4285714285714286,-1.4215091066782306,0.22913719943422906,0.06514417152715013,0.018448182311448846,0.010204081632653184,0.018313458262350986,0.07392996108949412,0.042517006802721184,0.031014249790444426,0.0005646527385656519,0.020063357972544882,0.0,0.02460216733378906
91,2017-09-30,0.017071821506499996,0.018181417003155342,0.0018189505931534007,-0.1300944794368285,0.04373021951818723,0.029052473503335507,0.32774236833277426,0.32299393122049896,0.3333333333333335,0.3267326732673268,0.34838709677419355,0.04506232023010548,1.5162241887905603,-2.0617283950617287,-0.19792865362485607,0.008252352306031163,0.0015982951518380695,-0.00721500721500723,0.04558762024257623,-0.009057971014492685,-0.02381729200652516,0.030081300813008083,0.02624153498871351,0.0010351966873705098,-0.014084507042253502,0.17046212482134335
92,2017-12-31,0.005323140300251382,-0.0039224184635388015,-0.022600039816842558,-0.08646116168876118,0.054857870761391814,0.02452782533045217,0.4444163719050025,0.4421508664627931,0.4411764705882351,0.4328358208955223,0.10457963089542033,0.3995412844036697,-0.24454865181711605,-1.0445736434108528,0.01099952175992347,0.01866442285626868,0.123404255319149,0.12645348837209291,0.05479999999999996,-0.02559414990859221,0.00233957219251324,0.03235990528808208,0.04921638713225174,0.12719751809720806,0.0,0.09036144578313254
93,2018-03-31,0.011115897888029469,8.702462796961187e-05,0.01961103823622868,0.16055714202459348,-0.002297040099757175,-0.04925082860821217,-0.5658562182963093,-0.5629969959356778,-0.5612244897959184,-0.5625,-0.2462871287128713,-0.16158636512618818,-0.17752948479205466,-16.608695652173914,-0.16982024597918632,-0.0003754599384244717,-0.03125,-0.01806451612903226,-0.0011376564277588708,-0.05253283302063794,-0.1347115705235078,0.031345565749235416,-0.013102725366876287,-0.02568807339449541,0.014285714285714237,-0.1382708675526355
94,2018-06-30,-0.011528762453986484,0.002414723285764086,-0.03766061497155282,-0.09013759164406954,0.03269306670174976,0.06300959405341544,0.4246575342465753,0.4205418520016175,0.4186046511627908,0.4285714285714286,-0.38731527093596063,-0.2627052384675528,-0.08867924528301885,2.3788300835654597,-0.6911680911680912,0.06392728365384602,0.004887585532746819,0.031537450722733285,0.031511009870918816,0.0653465346534654,0.06820809248554904,0.03039288361749448,0.04460966542750944,0.0197740112994349,0.014084507042253502,0.10171547392133083
95,2018-09-30,0.0005513342288336887,0.046528787517090116,-0.005272728782456325,-0.009382416248137293,0.010178992292502631,0.015611448395490113,0.23953619909502266,0.2393965271847425,0.2377049180327868,0.2333333333333334,1.2268006700167504,0.08430540827147404,0.2960662525879918,-2.231657048639736,2.756457564575646,0.0540139800889643,0.003891050583657573,0.025477707006369414,0.010305483989694329,0.02044609665427521,0.016233766233766378,0.029496402877697836,0.009659379766141285,0.014773776546629813,0.013888888888888841,0.0563856558666247
96,2018-12-31,0.005605482251810789,-0.02998569147502228,0.003447527463354305,0.026686723494345088,0.009307135470527415,0.0035493168232278993,-0.1124800365046772,-0.10656867248507118,-0.0993377483443708,-0.1148648648648648,0.2446216338197684,0.8635696821515892,0.12843450479233232,-0.3949129852744311,0.4440078585461689,0.00040192926045023997,-0.12112403100775193,-0.11428571428571432,0.012750455373406357,-0.009107468123861541,-0.025559105431310014,0.032145352900069916,0.0037764350453173283,-0.11737943585077334,0.0,-0.05516265912305507
97,2019-03-31,0.04249669979327009,0.015670094277101976,0.05322396825528864,0.1276318645539396,0.027176629348260702,-0.0678367238399149,-0.2377892030848329,-0.2377892030848329,-0.24264705882352944,-0.2290076335877863,-0.5429711108424997,0.2526895827866702,-0.6673272933182333,-3.3783185840707963,-0.7312925170068028,0.08309896879603595,0.0143329658213891,0.0238429172510517,0.025899280575539585,0.06985294117647056,0.2200364298724955,0.031144211238998125,-0.014798093804865853,0.031958762886597825,0.0,-0.09927513394264108
98,2019-06-30,-0.004778378791643556,0.021574405388339324,-0.008095918867045304,-0.006809432146294482,0.0005717274684637896,0.07245963370799346,0.2431703204047217,0.2431703204047217,0.24271844660194164,0.3465346534653466,0.4266067177995239,-0.622748219522413,2.048510638297872,-1.0311627906976744,0.08481012658227849,0.16877897990726431,0.0,0.0,0.002454417952314269,0.1391752577319587,0.12899372947148402,0.030203545633617827,0.00534623217922614,0.006993006993007089,-0.013698630136986356,0.0285164450664801
