Unnamed: 0,Quarter end,Assets,Current Assets,Liabilities,Current Liabilities,Shareholders equity,Revenue,Earnings,Earnings available for common stockholders,EPS basic,EPS diluted,Cash from operating activities,Cash from investing activities,Cash from financing activities,Cash change during period,Cash at end of period,Price,ROE,ROA,Book value of equity per share,P/B ratio,P/E ratio,Cumulative dividends per share,Equity to assets ratio,Net margin,Asset turnover,Current ratio
0,1993-12-31,-0.02180368183519754,-0.20820687581437305,-0.06655361814121352,-0.2317900243197357,0.020309236254826724,-0.06376185063761852,0.1306761848106286,0.1306761848106286,-0.4473684210526317,-0.4705882352941178,0.11383969414189266,-0.08300961127163843,-1.508208828040675,-1.6208188153310106,-0.4452675775000242,0.08785529715762275,-0.031735313977042656,-0.08052884615384615,0.02054794520547953,0.17708333333333348,0.05747623163353487,inf,0.04309006211180133,-0.00930232558139521,-0.029411764705882363,0.030755788553953563
1,1994-03-31,-0.02180368183519754,-0.20820687581437305,-0.06655361814121352,-0.2317900243197357,0.020309236254826724,-0.06376185063761852,0.1306761848106286,0.1306761848106286,-0.4473684210526317,-0.4705882352941178,0.11383969414189266,-0.08300961127163843,-1.508208828040675,-1.6208188153310106,-0.4452675775000242,0.08785529715762275,-0.031735313977042656,-0.08052884615384615,0.02054794520547953,0.17708333333333348,0.05747623163353487,inf,0.04309006211180133,-0.00930232558139521,-0.029411764705882363,0.030755788553953563
2,1994-06-30,0.01818677497866417,0.09505147017868998,0.003612521945369318,-0.009628709322884288,0.03073455158121185,-0.06376185063761852,0.1306761848106286,0.1306761848106286,-0.4473684210526317,-0.4705882352941178,0.11383969414189266,-0.08300961127163843,-1.508208828040675,-1.6208188153310106,0.4983132024681432,0.1995249406175772,-0.031735313977042656,-0.08052884615384615,0.026845637583892586,0.17708333333333348,0.05747623163353487,0.0,0.012281354670636402,-0.00930232558139521,-0.029411764705882363,0.10562007289988996
3,1994-09-30,0.028785521092437264,-0.04196240723186828,0.01640753212336343,-0.08402692335528694,0.03916199506156737,-0.1058441285034596,0.1974745703262013,0.1974745703262013,0.2380952380952381,-0.4705882352941178,-0.01624589313505098,0.0040554434332280564,-1.4022468142186453,-0.9609232496141434,0.012996255118587818,0.1544554455445546,-0.031735313977042656,-0.08052884615384615,0.045751633986928164,0.12389380530973447,0.05747623163353487,1.0,0.010110294117646969,-0.00930232558139521,-0.029411764705882363,0.04592501725063247
4,1994-12-31,0.003258938506395248,-0.2450504367971427,-0.02112050251941433,0.08381400126422256,0.02324872120755672,0.5986234392045142,0.0388595977348174,0.0388595977348174,0.03846153846153855,-0.4705882352941178,-0.18600645098918106,0.6092443348819571,-0.456579130193136,-73.72980251346499,-0.933088413124345,-0.05660377358490565,-0.031735313977042656,-0.08052884615384615,0.018749999999999826,-0.09711286089238846,0.05747623163353487,0.5,0.01983621474067343,-0.00930232558139521,-0.029411764705882363,-0.30340126081219765
5,1995-03-31,0.06957049026595352,0.20195246071424,0.12936802338083786,-0.13098340836325414,0.022665870565899304,-0.23728122928888784,-0.30392387218045114,-0.30392387218045114,-0.2962962962962963,-0.4705882352941178,0.04261636632583653,-0.5024598325546319,-0.3293275377141396,-1.1171918391528122,1.6342512908777969,-0.021818181818181848,-0.031735313977042656,-0.08052884615384615,0.02453987730061357,-0.040697674418604717,0.05747623163353487,0.3333333333333335,-0.043897216274089816,-0.00930232558139521,-0.029411764705882363,0.3831421656319056
6,1995-06-30,0.02789346981366858,0.057003196689485065,0.011696051946871622,0.007396480729301436,0.04192418672082132,0.1841634376488459,0.6249113924050633,0.6249113924050633,0.5789473684210527,-0.4705882352941178,-0.2440557557681952,-0.09626270042393956,-4.219977125428898,-0.4601369141653502,0.3349232277033649,0.05762081784386619,0.060669456066945626,-0.08052884615384615,0.041916167664670656,0.03333333333333344,0.05747623163353487,0.0,0.01381112355356473,0.02688860435339313,0.06060606060606055,0.04922398052343269
7,1995-09-30,0.030790275263868905,-0.036120448461182335,0.03693136856513468,0.08610052810914715,0.02562499718925526,-0.16832813332318694,-0.31513565166812085,-0.31513565166812085,-0.30000000000000004,-0.4705882352941178,-0.1828568297327288,0.5838279806596172,4.8310442813166,-3.336129535700352,-0.5861191326905193,-0.07029876977152905,-0.07560815253122954,-0.08052884615384615,0.02298850574712641,-0.10850439882697947,-0.15202288516550874,0.25,-0.005154639175257825,-0.08478802992518708,0.0,-0.11253716191719244
8,1995-12-31,0.01767180686369629,0.13723074352896947,0.01435840425049184,0.08172849603210097,0.02048943475153364,0.02192070899180432,-0.047955593302596466,-0.047955593302596466,-0.09523809523809523,-0.4705882352941178,0.7794933695451727,-0.0927833345743052,-0.6325610672297914,-2.217787056367432,1.7245742667928097,-0.051039697542533125,-0.0981507823613087,-0.10457516339869276,0.0224719101123596,-0.07236842105263164,-0.0024096385542169427,0.2,0.0027757216876389545,-0.004995458673932918,-0.1142857142857142,0.051311381648827536
9,1996-03-31,0.004131315379893863,0.05420691174850334,-0.0028904055412826146,-0.1574511066350851,0.01006652292467125,0.017050396520849276,-0.17408481218338798,-0.17408481218338798,-0.1578947368421053,-0.4705882352941178,-0.17779452635545712,-0.1003209980120009,-0.17827144120247573,-0.7609545361036824,0.15130865054906906,0.04581673306772927,-0.04889589905362779,-0.04525547445255485,0.01098901098901095,0.021276595744680767,0.1400966183574881,0.16666666666666674,0.005905148551393236,-0.03149246919214965,0.0,0.25118520245589515
10,1996-06-30,0.015740709391692143,0.16514544504441742,-0.0050104205327319296,0.2699784774363612,0.03305588949210159,0.2395017167004139,0.8355128650233383,0.8355128650233383,0.875,-0.4705882352941178,0.11231423235135728,-0.5162127370586983,-3.5426361802286483,2.3095238095238093,0.4349481621112159,0.07238095238095242,-0.02570480928689889,-0.019877675840978548,0.032608695652173836,0.0625,0.10974576271186433,0.1428571428571428,0.017061089708310332,-0.0235626767200754,0.0,-0.08255171128641547
11,1996-09-30,0.015992197502543215,-0.134427650954538,0.012523543770405432,0.19028876462177968,0.018779864703934786,-0.13662721383166002,-0.3407801269387584,-0.3407801269387584,-0.3333333333333333,-0.4705882352941178,0.03258305433942832,1.815793333193656,-1.1527414107752123,-3.4600849440929182,-0.7456781041458673,0.007104795737122638,-0.03148936170212757,-0.02496099843993771,0.02105263157894744,-0.026143790849673217,0.006872852233676952,0.0,0.0027056277056276556,-0.036679536679536606,0.0,-0.2727826675693973
12,1996-12-31,0.10483206986497627,0.4072350126945197,0.20767906499889172,0.47183497045755995,0.022684189295481442,0.20063814034386707,0.1201581279688846,0.1201581279688846,0.09999999999999988,-0.4705882352941178,-0.19667192082842835,0.7171695375572007,24.665627705627703,-0.9282643929250932,-0.21033057851239667,-0.03703703703703698,0.00615114235500891,-0.008000000000000007,0.02577319587628879,-0.057046979865771785,-0.02578687902919985,0.125,-0.07429393775858972,-0.040080160320641316,0.032258064516129004,-0.04394376687459278
13,1997-03-31,0.0049154860998399386,-0.15971587248013253,0.02274016708806026,-0.16222586337282585,-0.011897177275924986,-0.11587308578895596,-0.3435507741347905,-0.3435507741347905,-0.31818181818181823,-0.4705882352941178,0.6806293775768715,-0.3302943508724797,-0.8975232595011435,0.9813359528487228,-0.5277341705913134,0.16483516483516492,-0.03493449781659397,-0.0532258064516129,-0.005025125628140725,0.13879003558718872,0.12534059945504072,0.11111111111111116,-0.01671200932763295,-0.04853862212943638,0.0,0.003018794429837435
14,1997-06-30,0.026487216634142108,-0.014058431955363604,0.04955350631515287,-0.17643563164783582,0.003967876202262578,-0.049255193716060235,0.06529373509646641,0.06529373509646641,0.06666666666666665,-0.4705882352941178,-0.2055626574842423,0.2417860424188309,5.408058463361644,-4.203024293505205,3.5792243767313017,0.03144654088050314,-0.17466063348416286,-0.1976149914821124,0.010101010101010166,0.034375000000000044,0.043237634036665584,0.09999999999999988,-0.021936758893280617,-0.13878222709818974,-0.0625,0.19718446601941755
15,1997-09-30,0.029931715796380987,0.02614376664308704,0.043319673379015766,0.06493245526702784,0.01626774204600956,0.12440539612117395,0.2686907329779007,0.2686907329779007,0.25,-0.4705882352941178,-0.016900439020760438,-0.20947463305596514,-0.6340463567994081,-1.8053556226298275,-0.6294839997580304,0.01981707317073189,-0.009868421052631526,-0.040339702760085035,0.014999999999999902,0.012084592145015229,0.21551724137931028,0.0,-0.01333602748029905,-0.031847133757961776,0.0,-0.0364122942178251
16,1997-12-31,0.04272190368619033,0.017934354991229418,0.07927953545451816,0.2479286743515849,0.004417385713669564,0.23227526926263464,0.3845635646232317,0.3845635646232317,0.3500000000000001,-0.4705882352941178,0.7256350820757842,0.3111850777748484,-0.4456048738033073,-1.3079953872765713,0.5232653061224489,-0.0358744394618834,0.06755260243632333,0.04424778761061954,0.01970443349753692,-0.05074626865671639,-0.036006546644844366,0.09090909090909084,-0.03665779234077415,0.024342105263158054,0.0,-0.18431240531896986
17,1998-03-31,0.005657727325302897,0.006545286932472916,-0.0020418690624597327,-0.15540022749375426,0.014326540202599602,-0.16029280140517774,-0.37431940872546976,-0.37431940872546976,-0.3703703703703704,-0.4705882352941178,-0.3865486783887363,-0.18122181840117024,1.3661315642882457,-2.332293291731669,-0.4576634512325831,-0.09147286821705423,0.021784232365145373,0.006355932203389925,0.014492753623188468,-0.11006289308176098,-0.1496887379739672,0.08333333333333348,0.008503401360544283,0.007707129094412402,0.0,0.19170449855550986
18,1998-06-30,0.008835375678728052,-0.13650790295933854,0.016511493641970354,-0.0268862704251025,0.00033246062419478584,-0.08268987294263652,-0.509090909090909,-0.509090909090909,-0.4705882352941178,-0.4705882352941178,-0.2671153296153296,-0.2792573765056913,-0.06037582398767227,-2.9925058548009367,1.6814229249011858,-0.16211604095563134,-0.09746192893401008,-0.1094736842105264,0.0,-0.17314487632508846,-0.1830282861896838,0.0769230769230771,-0.008431703204047179,-0.10325047801147236,0.0,-0.11264069264069275
19,1998-09-30,0.0718406810664356,-0.04021555997046456,0.15208249181376599,0.12271290473641948,-0.01848159072620037,0.0433971424986499,-0.5516330994946066,-0.5516330994946066,-0.5555555555555556,-0.5555555555555556,0.5253960317557103,1.8192442672663465,3.5909618932646965,-1.5085801598495534,-0.31891214622641506,0.08757637474541746,-0.22047244094488194,-0.2434988179669029,-0.00952380952380949,0.08547008547008561,0.1918533604887984,0.0,-0.08418367346938771,-0.2181947405828002,-0.033333333333333326,-0.14508732559274073
20,1998-12-31,0.019126077933339536,0.04709037662950388,0.030936562486837408,-0.021909227348734017,0.0035216815029812665,0.018435444573412285,0.6764804845222072,0.6764804845222072,0.5,0.5,-0.3233906814620575,-0.5516968407821905,-0.6983334739056446,-0.32100762653108394,-0.3179309598528298,-0.009363295880149723,-0.3708513708513709,-0.3875000000000001,0.0,0.0,0.2686261107313737,0.1428571428571428,-0.01532033426183843,-0.3363636363636364,-0.06896551724137923,0.07053184204519503
21,1999-03-31,-0.009230988421504271,-0.07586360868682772,-0.01856897636136912,-0.15637731596061444,0.003443713368075141,-0.18396410456496293,-0.4916206723532364,-0.4916206723532364,-0.5,-0.5,-0.18341545260123115,-0.4232817070376211,-0.6169596894890055,-3.3247106875425465,1.0836109788989372,-0.19659735349716445,-0.3899082568807339,-0.4030612244897959,0.004807692307692291,-0.19685039370078736,0.27209051724137945,0.0625,0.012729844413012614,-0.3561643835616438,-0.07407407407407418,0.0954157782515992
22,1999-06-30,-0.009427018277827659,-0.010502457601433757,-0.0313804219470637,-0.09964163853333574,0.019717244240542442,0.1776677529348114,3.073825503355705,3.073825503355705,3.333333333333334,3.333333333333334,0.24485602662422234,-0.35741498188617504,-2.4069557750107338,-1.2521229868228403,-0.13112007918982715,0.10352941176470587,0.2142857142857144,0.19658119658119647,0.019138755980861344,0.0980392156862746,0.8058026260059297,0.0,0.029562383612663057,0.2085106382978723,0.0,0.09897810218978087
23,1999-09-30,-0.12314596059615544,-0.10136724819105958,-0.0038898257992423524,0.06320712627890535,-0.2735312707054114,0.21146398140975986,23.853231902316107,23.853231902316107,27.84615384615385,27.30769230769231,0.4338501952761764,0.8471247226566763,-0.56170654296875,-5.314169570267131,0.6510384716501619,0.18763326226012805,13.074303405572754,12.55,-0.06103286384976525,0.16964285714285698,0.004925530667292177,0.0588235294117645,-0.17160298439972874,11.580985915492954,0.08000000000000007,-0.1547998583067658
24,1999-12-31,0.005201976527770214,-0.00955368389853528,-0.09990058192389772,0.03075022631261315,0.18693272922520188,0.007483023194285288,-0.9405970900002144,-0.9405970900002144,-0.9279999999999999,-0.9293478260869564,0.3264995095535721,0.19373609278695625,1.5340481827043586,-0.19289271772782327,0.3182590233545648,-0.16157989228007186,0.07083150021997353,0.07538218239325234,0.20500000000000007,-0.11068702290076338,-0.9441008285680944,0.05555555555555558,0.18094978165938852,-0.006297229219143663,0.07407407407407396,-0.03908214585079628
25,2000-03-31,0.0020269703496218483,0.18249784290352666,0.0006798624341910473,0.07820490536003444,0.003793341247562143,0.10489020776708367,0.3617119039023269,0.3617119039023269,0.2222222222222221,0.2692307692307692,0.06850696375425502,-0.3223608785661852,1.3125240424245757,0.4212808539026017,0.3431309389595749,0.008565310492505418,0.09942481511914547,0.10098039215686284,0.004149377593360981,-0.16309012875536488,-0.039665970772442716,0.05263157894736836,0.0016177490177953224,-0.047176454020560483,0.13793103448275867,0.09671791516737538
26,2000-06-30,0.013630673315278452,0.12086869232196795,0.0043179378608260155,-0.12394204866045865,0.0258039538017596,0.2523351898653947,0.8683297180043383,0.8683297180043383,0.9393939393939394,0.9090909090909092,-0.12635907642856736,0.5645516620212028,-0.4551935552862337,-3.539779394508332,-0.6488398585047065,0.5031847133757963,0.13079222720478326,0.12600178094390047,0.03305785123966953,0.5025641025641028,0.4000000000000001,0.0,0.01199815413013372,-0.043748152527342536,0.18181818181818188,0.27947902167428906
27,2000-09-30,0.0832467236656329,0.2460592513988764,0.09107953908029676,0.4031573849878936,0.07322239942226094,0.2453707511181684,0.5025994298024951,0.5025994298024951,0.53125,0.5079365079365079,0.8638952536824878,0.8500645703349878,-0.08605949576899585,-1.2306874884494547,0.4262421034659383,0.1935028248587569,-0.6239259748843358,-0.608936338473705,0.06800000000000006,0.15358361774744012,0.0714285714285714,0.049999999999999815,-0.009119927040583729,-0.6548686244204018,0.1282051282051282,-0.11197451239412536
28,2000-12-31,0.044672693719358,0.1911221571605881,-0.0026345780519145823,0.27584278969601583,0.10622322409887186,0.34005140787475163,0.3860848064424736,0.3860848064424736,0.37755102040816335,0.3894736842105264,0.2472586140283095,-0.08057659233593062,2.1740800839975183,-0.3100340476667335,0.20620099359549893,0.36094674556213024,0.4160808435852372,0.4408493427704752,0.10861423220973787,0.2751479289940828,2.072463768115942,0.04761904761904767,0.05890473999079626,0.19301388266905528,0.20454545454545456,-0.06641582079103958
29,2001-03-31,0.003820628729195308,-0.09003440433844534,-0.08635401169215197,0.09847218390058377,0.1095997248221301,0.13202501151447033,0.3332362942637521,0.3332362942637521,0.3555555555555556,0.356060606060606,0.3494721309351829,-0.0759939446327218,1.0033906460270805,2.105079825834543,0.5308157999206033,0.0304347826086957,0.33012721067328604,0.3887719298245616,0.11486486486486493,-0.07192575406032475,-0.30801886792452826,0.045454545454545414,0.10538896132116472,0.1677927927927927,0.2075471698113207,-0.17152497891086316
30,2001-06-30,0.0658773420797536,0.07149882284106268,0.048735613234000434,-0.02502702662769252,0.082434342682836,-0.21968077180022536,-0.3672246303084363,-0.3672246303084363,-0.371584699453552,-0.3687150837988827,-0.2871869567848549,0.37251835096246655,-0.8992558457202685,2.500514162849397,1.2138156828422315,-0.1054852320675106,0.009097270818754222,0.05154118241536132,0.08181818181818179,-0.1975,-0.3837764144512611,0.04347826086956519,0.015529781796736588,0.01928640308582441,0.03125,0.09899309876682882
31,2001-09-30,0.054704535211872914,-0.12581355619290802,0.0932502649576228,-0.033895907738471065,0.018632738971630092,-0.24005252677835764,-0.4716489357796818,-0.4716489357796818,-0.4782608695652174,-0.4778761061946902,-0.3189103736990793,0.17003252865190022,-2.297884228562914,-2.52089731606356,-0.8338946320320966,-0.2594339622641509,-0.13638465094775776,-0.10860163382988952,0.02521008403361357,-0.3146417445482865,-0.3307522123893805,0.04166666666666674,-0.03426248548199752,-0.051718700725323134,-0.06060606060606066,-0.0952233889232037
32,2001-12-31,0.008174554285690583,-0.1896862507138778,0.04389606287333403,-0.18732385528813225,-0.027703034643590696,-0.3296646826965429,-1.3445798535358449,-1.3445798535358449,-1.4,-1.4067796610169492,-0.38110896196002575,-0.1237752085882574,2.7731538616077835,-0.8449165935030729,-0.7785613540197461,0.07133757961783438,-0.3458244111349036,-0.3401617250673855,-0.030054644808743206,0.04545454545454519,0.150413223140496,0.040000000000000036,-0.03547805171377028,-0.1988693049551048,-0.17741935483870966,-0.0028444646717488147
33,2002-03-31,0.01917930758947461,-0.022769903935452862,0.0468854968899568,-0.15829974231695976,-0.010697114360261216,-0.21443975502708346,-0.022422067185546624,0.08880106464491666,-0.04166666666666663,-0.04166666666666663,-0.1565510296211411,-0.15258631303093728,-0.06932485471749783,-1.327332427536232,1.1508757961783438,0.06777645659928666,-0.6133387888707038,-0.6143790849673203,-0.014084507042253502,0.10000000000000007,0.5775862068965518,0.03846153846153855,-0.029301745635910263,-0.4782067247820673,-0.27450980392156865,0.1609995435874032
34,2002-06-30,0.03163508331458087,0.03669924648220624,0.02671147519236583,-0.10665800336340013,0.03725338653165245,0.5576317807220259,-2.57204735778227,-2.4114596836919886,-2.347826086956521,-2.304347826086956,0.25693323671815826,-0.1573345730925212,-0.5573499844712883,0.31546177793151164,0.7038682213585046,0.13140311804008895,-0.6285714285714286,-0.6271186440677966,0.03714285714285714,0.1462450592885376,1.9608378870673948,0.03703703703703698,0.005352172982230785,-0.5664280031821798,-0.16216216216216214,0.16049140049140045
35,2002-09-30,0.02879403208938713,0.13548052813890465,0.06469468886411,0.14994823175062244,-0.011755667678142956,-0.03660547395379743,-0.24197018998635456,-0.24197018998635456,-0.25806451612903225,-0.2666666666666666,0.2377577024114461,0.05537821914839114,-0.5590472673559823,-1.3744412306074152,-0.15468172930697366,-0.14271653543307086,-0.7378917378917379,-0.7102272727272727,-0.008264462809917328,-0.1724137931034483,1.5515226084281761,0.03571428571428559,-0.0393952299829643,-0.7192660550458716,-0.096774193548387,-0.012618563685636965
36,2002-12-31,0.03277833995900846,0.2597908602682375,0.056480678480483215,0.02816036788177789,0.0039355543963131,0.2082831610503486,0.5376813099318032,0.5376813099318032,0.5217391304347825,0.5909090909090908,0.08785328675770088,0.0006301167816435973,-0.5432543338078888,-2.4508426966292136,0.2654844512978669,0.0677382319173363,4.521739130434782,3.686274509803922,0.011111111111111072,0.07500000000000018,7.969258589511753,0.034482758620689724,-0.02793172245621811,4.039215686274511,0.0714285714285714,0.22531949566858245
37,2003-03-31,0.06729118936886835,0.25436179051247243,0.04953840823566935,0.1988015241486372,0.0900247848145923,0.3741058253317207,1.9137306107746683,1.9137306107746683,2.1714285714285717,2.1142857142857148,0.3941976948413684,-0.2182096361151408,-12.182251558489185,-2.459341723136496,-0.3061535337124289,0.05591397849462365,1.7696850393700787,1.6569037656903771,0.0934065934065933,0.046511627906976834,-0.9175,0.03333333333333344,0.02120866590649939,1.2749675745784694,0.2,0.04633907321853559
38,2003-06-30,0.04168518334272986,0.1162512216989895,0.0048200318280484655,-0.02466117299043136,0.08713997954965348,-0.08589985559613401,-0.15942824029360636,-0.15942824029360636,-0.16216216216216214,-0.1651376146788991,0.27947878644063073,0.12881188059737106,-0.7267823178330164,-48.805638474295186,21.093809454119715,0.04582484725050917,0.2395167022032693,0.2409448818897637,0.08291457286432148,-0.044444444444444516,-0.6585206907787553,0.032258064516129004,0.04376953997320232,0.17844925883694418,0.05555555555555558,0.14450093658014462
39,2003-09-30,0.04379860015975123,0.009397935167815064,0.02969975696656735,0.0953453825204258,0.05986616234501496,0.07997570358372141,0.079308030995211,0.079308030995211,0.07526881720430101,0.08791208791208782,-0.014755216146188466,0.6922511760663883,-0.7731200864190122,-0.7674247575173103,0.2220485271615651,-0.019474196689386547,0.21100917431192667,0.2271573604060915,0.058004640371229765,-0.09302325581395354,-0.25238549618320616,0.03125,0.015404364569961524,0.14755684567005312,0.07894736842105265,-0.07850128594809448
40,2003-12-31,0.07296621692149817,-0.2902669648873787,0.08600692719990201,0.3463727085734951,0.0585275419946325,-0.13558479608653573,-0.365434895545014,-0.365434895545014,-0.38,-0.3838383838383839,-0.1533357324770236,0.8477247100641248,-14.975267821716704,-6.370980251774952,-0.9759172633598752,0.09731876861966238,0.002367424242424309,0.0175801447776629,0.04824561403508777,0.03418803418803429,-0.15571155073388646,0.06060606060606055,-0.01348504003371265,0.039207419898819484,-0.02439024390243893,-0.4728195369489375
41,2004-03-31,0.04338541781822136,0.27228835344204994,0.04508254165092795,0.03463660420675785,0.04145758194389537,0.17096396723560514,0.35354985907931824,0.35354985907931824,0.37096774193548376,0.3606557377049179,0.2989677912957047,-0.5207450782842711,-1.2129804006927425,-1.5069482243426684,20.54332658113887,0.016289592760180938,-0.11998110533774207,-0.11178861788617878,0.0397489539748952,-0.02892561983471065,-0.056689342403628114,0.02857142857142869,-0.001922255446390464,-0.06612576064908726,-0.05000000000000005,0.2295752617013597
42,2004-06-30,0.034694482581720136,0.0924492501647336,0.0036139475111915953,0.02644901668072963,0.07012308485604103,0.11780883873190895,0.4371114394217326,0.4371114394217326,0.4352941176470588,0.4457831325301205,-0.25782807434405264,0.21717123618650547,-1.9928904687847149,-1.3054319959681835,-0.291254427113261,0.21371326803205706,0.030595813204508993,0.04004576659038883,0.05835010060362177,0.16595744680851074,0.3076923076923077,0.0277777777777779,0.03423924673657175,0.03431798436142497,0.0,0.06438986202172403
43,2004-09-30,0.058052072122186875,0.013180747932503012,0.01874267421910236,0.03628790034462037,0.1000758293915367,0.1449055047868968,0.188861367352712,0.188861367352712,0.18032786885245894,0.18333333333333326,0.3325284206527932,0.05695507405550604,-1.631103155068248,-1.5046631752636488,0.2073880806026032,0.11958914159941306,0.05312499999999987,0.07040704070407043,0.09315589353612164,0.058394160583941535,0.030637254901960675,0.05405405405405417,0.03972687771570449,0.04787904241915153,0.026315789473684292,-0.022340718948239413
44,2004-12-31,0.06900531044057279,0.05222359099051599,0.05736645810830088,0.2055115287513252,0.08052791139259075,0.167315685845548,0.1999013406070453,0.1999013406070453,0.20138888888888884,0.1901408450704225,-0.08552979862765464,0.10652724047453901,1.0547440079421355,-6.207477432653352,-0.7438589637153881,0.152686762778506,0.18100890207715148,0.2055498458376157,0.07478260869565223,0.055172413793103565,0.030321046373364968,0.02564102564102577,0.010746268656716572,0.1026052104208417,0.10256410256410242,-0.1271393643031784
45,2005-03-31,0.05485587582383822,0.2475498591520493,0.03850956317139054,-0.10980158303332466,0.07069202939882335,-0.007926141851701263,-0.01959807501632372,-0.01959807501632372,-0.5086705202312138,-0.5088757396449703,0.3410529948594345,-0.06569587226545948,-2.639632799558255,-3.08021675038218,7.264299332697807,0.14951677089255244,0.07705192629815727,0.10315430520034097,0.06634304207119747,0.06862745098039214,-0.09174841315637616,0.049999999999999815,0.015160464658397156,0.0588876772082878,0.023255813953488413,0.40142210730446015
46,2005-06-30,0.05078103288067348,0.1836432780650925,0.021883413095695303,0.07460193643421054,0.07793528878674237,0.13916611931015632,0.23064779504990066,0.23064779504990066,0.22352941176470603,0.2289156626506026,0.04509182527773792,0.033638048865869415,-1.0794569564302252,-0.2827269446540468,0.6304812988436139,0.24085064292779435,0.05754276827371708,0.08114374034003102,0.0743550834597877,0.1651376146788992,0.06797966963151203,0.04761904761904767,0.025795190069821672,0.033985581874356414,0.045454545454545414,0.10147601476014767
47,2005-09-30,0.0931748536052872,0.3202601254464774,0.04849788738324468,0.27859424708815883,0.13297348784587504,0.19200968461228385,0.3780426207427361,0.3780426207427361,0.375,0.3725490196078429,0.030266141876139407,0.05529599211816594,13.618543046357615,-0.466134875041165,0.20643718982246265,0.33718612993224384,0.1044117647058822,0.13009292351679758,0.12570621468926554,0.2440944881889764,0.1725163593099348,0.045454545454545414,0.03630175836642091,0.07370517928286846,0.06521739130434767,0.032593523171412515
48,2005-12-31,0.10343151186648702,0.3664524497994777,0.08249509149008949,0.5157179104516216,0.1206912712208763,0.2988329971266366,0.348774293768054,0.348774293768054,0.3356643356643356,0.33571428571428585,0.667699163658162,0.2155557014312841,0.10283591555676352,4.187628512679917,0.8876711204154095,0.0578241430700448,0.13948069241011973,0.16635041113219495,0.11668757841907153,-0.06118143459915615,-0.12075088787417565,0.04347826086956519,0.015690567414705203,0.07575757575757569,0.08163265306122458,-0.09847921595133492
49,2006-03-31,0.06320776132031193,0.06494212653479514,0.018330371472097484,-0.08917435482205828,0.09894325963118343,-0.10641285074912166,-0.07969054643960183,-0.07969054643960183,-0.07853403141361248,-0.07486631016042787,-0.0906677423157739,0.11661323002026135,-0.16937232993756154,-0.4136548307184146,0.27572688257889344,0.06396167934629471,0.06281040023371309,0.09273318872017344,0.09887640449438197,-0.04719101123595504,-0.14887478361223305,0.04166666666666674,0.03359080294593153,0.06179936763437776,0.03773584905660377,0.16921577447893246
50,2006-06-30,0.048374151896246616,-0.03967423493384625,-0.0017911275046214035,0.014043699210791294,0.08539010321797202,-0.15255187471877374,-0.22331482727023466,-0.22331482727023466,-0.2272727272727272,-0.22543352601156064,-0.2505214377318825,0.11346440444801108,-0.24948567811362554,-1.3504979832803805,-0.07575423674127357,-0.102489406779661,-0.046728971962616835,-0.018362282878411903,0.0848670756646217,-0.18160377358490565,-0.2366101694915255,0.06000000000000005,0.035279805352798066,0.020844612885760668,-0.054545454545454564,-0.05302981724911848
51,2006-09-30,0.060500983724318,-0.00982604725059577,0.056392523701535475,0.1630006734305327,0.06328903215681159,0.05348780530264774,-0.09740296967264804,-0.09740296967264804,-0.09558823529411777,-0.0970149253731344,0.022811257239280014,0.14554001184010712,0.4522403795466525,1.6226233144216398,-0.21495887278226555,-0.011212747123045208,-0.10870818915801617,-0.08998988877654203,0.059377945334590176,-0.08933717579250723,-0.061278863232682064,0.05660377358490565,0.0026859157293941394,-0.036329885971890685,-0.03846153846153855,-0.14856446370530862
52,2006-12-31,0.02587491391177066,-0.14713888367726868,0.03026620638493238,-0.0031422561971392593,0.02291426031738153,-0.03687588303822986,-0.18891407252888315,-0.18891407252888315,-0.2032520325203252,-0.20661157024793386,-0.006816267517359864,0.14929797805321265,1.8184689099422848,1.3145173645795671,-0.6337579350629519,-0.014025663980901215,-0.19767065674538986,-0.18499999999999994,0.02046263345195732,-0.069620253164557,0.01608325449385051,0.05357142857142838,-0.0028461409676879823,-0.08392955421023672,-0.12,-0.1444250039764593
53,2007-03-31,0.04516983331489777,-0.1644154420478786,0.04699579670052967,-0.12467291149407335,0.043929902310332114,-0.061477057894381286,-0.10286656362699642,-0.10286656362699642,-0.09183673469387754,-0.08333333333333326,0.1660670612098396,0.04864619824804284,-1.5376838472039769,-0.7972998019466421,-0.35075943277359056,0.001210653753026536,-0.2028225806451613,-0.19700068166325835,0.041848299912816016,-0.020408163265306145,0.17597765363128492,0.05084745762711873,-0.001175285426460726,-0.11324722138780408,-0.09090909090909084,-0.045454545454545636
54,2007-06-30,0.07096981394045332,-0.0570318746642603,0.06291711774620158,0.05460490502901117,0.07645410341750747,0.20569849853692768,0.4106548075730359,0.4106548075730359,0.4157303370786516,0.4090909090909092,0.035402588477837504,0.006729114401936132,-0.3586792498023905,0.08635621448631703,-0.5869160197600565,0.15356711003627566,-0.07030854830551336,-0.0696095076400679,0.07531380753138084,0.10763888888888884,0.37608867775138544,0.06451612903225823,0.0050428643469491155,-0.05691056910569114,-0.025000000000000026,-0.10585256597526528
55,2007-09-30,0.0896445585173462,0.2316830361507396,0.14388723141545598,0.15797664630756847,0.053167146304962776,-0.06138870383409323,-0.3356098132895624,-0.3356098132895624,-0.3412698412698413,-0.3387096774193549,0.0014546299266600116,0.00739363832284323,6.2170348652635905,-3.9267970083928527,4.1584378310042025,-0.06839622641509435,-0.13220892274211093,-0.1395985401459855,0.048249027237354136,-0.1316614420062696,-0.046605293440736384,0.07575757575757569,-0.03345040976751966,-0.09446839080459768,-0.05128205128205132,0.06360270093661513
56,2007-12-31,0.054169503981920775,-0.013880058768532157,0.05335210251543265,0.09885334384850997,0.05476654512619916,0.2820993818042672,0.7705376881712525,0.7705376881712525,0.7710843373493976,0.7439024390243902,0.03197332449672774,-0.0082389869182673,-1.3358363629306664,-2.0176779918655763,-0.8203938478658295,0.15189873417721533,0.0614420062695924,0.05302226935312837,0.05048255382331114,0.09747292418772567,0.2673506336753169,0.05633802816901424,0.0005191209551826947,0.03173343911146365,0.027027027027026973,-0.10249846405898022
57,2008-03-31,0.07127625351075982,0.3082004490576522,0.12968214366755548,0.17009435818121374,0.028673004969604232,-0.13300474378520044,-0.332892205041598,-0.33411868935062783,-0.33333333333333337,-0.32867132867132864,0.2330158398859004,-0.06543651956723973,-1.2859025032938076,-1.6083935845111077,2.778982500783685,0.2642246642246642,-0.030124040165386837,-0.04632426988922456,0.023321554770318054,0.20394736842105265,0.12809523809523826,0.06666666666666665,-0.03977862331373228,-0.031141868512110763,0.0,0.11796919566457498
58,2008-06-30,0.09839019304108798,0.2353805304079999,0.18030401882765368,0.41748187450070096,0.03277231232618605,-0.062169553658445786,-0.26042098972426503,-0.2590587618964464,-0.26530612244897955,-0.26041666666666663,0.2381428789998015,0.4872260195012384,-1.9385291184951623,-1.6425514408753408,-0.4725185177956261,0.2688815916553988,-0.1510353227771012,-0.18057022175290394,0.030386740331491687,0.2404371584699454,0.24609539890249035,0.07499999999999996,-0.0596181556195966,-0.11150793650793656,-0.07894736842105265,-0.1284824982141034
59,2008-09-30,0.11303967228426305,0.1860162626544648,0.016793761535470075,-0.25028629388476265,0.20115197993690148,2.1180870990173606,7.733067349023041,7.733067349023041,7.75,7.732394366197183,0.34706899996845,0.24415305574725865,-22.313128122666974,-9.032838687691687,7.195826125567756,-0.18678642106865573,1.1958393113342898,1.1855670103092781,0.19772117962466496,-0.21145374449339205,-0.07655826558265577,0.06976744186046524,0.07910361999616923,0.5752568110763736,0.3714285714285713,0.5819672131147541
60,2008-12-31,0.007484243083789144,-0.14862244030628502,0.003465904405903775,-0.0371855019966395,0.010598365911954843,-0.44894092447723344,-0.7034784759860823,-0.7034784759860823,-0.7031746031746031,-0.7032258064516129,-0.3275736549853129,-0.016997387284785948,-1.1339533392343022,-1.7130519517249536,-0.6260501119103543,-0.3204792212654437,-0.02188827180659914,-0.025353773584905648,0.010072747621712395,-0.4329608938547487,-0.7134996331621424,0.07608695652173902,0.0030173943911964147,-0.03062092429827057,0.0,-0.11576609918578815
61,2009-03-31,0.002036395196206131,-0.14167367418071375,-0.009883188459575143,-0.2728849418329258,0.011208612083402958,-0.34717085142192994,-0.6560788086817835,-0.6560788086817835,-0.6577540106951871,-0.657608695652174,-0.4138344735637789,-0.3013647936930257,-2.7649028935802145,-0.5563149715324177,-0.7427975527525497,-0.1884297520661156,-0.08750835003340017,-0.08106473079249843,0.008864265927977844,-0.19704433497536944,-0.2227912932138284,0.07070707070707072,0.0092019111661652,-0.04153261187481716,-0.04166666666666663,0.18047882136279905
62,2009-06-30,0.05061672481649904,0.22132307476381952,0.09683187899196466,-0.07299713160710264,0.015795558725722803,-0.2565771808024285,-1.1052611681683573,-1.1052611681683573,-1.109375,-1.1111111111111112,0.10818055622038192,-0.2906264297009053,2.8178756432393617,-3.5264428253899887,7.296336282770435,0.12186014935505753,-0.12920937042459735,-0.11915734035549708,0.009335529928610642,0.11042944785276076,0.1614497528830312,0.06603773584905648,-0.03314045239347718,-0.06011595971925542,-0.0652173913043479,0.31754361083534266
63,2009-09-30,0.0255194026565746,-0.17128494359980384,0.022609557918714884,0.009693011213664835,0.02788675268550577,0.1693419229558708,-1.2511672453010894,-1.2511672453010894,-1.2857142857142856,-1.2857142857142856,0.2160910603399868,0.2363015299822057,-1.0339887485316221,-1.1583482106956169,-0.13926168800674432,0.09470499243570353,-0.7229928541403952,-0.7242152466367713,0.02611534276387384,0.08839779005524863,0.19290780141843972,0.07079646017699126,0.0023576351106273648,-0.5889610389610389,-0.32558139534883723,-0.17927879440258354
64,2009-12-31,0.05210839859701588,0.0042867539194699775,0.05414021296407001,0.12022551702492025,0.05046387062474912,0.7488838942085656,94.43064823641564,94.43064823641564,79.0,77.0,0.01507119778359689,-0.15110184686708872,-1.5048965789820383,-1.7845367840492417,0.12693279168330562,0.2515201768933113,-0.12443095599393016,-0.13008130081300828,0.049310710498409405,0.2182741116751268,3.4494649227110585,0.057851239669421524,-0.0016283698208793276,-0.0979462875197472,-0.0344827586206895,-0.10348219555380678
65,2010-03-31,0.021546894150656914,-0.15965069547240318,0.027525713845917062,0.10958188412259573,0.016690768052384675,-0.2215784087566204,-0.7052771166779463,-0.7052771166779463,-0.70625,-0.7051282051282051,-0.25155080523623763,0.3622793799709117,-4.138992780725406,-6.899365613671672,-0.6644787976977067,0.03356890459363958,-0.098786828422877,-0.10903426791277247,0.014653865588681203,-0.01666666666666672,0.16889363976483174,0.0625,-0.004711852120333315,-0.11383537653239928,0.0,-0.24263038548752824
66,2010-06-30,0.05168358558086239,0.2395344459416362,0.1187074634675236,0.043621974147510116,-0.00333480342239878,-0.009283625144361318,-0.4926746600008474,-0.4926746600008474,-0.4893617021276596,-0.4782608695652174,0.09796432941525456,0.14533345901327133,-26.71717143728005,-1.9217915714765388,1.825550668451522,0.11239316239316244,0.12500000000000022,0.11188811188811187,-0.004980079681274785,0.09745762711864404,0.2082761774119799,0.0588235294117645,-0.05225782957028413,0.04743083003952564,0.0714285714285714,0.1877535252076492
67,2010-09-30,0.02461644936887141,-0.1992012078430472,0.05271437729306583,0.24398560588703044,-0.001272823592572525,0.16503113475427988,-2.1842931587386425,-2.1842931587386425,-2.166666666666667,-2.166666666666667,0.15172681127606813,0.17132496569469713,-1.0110881611710718,-2.481517986810465,-0.957189046844092,-0.06895889358432583,-0.14188034188034193,-0.160377358490566,-0.0030030030030029358,-0.06177606177606165,-0.19545884578997152,0.04861111111111116,-0.02536023054755044,-0.2113207547169812,0.06666666666666665,-0.35631810050414703
68,2010-12-31,0.08420084594230515,0.6471401712019655,0.1593475350663267,0.14538461538461545,0.011218285128745231,0.1308945530395209,-1.75695991876569,-1.75695991876569,-1.75,-1.7142857142857144,-0.2059085629925024,-0.08406869000880424,-139.14906228743558,-2.222951973542542,27.343381718884736,-0.029915411594800826,-0.6852589641434264,-0.6966292134831461,0.010040160642570184,-0.028806584362140005,0.1168861712135465,0.05298013245033117,-0.06721860831854909,-0.6854066985645932,-0.03125,0.4381000505305712
69,2011-03-31,0.08884888541480285,0.4234143874883973,0.031998136334275167,0.12616194142693635,0.15215040963162085,0.06033334078562014,1.4960967339258102,1.4960967339258102,1.4761904761904765,1.6,0.5372073048364439,0.11758393149280245,-0.05056017759120823,0.1555949178800584,1.1148236743727915,0.128668651637601,0.05696202531645556,0.03703703703703698,0.09145129224652092,0.1186440677966103,2.6047588966098125,0.05031446540880502,0.058114961961115874,0.0152091254752853,0.0,0.2639669711876318
70,2011-06-30,0.017576887868529845,0.01121496729906002,0.010636172410253051,-0.009580468052240776,0.024499212317486533,0.3548267729900174,1.2062206564009168,1.2062206564009168,1.1346153846153846,1.1153846153846154,0.16111324632789126,-0.18239646099764173,-1.0259354828194471,-1.10330190395619,-0.054455323880512,0.019596758997550312,1.2335329341317367,1.2023809523809526,0.023679417122040025,-0.06818181818181822,-0.0703312109352181,0.047904191616766616,0.006790493309366763,0.9700374531835204,0.129032258064516,0.020988254916950444
71,2011-09-30,0.03486313230405513,0.02677661870009218,0.03523221384872177,0.07676362288277616,0.0345000097290884,0.12274837078105234,0.8299241475907895,0.8299241475907895,0.8288288288288286,0.8272727272727269,0.14439461318711366,0.2091292015717907,0.2811643053016453,1.0992437835041335,-0.1208985709739464,-0.1801885048974312,1.35656836461126,1.3567567567567569,0.0338078291814945,-0.1991869918699188,-0.6380144517750551,0.04571428571428582,-0.00039674667724654,1.1292775665399242,0.11428571428571432,-0.04642298005581647
72,2011-12-31,0.001779373783357796,-0.12888282313735588,-0.008368297098651056,-0.054008460340326366,0.01177027285748955,-0.03906410270626914,-0.776848013784994,-0.776848013784994,-0.7733990147783251,-0.7761194029850746,-0.02782085432250525,0.2387297070963701,4.828476511114578,3.042797965497352,-0.5559864659832354,-0.025022542831379613,0.013651877133105785,0.02981651376146788,0.010757314974182421,-0.0558375634517766,-0.6080541572643638,0.04371584699453535,0.009922603691208565,-0.03749999999999998,0.07692307692307687,-0.07909201227782138
73,2012-03-31,0.02885562452964208,-0.06512262987186601,0.029988785768165105,0.0991262405746458,0.027762175869700426,0.012129757682522556,1.684460388738836,1.684460388738836,1.652173913043478,1.6666666666666663,-0.12877651717578076,-0.21338816410338526,-0.8971550764499088,-0.5828000446172643,-0.5224109425296317,0.2702890173410404,0.14590347923681254,0.15144766146993316,0.02596849723286509,0.25806451612903203,0.19264836138175376,0.04712041884816753,-0.000982511298880051,0.07699443413729122,0.0714285714285714,-0.14944577939694606
74,2012-06-30,0.017336400222636602,-0.030892169808808826,0.006347098739200252,-0.03333168611288562,0.027963546049625032,0.036580251694991565,0.22150310639519266,0.22150310639519266,0.21311475409836067,0.2250000000000001,0.387904658942748,0.07555841549603004,0.11073089083131847,-0.9574397970540504,-0.046554491539256726,-0.10447761194029836,0.050930460333006966,0.05609284332688591,0.02614107883817418,-0.12820512820512808,-0.23245451169699216,0.040000000000000036,0.010424862313139329,0.04565030146425486,0.0,0.002460585072450616
75,2012-09-30,0.07823174322194637,0.3568803598843713,0.12619868523081856,-0.03789525138622507,0.03282099380306058,0.015651772803188642,-0.10179191364856056,-0.10179191364856056,-0.10135135135135133,-0.10884353741496587,-0.03960984559508374,0.23292075576800755,-41.7736253432456,-61.79247626004384,2.9683529856548763,0.05304878048780482,-0.15563839701770746,-0.16117216117216115,0.02951880307319055,0.029411764705882467,-0.02273826802128697,0.043269230769230616,-0.042047887872299065,-0.1392092257001647,-0.022222222222222254,0.41036363636363593
76,2012-12-31,-0.024825228696229718,-0.10256534610348278,-0.01314746287683688,0.13406658359134396,-0.03688020490855458,0.01927539591621241,-2.4205676093065644,-2.4205676093065644,-2.421052631578947,-2.442748091603053,-0.14563427858521327,-0.209925309055578,-1.0173162875272466,-1.2837948738899057,-0.2122803501275814,0.12063308241652182,-0.5286975717439293,-0.534934497816594,-0.040062843676355035,0.08571428571428563,0.2975247524752476,0.03686635944700467,-0.012395854501117687,-0.5330143540669856,0.0,-0.20865025138584506
77,2013-03-31,0.032777877318806985,0.13681054875310728,0.030208911105712,0.05151505202701179,0.03549517326766205,0.1144504087407876,-1.9796554052582285,-1.9796554052582285,-1.9735449735449733,-1.9629629629629632,0.16113925587542902,-0.195142144901466,0.8365585277935876,-1.9805705624333159,0.2642511994614547,0.11505339304168084,0.28103044496487106,0.267605633802817,0.03436988543371512,0.16228070175438614,1.3636016787485694,0.044444444444444516,0.0024691358024691024,0.2418032786885245,0.02272727272727271,0.08112731123238559
78,2013-06-30,0.029913596732969783,0.03916228744886685,0.01493627102608519,-0.01768893199349142,0.045674824547776494,0.1440992053064578,0.3334519177320734,0.3334519177320734,0.326086956521739,0.3296703296703296,0.3269215788790365,0.4890341706194239,0.015469242291203944,-0.48194076831074395,0.10828368082567864,-0.03058387395736784,0.3308957952468008,0.3222222222222224,0.044303797468354215,-0.0641509433962264,-0.25230024213075064,0.03829787234042548,0.015394088669950625,0.2590759075907592,0.04444444444444429,0.0578618247570255
79,2013-09-30,0.03680271025167792,-0.01152436781392363,0.04037181897789388,0.10827721589522632,0.033157205477570395,-0.07780588695596702,-0.2989182830775574,-0.2989182830775574,-0.2991803278688525,-0.3016528925619835,0.06436242877927968,0.08675822619956898,0.25197731492078024,-0.2432114817222584,0.07394121900691841,0.22355003186743166,0.08516483516483507,0.08403361344537807,0.03106060606060601,0.1733870967741935,-0.09412780656303976,0.03688524590163933,-0.003436426116838476,0.0602883355176933,0.021276595744680767,-0.10811195783776084
80,2013-12-31,0.0141627417673309,-0.028614729075872924,-0.008498863970157755,-0.14507579616369215,0.03747104951155933,0.05862857472025153,0.2544789382873007,0.2544789382873007,0.2514619883040936,0.2485207100591716,-0.005586164677073735,-0.17332325187708508,8.072985435414084,-1.0066959614982214,-0.0004610192316295559,0.1209792941789294,0.9037974683544304,0.9250645994832041,0.03710506980161643,0.08591065292096213,0.015490943755958053,0.03952569169960474,0.0229208924949289,0.8751545117428925,0.02083333333333326,0.13622933801804682
81,2014-03-31,0.051253934766910536,0.18429720912128267,0.06282718954928024,0.18657546730702834,0.039877850309165234,0.08926272258132317,0.1391500084454511,0.1391500084454511,-0.4299065420560748,-0.4265402843601896,0.13313961913423245,0.1754021277075739,-0.7984704043846019,-575.0180921052631,0.2647554371120209,0.047746282527880934,0.0352393617021276,0.04026845637583887,0.039319872476089264,0.009493670886075778,-0.4733630603144802,0.04562737642585546,-0.010906206623041759,0.02373104812129201,0.020408163265306145,-0.0018975332068311695
82,2014-06-30,0.036126305828191985,-0.020265730715922747,0.030175861967495,0.04177266036879046,0.0421044582548562,0.025439120830252904,0.06872912026726062,0.06872912026726062,0.06557377049180335,0.06611570247933883,-0.14688978525563434,0.25523920243918496,-0.06476770280178634,-2.252344535720323,-0.2621574220914916,0.1913737664929593,-0.01734104046242779,-0.014193548387096857,0.04021813224267201,0.14733542319749215,0.1082887700534758,0.04727272727272713,0.005813953488372103,-0.0025756600128782337,-0.02000000000000001,-0.059569074778200275
83,2014-09-30,0.03598682907081208,0.033858123560107416,0.01126542616550541,-0.044873945826514716,0.06053905379740996,0.22233971318831314,0.5624170917374174,0.5624170917374174,0.5615384615384613,0.5581395348837208,0.2077427858832044,-0.11815226185712213,-0.17009170388672434,-1.5742875315737452,0.20404588095663895,0.006328524895300003,0.21111111111111105,0.22382198952879584,0.05963302752293598,-0.03278688524590168,-0.012062726176115812,0.05902777777777767,0.023719354195734343,0.14912846998063256,0.08163265306122458,0.08243486073674755
84,2014-12-31,0.007588327521936167,0.10876886189493916,0.01603719924664726,0.0016461728700529756,-0.0004128691937165252,-0.09243103995298728,-0.5971540877368801,-0.5971540877368801,-0.6009852216748768,-0.5970149253731343,-0.09674042326262412,-0.3151292039396538,0.19760967580333494,1.414565446903448,0.4091888370146069,-0.14861740497549236,-0.0766324878575283,-0.07379679144385032,-0.0012368583797157662,-0.19491525423728812,-0.3268213268213269,0.05573770491803298,-0.007982866043613646,-0.09157303370786507,0.018867924528301886,0.1069378155910632
85,2015-03-31,-0.0020203559063198817,-0.11496502690813047,0.010079175465488309,-0.08555840662256509,-0.013667346748204134,-0.5009063615798266,-1.3818096754748217,-1.3818096754748217,-1.3827160493827158,-1.3827160493827158,-0.5448589344960619,0.3050921264307953,-11.667638727874653,-0.933660909336906,0.01926300765662159,-0.019117966543558573,-0.2998246639392168,-0.2979214780600462,-0.014551083591331282,-0.017543859649122858,0.025997581620314403,0.049689440993788685,-0.011579980372914413,-0.20779220779220786,-0.12962962962962976,-0.032118977691682926
86,2015-06-30,-0.023300686656527625,-0.2202313696757688,-0.04442602222418869,-0.2640505604326292,-0.002475888208796295,0.06519755121546432,-1.0310342389895608,-1.0310342389895608,-1.032258064516129,-1.032258064516129,-0.07617951021657454,-0.4108485541136291,-1.655968370058662,-19.90324827140228,-0.3572516744468297,0.03820598006644516,-0.3430717863105175,-0.3388157894736842,-0.003141690229343297,0.0535714285714286,0.4537418974661169,0.0502958579881656,0.02124702144559154,-0.2576112412177985,-0.1063829787234042,0.05952611530763763
87,2015-09-30,-0.19498377645961107,-0.24420247862465816,-0.1497144684952828,-0.10125655245631217,-0.2377323825690616,-0.12036801216017645,-774.6786256643887,-774.6786256643887,-748.0,-748.0,0.27503541351832883,0.5788138782268382,-0.8695642520311734,-0.17804437754597224,-0.4568584790788324,-0.16800000000000004,-3.9275730622617533,-3.890547263681592,-0.23826032146233844,-0.16610169491525428,0.25456019456830137,0.04788732394366213,-0.053081858837254366,0.0,-0.1428571428571429,-0.15903966851502038
88,2015-12-31,-0.011071608509465758,-0.08237786190095575,0.002800323932839577,-0.11122537263777864,-0.025683700130598508,-0.17292494849081308,-0.9302467601580964,-0.9302467601580964,-0.930388219544846,-0.930388219544846,-0.4557224826591435,-0.5382847023267565,-2.836035092313736,-0.9612889903410564,-0.03256140861114143,0.0180769230769231,0.28515625,0.2676419965576591,-0.026065370293752662,0.33739837398373984,0.0,0.04569892473118276,-0.014784394250513476,0.0,-0.1944444444444444,0.03246141583943185
89,2016-03-31,-0.02360760851690536,-0.08734980194765618,-0.007074723587711662,-0.14913259974924242,-0.04153175820045296,-0.2462275171823075,0.6594535273095647,0.6594535273095647,0.6538461538461537,0.6538461538461537,-0.5264942441942603,-0.2659919623982717,0.6122323810067181,1.0686019104329487,-0.06962363571076646,-0.1509885404860848,0.16312056737588665,0.1446028513238291,-0.042480883602378894,-0.1306990881458967,0.0,0.04370179948586106,-0.018340975406419324,0.0,-0.06896551724137923,0.07256649589444875
90,2016-06-30,-0.01928304515422208,0.0356363903809771,-0.011418843194201387,0.10613176465724193,-0.028115540476924442,0.311139152463656,-0.3798794343078071,-0.3798794343078071,-0.3837209302325581,-0.3837209302325581,0.7255196490975373,-0.45077116212338597,-1.3973078420270366,-3.2237081459270365,0.1664086189435452,0.16093147433995836,0.17421602787456436,0.14234875444839856,-0.028393966282165062,0.21328671328671334,0.0,0.03940886699507384,-0.008917197452229408,0.0,0.0,-0.0637309428777072
91,2016-09-30,-0.010670199745742792,0.11739950802429755,-0.0012507771073521081,0.012090446491510365,-0.02143115268430396,0.1930260060594456,-0.35055612904107897,-0.35055612904107897,-0.339622641509434,-0.339622641509434,0.5096631991509424,0.2244385754301721,0.2033690726699846,1.4182181030375491,0.34500116708262696,0.11945828542225635,-0.7509891196834817,-0.7544132917964693,-0.06529680365296807,0.1527377521613833,0.0,0.04028436018957349,-0.010925449871465265,0.0,0.0,0.10406038157802787
92,2016-12-31,0.1527890459923551,0.2983599024605481,0.1251211690322811,0.16984090254667872,0.1850492680647875,0.13383736825609005,-0.2507789473684211,-0.2507789473684211,-0.2857142857142857,-0.2857142857142857,0.05945909652821758,-1.02788874828751,1.5062775829686443,1.048913588966748,0.5255590825829792,0.13170509016206333,-0.1330685203574975,-0.13530655391120516,0.184171958964338,0.21,0.0,0.03872437357630987,0.02794022092267712,0.0,0.07407407407407396,0.10988732750981134
93,2017-03-31,-0.008399991948249697,-0.045160317481305216,-0.012541081281821298,0.002326257059297454,-0.0038157344294611492,0.08681207923768097,-1.200327357536248,-1.200327357536248,-1.2,-1.2,0.1159423171315137,-79.41258085684822,-0.5769511897993991,-1.0967563428936369,-0.033332812465818096,0.006958450988301612,-0.4719358533791523,-0.4694376528117359,-0.004537953795379468,-0.14876033057851235,0.0,0.037280701754386136,0.004635482511588629,0.0,0.10344827586206916,-0.04739363522299545
94,2017-06-30,0.0017678709422375147,-0.0031534355742181,0.0051138651049027475,0.33968731406929203,-0.0019037593503439254,0.0007304932074090331,-0.1916050075393625,-0.1916050075393625,-0.20000000000000007,-0.20000000000000007,0.2007986201198375,0.05528396381274159,-0.1822981203860451,-2.9291004894147648,0.06651963123461924,-0.06659989984977455,-0.5444685466377439,-0.543778801843318,-0.002486531288852012,-0.06310679611650494,0.0,0.03594080338266381,-0.0035654362416106533,0.0,0.0625,-0.2558821768544573
95,2017-09-30,-0.015661495296360628,-0.18307470089759534,-0.031171986385539974,-0.19918420544152016,0.0014781629460824952,0.01239132897883688,3.3612978788010235,3.3612978788010235,3.25,3.25,-0.10850853505641822,0.17415494840642246,6.738472045845027,-8.808402266784608,-0.4870159199196334,-0.03240343347639485,-1.0333333333333334,-1.0303030303030305,0.0004154549231407678,-0.028497409326424864,0.0,0.032653061224489736,0.01725952431067146,-0.9894847528916928,0.02941176470588225,0.02011424893394497
96,2017-12-31,0.035679990196250344,0.1863791230200984,-0.08958088605682135,0.2502348597997086,0.1695851335673566,0.26300038868076897,23.17389920529933,23.17389920529933,23.823529411764703,23.70588235294117,0.3809019069799857,0.18867047025778927,-0.8589848431150012,-0.9851737509414232,-0.014075718145267091,0.13406520292747826,253.28571428571428,293.0,0.16860465116279078,0.1333333333333333,329.4361873990307,0.03359683794466428,0.12931926339747554,229.4,0.08571428571428585,-0.051108131556116376
97,2018-03-31,0.030417210051205682,0.09331470631647387,0.02583601756630438,0.04080509491323192,0.034229359171218166,0.10199946773463008,-0.7372567752383492,-0.7372567752383492,-0.7369668246445498,-0.7380952380952381,0.1691976485972635,0.18223674330823705,0.11447627057316367,0.5225860621326617,-0.021737462660088136,0.053779211890094825,0.1769662921348314,0.21995464852607705,0.03375977256574258,-0.09882352941176464,-0.997637625892246,0.03632887189292533,0.0036643459142542407,0.12847222222222232,0.07894736842105265,0.05045299642589973
98,2018-06-30,0.043976586340431334,0.1804009765984016,0.0532456471920113,0.5148634462298158,0.03632611565392496,0.1512878270502629,0.09104760651999966,0.09104760651999966,0.09009009009009006,0.09090909090909084,0.25090808586195035,0.12136825257977235,-0.000991549888999077,-11.594518583875592,0.2354152830433749,0.05233367356407159,0.1446300715990454,0.18308550185873607,0.0357511172224132,0.01827676240208876,-0.14817880794701999,0.033210332103321034,-0.007301935012778427,0.06961538461538462,0.12195121951219524,-0.22076277892071527
99,2018-09-30,0.04815336226231892,0.13829406132350575,0.031371614699631456,0.029750301410117693,0.06223077475789274,0.12825321484248642,0.7093426300824852,0.7093426300824852,0.7024793388429753,0.7083333333333333,0.12771828841630462,0.09518727448289876,0.18328502415458936,0.38411209602281904,0.2637502913565064,0.08147429679922412,0.19641367806505405,0.23330714846818545,0.06106870229007644,0.043589743589743664,-0.10641399416909614,0.03928571428571437,0.013424052960647527,0.11111111111111094,0.10869565217391307,0.10540211210398054
100,2018-12-31,0.008821580620051341,0.04988445310988453,-0.035033491031948194,-0.15745985387604078,0.04454078464943434,-0.0433091351390239,-0.2503744903237074,-0.2503744903237074,-0.24757281553398056,-0.24878048780487794,-0.04766584901239812,-0.27772677717831884,2.537586199217619,0.058608513182684785,0.22093629231508194,-0.12123929881777418,-0.3398396653886371,-0.3318471337579618,0.04410384735689732,-0.17199017199017194,-0.3143012506797173,0.03780068728522323,0.035383777898747804,-0.35954692556634305,0.03921568627450989,0.2460959029946721
101,2019-03-31,0.050952933586063454,-0.029561690911715344,0.081635460004011,0.15366096228801696,0.027866337591847312,-0.11277515358934764,-0.2882518190616151,-0.2882518190616151,-0.29032258064516125,-0.2857142857142857,-0.2289720836282652,0.4637470256847698,-0.7134101176524897,-2.4913712868825093,-0.2698732478205028,-0.13453330859157542,-0.04118268215417109,-0.03717826501429922,0.02756141402037127,-0.17210682492581608,0.25614591593973035,0.0364238410596025,-0.021906764808972908,-0.02223345123799892,-0.018867924528301886,-0.1588647253962403
102,2019-06-30,0.002466553021174045,-0.08402071360677765,-0.04051545780773769,0.026222267480194184,0.036499518157264266,0.15743886748326166,0.3342875488255124,0.3342875488255124,0.3363636363636362,0.3272727272727272,0.6709757434059247,-0.13661088330761506,6.53497924308652,-1.0587746293684972,0.02172458421743073,0.009326758147512935,0.0016519823788545553,0.016831683168316847,0.035860058309038045,-0.017921146953404958,0.008838383838383871,0.0463258785942493,0.0338648987636625,0.017571059431524372,0.0,-0.1073619631901841
