Unnamed: 0,Quarter end,Assets,Current Assets,Liabilities,Current Liabilities,Shareholders equity,Revenue,Earnings,Earnings available for common stockholders,EPS basic,EPS diluted,Cash from operating activities,Cash from investing activities,Cash from financing activities,Cash change during period,Cash at end of period,Price,ROE,ROA,Book value of equity per share,P/B ratio,P/E ratio,Equity to assets ratio,Net margin,Asset turnover,Current ratio
0,2000-06-30,0.5554973450070149,0.8214700915848225,0.0998266275623989,0.3611525761071155,-139.86372812920592,3.4091928251121075,0.1967103054716348,0.1967103054716348,-0.7328244274809161,-0.7328244274809161,1.4679518072289155,-0.5054945982444294,-1.0460136246917249,-1.8091636049275992,0.8387874311803412,-0.4714798564020742,-0.028612099644128138,-0.0732574679943101,-24.68543956043956,-0.3089430894308943,-0.9624949041989399,-0.06825127334465197,12.190476190476193,0.3333333333333333,0.3382060496109969
1,2000-09-30,0.5554973450070149,0.8214700915848225,0.0998266275623989,0.3611525761071155,-139.86372812920592,3.4091928251121075,0.1967103054716348,0.1967103054716348,-0.7328244274809161,-0.7328244274809161,1.4679518072289155,-0.5054945982444294,-1.0460136246917249,-1.8091636049275992,0.8387874311803412,-0.4714798564020742,-0.028612099644128138,-0.0732574679943101,-24.68543956043956,-0.3089430894308943,-0.9624949041989399,-0.06825127334465197,12.190476190476193,0.3333333333333333,0.3382060496109969
2,2000-12-31,-0.02457942538118585,-0.31271660274478996,0.07070710577941353,0.2329157112314868,-0.09107517997203796,0.0,0.0,0.0,0.0,0.0,1.4679518072289155,-0.5054945982444294,-1.0460136246917249,-1.8091636049275992,-0.361837228748051,-0.4714798564020742,-0.028612099644128138,-0.0732574679943101,-0.09708287420982432,-0.3089430894308943,-0.9624949041989399,-0.06825127334465197,12.190476190476193,0.3333333333333333,-0.4425528586698647
3,2001-03-31,0.09414837194671424,0.1822578747436716,0.33156705116273044,-0.2416373911715289,-0.10102474967743312,2.2069666920925504,0.2945924887018856,0.2945924887018856,-0.22857142857142845,-0.22857142857142845,-0.3686454468528282,0.9658980354674084,-11.919391828760723,-0.9119183285849952,-0.05094608434941328,-0.37735849056603776,-0.028612099644128138,-0.0732574679943101,-0.12987346650395015,-0.3089430894308943,-0.9624949041989399,-0.17838921282798825,12.190476190476193,0.3333333333333333,0.5589280703395381
4,2001-06-30,-0.05221212194150038,-0.12411986536294785,-0.01511882205672477,-0.3961850601267698,-0.09737856592135696,0.2809799413303735,-0.0885957098490503,-0.0885957098490503,-0.11111111111111116,-0.11111111111111116,-0.049744832207845764,-0.550642472651502,-0.7791822891547521,3.70193171608266,-0.2524040055706612,-0.7187878787878788,-0.028612099644128138,-0.0732574679943101,-0.09780763268620364,-0.6823529411764706,-0.9624949041989399,-0.04768241295187403,12.190476190476193,0.3333333333333333,0.4505745057450576
5,2001-09-30,-0.08472067811531803,-0.2411454867141721,0.041067639945994834,1.215795153536741,-0.2518447214355645,0.06319242433620098,1.1547930369548562,1.1547930369548562,1.1458333333333337,1.1458333333333337,-0.2283823369860041,-0.5193886817242113,-1.0636558988269278,-0.060048726890555626,-0.3173471609557833,-0.21982758620689646,-0.028612099644128138,-0.0732574679943101,-0.2550319096710849,-0.11111111111111116,-0.9624949041989399,-0.18258034466697728,12.190476190476193,0.3333333333333333,-0.6575322634017208
6,2001-12-31,-0.11358188732294495,-0.4480409405196708,-0.1175281582085156,-0.4392090535562482,-0.10628609067954777,0.016765630457562075,-0.6635324980998848,-0.6635324980998848,-0.6699029126213591,-0.6699029126213591,0.1808914510686164,-2.559718592964824,25.195351411178752,-0.3438707054279325,-0.3050170700877721,1.0773480662983426,-0.028612099644128138,-0.0732574679943101,-0.1556287753981329,1.7500000000000004,-0.9624949041989399,0.008262108262108379,12.190476190476193,0.3333333333333333,-0.01570143124584822
7,2002-03-31,-0.0754137872269387,-0.27959270669844405,-0.12223409495253446,-0.3233747572202309,0.010057930139887315,0.15412802015344096,-0.5010747987029548,-0.5010747987029548,-0.5294117647058824,-0.5294117647058824,-0.8782520688218134,-1.5561626887983917,-0.970824970951727,-0.028737412858249375,-0.4262718634733389,0.18085106382978733,-0.028612099644128138,-0.0732574679943101,-0.051899063475546285,0.393939393939394,-0.9624949041989399,0.09239898276349257,12.190476190476193,0.3333333333333333,0.06466654395975224
8,2002-06-30,-0.11535170128289762,-0.5543108433410885,-0.141181593222106,1.9637339556592768,-0.07437441625155661,-0.1050699474154182,0.7932671242880094,0.7932671242880094,0.5625,0.5625,10.640097799511002,-1.554129205672444,3.0738595220854457,-0.322992264135896,-0.5030071401060646,-0.668918918918919,0.04366940211019932,0.015732924021488737,-0.15159829880642062,-0.6521739130434783,-0.9624949041989399,0.04630108639420594,12.190476190476193,0.08333333333333348,-0.8495937301907451
9,2002-09-30,-0.08937485649167863,-0.11677378473793787,0.001338917511970017,-0.014126429178871747,-0.2228990061961645,0.11901330376940122,0.7953333061856089,0.7953333061856089,0.76,0.76,-0.836498067551672,-0.739566780965125,0.18965517241379315,-0.560313346683944,-0.44500745156482857,-0.4625850340136054,-0.17481044650379118,-0.17264828107291275,-0.22622897800776198,-0.375,-0.9624949041989399,-0.14660074165636594,12.190476190476193,0.15384615384615374,-0.10421455938697324
10,2002-12-31,0.14868625647299427,1.1692118479040692,-0.25902115156960903,-0.63122793565598,0.9219698916586638,-0.06855897359686924,-2.3772681908909457,-2.3772681908909457,-46.09090909090909,-46.09090909090909,-1.5734840698869474,-1.3278741168914578,-5.575526669654863,-5.274079035498995,3.4270676691729323,-0.3188291139240507,-0.8223583460949464,-0.7945205479452055,-0.3028213166144201,-0.10000000000000007,-0.9624949041989399,0.6732329084588644,12.190476190476193,0.06666666666666665,4.881950384944397
11,2003-03-31,-0.08235112387526089,-0.3659185762658477,-0.07414500815652836,-0.3344740204890516,-0.08835161896451016,0.3527096739881934,-1.4208264027272282,-1.4208264027272282,-1.1512096774193548,-1.1512096774193548,-9.762544802867383,-2.6092066601371204,-1.0770310867293629,-1.6343007584780294,-0.4910229037267081,-0.3809523809523809,0.4549808429118774,0.6155555555555556,-0.08842925659472423,-0.11111111111111104,-0.9624949041989399,-0.006578947368421129,12.190476190476193,0.125,-0.047265852239674166
12,2003-06-30,-0.03120362536158372,0.0047937209706663255,-0.021028996730786176,-0.048262171309554784,-0.03875948047937938,0.11790839394535092,-0.17023441474582246,-0.17023441474582246,-0.18666666666666665,-0.18666666666666665,-0.8625626342161775,-1.5374315276932442,-3.924120389995761,-1.1620219389267714,0.15630660692153686,0.2476547842401502,-0.15602369980250164,-0.0839064649243465,-0.09865175928970736,0.375,-0.9624949041989399,-0.007668177065179416,12.190476190476193,0.16666666666666674,0.05579300870096171
13,2003-09-30,-0.02974864997096472,0.017649676175409024,0.02374240131666272,0.19319541802017448,-0.0702047437591099,0.08739537173806,-0.07003725887846057,-0.07003725887846057,-0.13114754098360648,-0.13114754098360648,-1.7075892857142856,4.597961494903737,-0.937373151638156,-1.7727965843244893,-0.10446469060477392,1.3609022556390975,-0.8244929797191888,-0.8093093093093093,-0.1032469901495805,1.5909090909090908,-0.9624949041989399,-0.04179838426413773,12.190476190476193,0.09523809523809534,-0.14711197860189407
14,2003-12-31,0.09459784253014948,1.0959968907889621,-0.2508569857955577,0.1040550222094856,0.3822697455076245,0.07228564960056927,-0.1024951820671468,-0.1024951820671468,-0.30188679245283023,-0.30188679245283023,0.6182965299684542,1.3137770584665185,108.5300925925926,-16.274269928966064,1.7817520600285413,0.4420382165605097,13.12,13.913385826771655,-0.1602929210740438,0.6140350877192984,-0.9624949041989399,0.2628299120234603,12.190476190476193,0.17391304347826098,0.8983726055263606
15,2004-03-31,0.005685291863639197,0.16916604858149453,0.13703229379391502,-0.36741421377770855,-0.05359335409916988,0.11057489292393076,0.7032265355710008,0.7032265355710008,0.3513513513513513,0.3513513513513513,1.1055880441845356,0.07956631983911855,-0.6977830378088213,-0.7825862291693579,0.1392566359965579,0.3992932862190812,0.012590494176896394,0.04540654699049629,-0.18943798449612406,0.6630434782608696,0.0,-0.05892597968069657,12.190476190476193,0.07407407407407396,0.8482832522212795
16,2004-06-30,-0.005327790775579877,0.05676760668087421,0.025272450532724425,-0.00028722662180458164,-0.021919761787648984,0.0706952743074416,-0.6946121690664189,-0.6946121690664189,-0.745,-0.745,0.3720104922079925,1.166680165222321,-0.9629370629370628,-3.053475935828877,-0.25100591200267275,0.005366161616161769,-0.17065589058128694,-0.14848484848484855,-0.029288702928870425,0.24183006535947715,0.0,-0.016656384947563274,12.190476190476193,0.06896551724137945,0.057058653009952616
17,2004-09-30,0.006150416196813335,0.06617453945146877,0.0471731165491891,0.26974224265309465,-0.017166020325162124,0.07650356390939295,-0.28136882129277563,-0.28136882129277563,-0.2941176470588236,-0.2941176470588236,0.22728295096716145,-0.22177781100478464,0.9264150943396224,-0.4803819444444445,-0.17413649322188396,-0.05651491365777084,-0.2113943028485757,-0.1897983392645315,-0.028940886699507336,-0.02631578947368407,0.0,-0.02321204516938513,12.190476190476193,0.06451612903225823,-0.1603135426664838
18,2004-12-31,0.07326828391887785,-0.05793238142996648,0.2934418327709887,0.04208688906128777,-0.06006586606318065,0.06008624142887431,2.426908541194256,2.426908541194256,2.25,2.25,-0.026298909557408545,-1.1466448916854797,2.318315377081293,-2.883617329323978,-0.3908979898553448,0.2402662229617305,0.12072243346007605,0.05710102489019042,-0.25998731769181993,0.2756756756756755,0.0,-0.12427745664739888,12.190476190476193,0.03030303030303028,-0.09599107312957568
19,2005-03-31,0.03237956309112433,0.0015315365794437152,-0.08503586272205954,-0.06514051740182393,0.13022732420918806,0.08213118762364124,-0.7444086638140192,-0.7444086638140192,-0.7777777777777778,-0.7777777777777778,0.4486166007905139,-0.4028824107435309,-0.6679456906729634,0.08035239165139241,0.7044490708612845,0.16635363563187533,-0.35835453774385084,-0.3718836565096952,0.1251071122536418,0.5762711864406782,0.0,0.09479281261459473,12.190476190476193,0.0588235294117645,0.07132105009633903
20,2005-06-30,0.017255224439528538,0.17764765119445025,0.034447234254609604,0.2266573760700777,0.005657022789720356,0.07795168843973377,-0.4078356920952709,-0.4078356920952709,-0.4615384615384615,-0.4615384615384615,0.17904242188007544,0.2556226001097093,1.2177777777777776,0.25525394045534155,0.5187966523410994,-0.12905452035886822,-0.14077990746860536,-0.1565600882028666,-0.006854531607006997,-0.22580645161290325,0.0,-0.01138837715625507,12.190476190476193,0.0277777777777779,-0.039960657580441206
21,2005-09-30,0.012135070258166849,-0.1820218847487688,0.011205039720221466,0.060942952203197225,0.012780456444873023,0.10703328950627866,-0.7717866511221219,-0.7717866511221219,-0.7857142857142858,-0.7857142857142858,-0.1462890517383878,-19.818261249453908,0.21923847695390766,-2.071372514823857,-0.3659637208471093,0.10116217643951386,-0.16846153846153844,-0.17908496732026147,-0.0007668711656441117,0.11111111111111116,0.0,0.0006776215483652592,12.190476190476193,0.05405405405405417,-0.2289904282410796
22,2005-12-31,0.27675765870486324,0.8557144101675556,0.7971452653180886,1.3309112232930498,-0.08379882948875828,0.06372211511980175,40.639846743295024,40.639846743295024,41.0,41.0,0.1978185103911192,0.6194776552524666,41.06081525312295,-4.121067838684737,1.8014704155215744,-0.06644279203645953,0.2876965772432931,0.2006369426751593,-0.21642363775901752,-0.06562499999999992,0.0,-0.2823768410360589,12.190476190476193,0.0,-0.2038724373576309
23,2006-03-31,-0.017005948631198087,-0.12931376231013192,-0.07597801816865657,-0.3153910941447995,0.06314064702968403,0.04969416485970424,-0.8444976076555024,-0.8444976076555024,-0.8571428571428572,-0.8571428571428572,-0.31079260736031034,-0.4900586304276151,-1.1210247833121008,-1.4973270399248964,-0.3198034661725373,0.3573997944501541,-0.015086206896551713,-0.07824933687002633,0.05288932419196857,0.7290969899665551,0.0,0.08162302429818369,12.190476190476193,0.0,0.2717691940867908
24,2006-06-30,0.02055074871231044,-0.04303832351831105,0.009737501241324551,0.10850149387272534,0.03332355816226773,0.056714301129969565,0.039447731755424036,0.039447731755424036,0.05555555555555558,0.05555555555555558,0.2592447814869829,-0.2874371011722374,-1.3471746851792057,-0.8997168475696083,-0.04714946070878279,0.07514669695248899,0.0393873085339167,-0.02014388489208652,0.023255813953488413,0.021276595744681,0.0,0.01243184296619404,12.190476190476193,0.0,-0.13671303760920928
25,2006-09-30,0.06945092970594557,0.1023119252270921,0.10105287313616328,0.5445517440184491,0.03297417123108404,0.07553830892221503,-0.01935483870967747,-0.01935483870967747,-0.05263157894736848,-0.05263157894736848,0.2823617060905197,1.3969149439798012,7.828311011904763,-2.9186928104575163,0.09494178525226382,-0.03538732394366195,0.08912280701754405,0.022026431718061627,0.020909090909090988,-0.056818181818181775,0.0,-0.034037052994398964,12.190476190476193,0.0,-0.28632237327889504
26,2006-12-31,0.05640688730119625,-0.05576442526124492,0.03416072013418159,-0.26882914493145826,0.0837769854449546,0.08200634782844585,-2.76296439628483,-2.76296439628483,-2.7777777777777777,-2.7777777777777777,0.2519486807068507,-0.3944401468143588,-0.815532753207897,-1.2828723259299633,-0.024527699996455543,0.2905639715276509,-0.8737113402061856,-0.8706896551724138,0.060552092609082786,0.2650602409638554,0.0,0.025869759143621662,12.190476190476193,0.02564102564102577,0.2914004016797518
27,2007-03-31,0.3910825153660382,1.5186784633798665,0.5560287329296263,0.19044580296861646,0.1974351318769223,0.0669031740460313,-1.4890791351114037,-1.4890791351114037,-1.46875,-1.46875,-0.2323755752349279,0.3061806914546641,30.2110793832096,-119.0621387283237,2.9686057919407003,0.16942440956017535,-0.17346938775510198,-0.21111111111111105,0.13518052057094865,0.10158730158730167,0.0,-0.13934782608695662,12.190476190476193,-0.05000000000000005,1.1157924501625898
28,2007-06-30,0.09478504808686372,-0.18791999197627274,0.1298540302424298,0.4657303671937818,0.0412845223617635,0.07905156916424816,-1.2731149012567324,-1.2731149012567324,-1.2666666666666666,-1.2666666666666666,0.9074055415617128,2.784922071706516,-0.8151200535767219,-1.3796945699049763,-0.2840200207532197,0.026000725601644792,-1.1111111111111112,-1.1126760563380282,0.03106508875739644,-0.09510086455331412,0.0,-0.048749684263702964,12.190476190476193,-0.07894736842105265,-0.44595166499610206
29,2007-09-30,0.8125519481458605,0.4206754591034068,0.7957564170272811,0.4483966763217179,0.8403543013594654,0.13006740202750522,2.388660640920296,2.388660640920296,2.25,2.0,0.2790396703819133,2.9653035867437816,14.503869831152635,-2.1696933227310824,0.4640022506585735,0.05433757661480443,9.888888888888893,8.749999999999998,0.6104734576757533,0.022292993630573132,1619.4728260869565,0.015400955921402115,12.190476190476193,-0.19999999999999984,-0.01913644769638989
30,2007-12-31,0.024079047539480092,-0.11665997408522065,0.03917275697266254,-0.033112984107585675,-0.0003007326830142265,0.3365901601433774,-2.472599418040737,-2.472599418040737,-2.3076923076923075,-2.416666666666667,-0.7133623804902224,-0.8564741832661589,-0.9514823042745518,-1.4852279199661933,-0.1537885934570188,0.16020122973728346,-1.423469387755102,-1.4102564102564104,-0.0102449888641426,-0.28037383177570085,-0.8945289049425322,-0.02379707112970708,0.0,-0.07142857142857151,-0.08640052463316661
31,2008-03-31,0.04808677701859132,-0.12314621064249075,0.055740085824857566,0.2790997691447912,0.035236827629562706,0.1406058508874375,-1.8926395521159232,-1.8926395521159232,-1.8823529411764703,-1.8823529411764703,3.5374252575462863,0.3157004994252264,0.17360069471856,-0.4358280164334804,-0.10253137117945996,-0.24166506070533825,-1.7710843373493976,-1.75,0.031953195319532,-0.2337662337662337,0.0,-0.012322528797214072,-0.6570397111913358,-0.03846153846153855,-0.31449080305069543
32,2008-06-30,0.019326242452838868,-0.2150708030582004,0.0059931133226243105,-0.03808100482239618,0.042156013900584766,0.08738575888963318,-0.5888212506917543,-0.5888212506917543,-0.6,-0.6,0.031341293026800436,0.5874816446402349,-0.05995784564330243,2.681566495519984,-0.4206008419147811,0.08043202033036856,0.0625,0.08333333333333348,0.030527692978630668,0.048022598870056436,0.9313151869753242,0.022511526986709995,0.05263157894736836,0.040000000000000036,-0.18396596858638747
33,2008-09-30,-0.016751309104918066,0.16657701395177815,0.0016360154760453052,0.014870125184125447,-0.0471426799275726,0.06795354676710619,2.3149394347240917,2.3149394347240917,2.333333333333333,2.166666666666667,-0.025200899042458258,-0.6187359803898898,-0.3696212193492987,-1.0871229730099263,0.06324482058136538,-0.06174291426555334,0.5588235294117647,0.5,-0.05120609394837061,-0.0889487870619946,-0.179020679662803,-0.031034482758620637,0.3700000000000001,0.1153846153846152,0.14941053813457386
34,2008-12-31,0.06820917696182494,0.10756331459723212,0.06933872281627984,0.21297411701718288,0.06624664078829512,0.037815331863825685,14.766544863987008,14.766544863987008,14.65,10.052631578947368,0.20489253170354216,-0.4760720567720022,0.2167398214015439,5.227453442142708,0.3704266110713508,-0.3561042867886689,13.377358490566039,13.410256410256407,0.05441570026761822,-0.3224852071005917,-0.5520726791408459,-0.001916233232959308,12.627737226277373,0.034482758620689724,-0.0868685459112476
35,2009-03-31,-0.012775164136576644,-0.05909183133031715,-0.046130277952956884,-0.11610280248143925,0.045345939073500485,0.04482832764326128,-0.8673207495343308,-0.8673207495343308,-0.8690095846645367,-0.8095238095238095,0.1364309587784258,0.8033109516091688,-1.1127316830451548,-0.9690534592251604,0.008364856703011236,0.02355460385438968,0.04921259842519676,0.062277580071174336,0.040186125211505885,-0.03056768558951961,-0.9058428475486904,0.058968732857926476,0.017139796464916927,0.03333333333333344,0.06449148009475048
36,2009-06-30,0.17640791910927198,0.930800789727936,0.17991054008207352,-0.014391941449103498,0.17083870912434262,0.06995397302628614,0.12829138901468595,0.12829138901468595,0.12195121951219524,0.09999999999999988,-0.09186427385126407,1.6200166912755989,-84.12855172413794,98.43973941368078,0.824899008777342,0.2868010650437429,0.04440275171982511,0.05025125628140703,0.15087433916226112,0.2387387387387385,0.16975748930099854,-0.004662004662004726,0.04949973670352813,0.0,0.9590122747828582
37,2009-09-30,0.04192673117943002,0.035729411423432784,0.04421037239617687,0.10895560789280978,0.03826758018784182,0.06750544171733086,0.07866972477064227,0.07866972477064227,0.06521739130434767,0.06818181818181812,0.3657653767510383,0.2768254434970108,-0.904413936371088,-1.6664373689727463,-0.3012459990572952,0.1943541235589714,-0.005988023952095857,0.006379585326953707,0.028268551236749095,0.040000000000000036,0.04959349593495932,-0.0036429872495444826,0.01605619668840941,0.0,-0.06602909384046007
38,2009-12-31,0.025508864239186302,0.019315384249132483,0.01505515976859595,0.12599184040605227,0.04235504225014418,0.06589089375016477,-0.057941739315330636,-0.057941739315330636,-0.1020408163265306,-0.06382978723404252,-0.2327434698109523,-0.9398040291845297,-1.10144424385502,-1.5153518473007288,0.2221778793347624,0.19688157406261605,-0.6144578313253013,-0.6085578446909667,0.031958762886597825,0.16083916083916086,0.0983733539891556,0.01645338208409508,-0.6113580246913579,0.0,-0.09474675350151053
39,2010-03-31,0.20723729901420265,0.8047430439065404,0.33659810731127937,0.002054149667627181,0.004231773310905851,0.02513687786536489,-0.19879246134747766,-0.19879246134747766,-0.18181818181818188,-0.20454545454545456,0.20969579444915776,1.0120504973221118,-216.53593429158107,10.019822282980178,2.0032769262778283,0.04073614557485517,-0.07343750000000004,-0.11740890688259108,-0.006327006327006335,0.009036144578313364,1.0282087447108603,-0.16803699897225075,-0.06988564167725543,-0.03225806451612912,0.8010314639854383
40,2010-06-30,0.16752422726846405,-0.3238414523209777,0.02085650779085113,-0.052317727857972174,0.4738662402198929,0.1908111434190365,-1.1601521233889711,-1.1601521233889711,-1.1388888888888888,-1.1428571428571428,-0.4298681521259968,9.376620084291917,-1.4004995268309104,-1.7615766986033816,-0.5079947888101822,-0.09229088019074104,-0.3777403035413153,-0.3623853211009175,0.2865281501340482,-0.08656716417910447,-0.06554242002781653,0.2621988882025943,-0.3483606557377049,-0.033333333333333326,-0.28652212623625395
41,2010-09-30,0.0463973258655348,0.004025961598000505,0.037482854537361776,0.038241607108879805,0.05929389662992213,0.11568285747093833,-5.9234828496042224,-5.9234828496042224,-5.8,-5.8,0.9903525111587528,-0.2075399673237545,-1.0718066232412096,-0.7685563300250019,-0.2389653108878207,-0.004706139870854886,-0.26016260162601623,-0.237410071942446,0.05001302422505871,-0.2254901960784313,0.3983255813953488,0.012478590653290931,-0.23480083857442344,0.0,-0.03295109612141645
42,2010-12-31,-0.007338272678357959,-0.1275640242158933,-0.022621185739334027,0.022795595209388345,0.014316281844449774,0.04509500616018913,0.2290103608431581,0.2290103608431581,0.25,0.16666666666666674,0.08500569471054087,-1.0675851172469604,-5.747625883392228,-1.4394032391380849,0.13797285872506415,-0.03540796129316026,-0.19047619047619047,-0.179245283018868,0.009675018605804995,-0.08016877637130804,0.19092602448110707,0.02174963750604153,-0.17260273972602735,0.0,-0.14700240644508766
43,2011-03-31,0.04597652567699395,-0.10675176852841983,0.03802228943865105,0.07908775128491262,0.056836558070528564,0.05151429134177565,0.8273982558139534,0.8273982558139534,0.8000000000000003,0.8928571428571428,-0.04167107436671525,-17.329627095449883,-1.3038295595948322,-3.577199582805632,-0.3124710674937505,-0.0056999544003647476,0.15837104072398178,0.2298850574712643,0.04324324324324325,-0.01834862385321101,0.1883588425874203,0.010406811731314969,0.1854304635761588,0.034482758620689724,-0.1722135906451877
44,2011-06-30,0.06806601077740138,-0.06604699348192056,0.06409702241853643,0.8074511905941026,0.03864451843290495,0.08779188439491059,0.22211175183933185,0.22211175183933185,0.20370370370370366,0.2075471698113207,0.19171266027001788,-0.2676499446556956,1.3669141851029627,-0.9523468834688348,-0.021657590666938176,0.10536574180233882,0.62109375,0.6261682242990654,0.033678756476683835,0.06074766355140171,-0.09363542352166976,-0.027621722846442043,0.5754189944134078,0.03333333333333344,-0.4832559517929468
45,2011-09-30,0.15324345552424926,1.0494878968645236,0.2834564317605932,0.05754684898565721,-0.01922876621876091,0.057485439351734564,-0.33878945655711035,-0.68499837292548,-0.676923076923077,-0.6875,0.010844472311682285,2.855747912862299,11.033814159578252,-12.017743403093721,0.2439000644572165,-0.025516025308577883,-0.03855421686746996,0.04597701149425304,-0.027113237639553426,-0.05726872246696035,-0.4234000622342079,-0.14949446316803086,-0.07446808510638292,0.0,0.9378703880711146
46,2011-12-31,0.00953410995924231,-0.0710675352439829,0.03453561286749185,0.10530727448960307,-0.03570992839244325,0.0328327757835829,-0.12348048624440178,0.8398760330578512,0.7142857142857142,0.7,0.3224853739338831,-0.7593338881380203,-1.1120517854671188,-2.2621987309190508,-0.2474880101910003,0.0030867482703564875,0.04010025062656642,-0.02197802197802201,-0.02014051522248239,0.032710280373831724,0.02752293577981635,-0.0450042456835551,-0.005747126436781658,-0.03225806451612912,-0.15956397356219798
47,2012-03-31,0.0171158953240993,-0.049956423471604894,-0.0028458288928115967,-0.009887570423603331,0.05545862846862937,0.0484289794858479,0.9384053902302081,0.9384053902302081,1.0555555555555558,1.0882352941176467,-0.328470693579077,-2.3843699421965314,-0.4729141431706703,-4.861733914940022,1.2700566309092152,0.37075551782682536,0.10361445783132517,0.0393258426966292,0.03871892925430198,0.3981900452488687,0.32247899159663884,0.03793716656787205,0.05394990366088637,0.0,-0.0404953342332296
48,2012-06-30,-0.027132501578340462,-0.14005773311085046,-0.04622942131328078,-0.3160136084547329,0.0034661843192771435,0.031101282618310574,0.05573096196738403,0.05573096196738403,0.027027027027026973,0.028169014084507005,0.5459747763764653,-0.6515645819183248,5.0231171786120585,-0.9402690040974696,0.033418438282059704,0.2515869329617588,0.06113537117903922,0.021621621621621626,-0.012655315232397712,0.2038834951456312,0.13238019592269,0.03141062250142768,0.018281535648994485,0.03333333333333344,0.2572634411890635
49,2012-09-30,0.046514674686201296,-0.2817038962273869,0.027341853165393948,0.2469668681628556,0.0802990490036617,0.04818300362026662,-0.20876889730293305,-0.20876889730293305,-0.21052631578947367,-0.20547945205479454,-0.4755572896879589,-7.357680017043034,-1.2784002478127503,-20.5919534795764,-0.6335599055796091,0.13625680356259284,0.1646090534979423,0.06349206349206349,0.07061291074341658,0.15053763440860224,0.08463876548982929,0.0321151716500554,0.14901256732495516,0.0,-0.4239357820481635
50,2012-12-31,0.023701337179121262,-0.1178111546554953,0.009345415899954634,-0.11946922161320185,0.04549685290750705,-0.00036830151617461837,0.5555170261460574,0.5555170261460574,0.5166666666666668,0.5517241379310347,1.0469398543347168,-0.6492856771867392,-0.8338059893889846,-1.030226177520276,0.05225982218476588,0.03178923303031955,0.1749116607773853,0.2139303482587065,0.0415759686547672,-0.035046728971962704,-0.13429618452252645,0.02145922746781115,0.19218750000000012,0.032258064516129004,0.0018579511865550735
51,2013-03-31,0.2413138247672739,2.1353714179422933,0.3932308840712284,1.3469976209416474,0.002992369628732839,0.06325862245420111,-0.20009808729769496,-0.20009808729769496,-0.19780219780219788,-0.21111111111111114,-0.5974107958431174,4.458158765949925,121.20444154147616,33.55261057001437,1.7160336699535712,0.14038512265892902,-0.02105263157894733,-0.061475409836065587,-0.007941483803552862,0.09443099273607736,-0.07831175298804771,-0.1919642857142858,-0.02490170380078649,-0.03125,0.33591840175335075
52,2013-06-30,-0.07028618273666665,-0.4527979811123126,-0.09749562264038623,-0.5200045824082926,-0.012972935125504792,0.011962537659662598,-1.7986734295747169,-1.7986734295747169,-1.7945205479452055,-1.8169014084507042,0.7481260617003838,-1.4704841843611602,-1.5679160319623722,-1.3870625638276732,-0.2445523408839755,-0.06134344929681713,-0.4608294930875576,-0.4716157205240175,-0.014535496102801691,-0.05530973451327437,-0.0613264892611104,0.06142346441338975,-0.4623655913978494,-0.03225806451612912,0.14001766784452285
53,2013-09-30,0.04396745395387769,-0.08457929918577567,0.03547145647369243,-0.04166015126700517,0.06104179507975128,0.033129212489227955,-2.481994556493824,-2.481994556493824,-2.4827586206896552,-2.431034482758621,0.4036654231137749,-1.6156819775759144,-0.9986141730801356,-0.2970875640956764,-0.22754572016015584,-0.09073435189748646,0.14245014245014231,0.1074380165289257,0.05344164172723387,-0.07728337236533955,0.6490142466541949,0.016533986527862858,0.13749999999999996,-0.033333333333333326,-0.044833121160126166
54,2013-12-31,0.013982187682195502,-0.1155623055532886,0.015388659622596943,-0.061352569882777264,0.002473709700301141,0.039540844510241424,0.05931105931105929,0.05931105931105929,0.05813953488372104,0.12048192771084355,-0.19294933240383028,-0.2948893817342382,58.96689303904925,0.17064388470879965,-0.34484242336306914,-0.08640034690227116,-0.012468827930174451,-0.044776119402985086,0.00994318181818188,-0.13197969543147206,-0.20918055676760627,-0.011445783132530194,-0.03296703296703296,0.0,-0.05771570956713212
55,2014-03-31,0.03179759539018345,0.2220849368712443,0.03610222282062159,0.08902405105909561,0.02356262382760277,0.027446249986715188,-0.08008446321404761,-0.08008446321404761,-0.08791208791208792,-0.12903225806451613,0.030064904682495005,-1.423740797559157,-0.47223283928596704,-2.6922987638558413,0.8907420559462988,0.09000296647878958,0.037878787878787616,0.0546875,0.015069318866787198,0.07894736842105265,0.07272125358640458,-0.007921998781230899,0.029545454545454538,0.034482758620689724,0.1221942069983395
56,2014-06-30,-0.011769723377156538,-0.12106981652237815,-0.0702305434655891,-0.053500258755687535,0.06597242914796397,0.04328569975502239,-0.7262908642810544,-0.7262908642810544,-0.7349397590361446,-0.7283950617283951,-0.4236830151760445,-0.07465237396976288,6.481572876991577,-1.3722565157750344,-0.17537269727408955,0.035815371217069465,0.3479318734793189,0.37037037037037024,-0.0015835312747427555,0.02168021680216814,-0.016253471865034452,0.07862407862407861,0.3487858719646799,0.0,-0.07140508548882074
57,2014-09-30,-0.02324869682500852,-0.1014348362656542,0.02852880156366688,0.1861924500501495,-0.03182151417467893,0.025249479064249014,2.781867937853108,2.781867937853108,2.6818181818181817,2.590909090909092,1.1870680247362675,-1.0690250592876736,-0.0813435725348477,-0.3764048825426071,-0.13261937531530565,0.1293746715712032,-0.010830324909747224,0.0,-0.03409992069785883,0.12997347480106106,-0.19449963400606496,-0.00882687927107062,-0.029459901800327426,0.03333333333333344,-0.2424904101504868
58,2014-12-31,0.04763240418118464,0.7382813092055482,0.14040646996908102,-0.03658036516013175,-0.12609289827846382,0.028495860202662367,-9.288858803482645,-9.288858803482645,-8.925925925925926,-9.126582278481012,-0.06534806252050207,97.14930335655478,-3.653187063639805,-5.74093771351541,0.7248723110499999,-0.008793969849246186,-2.8813868613138682,-2.8324324324324333,-0.17487684729064035,0.02582159624413149,0.005712060236271466,-0.16575696638896875,0.0,0.032258064516129004,0.8043004051106262
59,2015-03-31,-0.011479343666904509,-0.034474154947573436,0.003364338195396499,0.035103307614519075,-0.04775142932280119,0.007918560899891958,-1.2152952805242423,-1.2152952805242423,-1.2102803738317758,-1.208722741433022,0.15083762982150015,-0.6776408226342168,-1.1453173494153122,-1.2890439985043,-0.12146985597061465,0.06984931699760599,-0.10378273520853544,-0.13569321533923304,-0.05522388059701512,0.29748283752860405,0.0,-0.03684573002754821,0.0,0.03125,-0.06722797927461133
60,2015-06-30,0.012723588692823421,-0.07601434898829074,0.010323995928828156,0.2271717027710453,0.018901999279280712,0.03483971677959618,-0.2222701825982316,-0.2222701825982316,-0.2296296296296297,-0.23134328358208955,-0.08740136849203861,0.4939499784821402,0.2102151952547726,1.7028891763691243,-0.3737146200268674,0.10512921767364314,-0.17316017316017318,-0.21843003412969286,0.018167456556082318,0.1693121693121693,0.0,0.006077940650697,0.0,0.0,-0.2470490209693098
61,2015-09-30,-0.015378446612312913,-0.06623096597444733,0.1055557215278653,0.7904570201484105,-0.3241352226242742,0.03165199780042127,-0.3082291999529088,-0.3082291999529088,-0.3076923076923077,-0.3106796116504855,0.009121588229479949,-0.6397324329575068,-0.15180408490992126,-0.9966895341416719,-0.0019754085436419766,0.07817524913645935,0.14790575916230364,0.0,-0.3279027670028446,0.058823529411764726,0.0,-0.31343283582089543,0.0,0.03030303030303028,-0.4784827247018321
62,2015-12-31,0.34403632340150736,1.6241704058620492,0.2242710446318834,0.1313012511320839,0.8442081532768213,0.06380698144175545,-0.7391082368958475,-0.7391082368958475,-0.75,-0.7464788732394366,0.09662734782020599,3.918376644507461,-22.624166765274328,-2852.4593373493976,5.643946236462981,0.05022831050228317,-1.9965792474344362,-1.9737991266375547,0.5302039245863797,0.562678062678063,0.0,0.3721532091097308,0.16188870151770662,-0.058823529411764726,1.319580337144878
63,2016-03-31,0.30310248587990674,-0.3347177904322427,0.13997868172215844,-0.04597990526179785,0.7553469712455734,0.15564670030747665,-3.8991706271549718,-3.8991706271549718,-3.555555555555556,-3.555555555555556,-0.5565205556358934,1.500561440918268,-1.1716263480699514,-1.8424559607767952,-0.715655422242442,0.04446002805049098,-0.6739130434782609,-0.6367713004484306,0.7452853909982398,-0.31722880583409296,0.17942429327481624,0.3470388532629196,-0.602322206095791,-0.0625,-0.3026375971946943
64,2016-06-30,-0.01680444374134682,-0.03362570739565407,-0.013040627056506326,-0.012919924439705244,-0.023581142141538725,0.06675780306009793,-2.4371444183729234,-2.4371444183729234,-2.391304347826087,-2.391304347826087,0.0,0.0,0.0,-0.9055859267246784,-0.2376269806456092,0.18776017188129449,-0.33333333333333337,-0.28395061728395066,-0.04624693848148676,-0.31909212283044064,1.6522928751231256,-0.007000840100811922,-0.24452554744525545,-0.06666666666666654,-0.02098819414079589
65,2016-09-30,-0.012923914268133108,-0.20756847404517165,-0.010478444762587635,-0.04116801162215933,-0.01737447839905304,0.026835904098788443,0.1507235355952674,0.1507235355952674,0.140625,0.125,2.204871967008728,-1.2540242684574312,-0.4922363218977172,-4.351671336936747,1.0446953390181308,0.05206184110115597,-0.057894736842105325,0.034482758620689724,-0.02145015105740189,0.10196078431372556,0.43550383758356026,-0.004512126339537681,0.07729468599033829,-0.0357142857142857,-0.17351496203662342
66,2016-12-31,-0.03734940798501585,-0.11620587732251565,-0.027296338959152844,-0.312170108173093,-0.0557736103691624,0.01943491558124144,0.20019436345966968,0.20019436345966968,0.17808219178082196,0.16666666666666674,0.0,0.0,0.0,-1.4743667719982962,-0.2423680174913833,-0.06205840474975155,0.5307262569832403,0.6166666666666667,-0.0592775548008645,-0.04092526690391463,-0.0707427848683454,-0.01898016997167129,0.5739910313901344,0.03703703703703698,0.2848779609114653
67,2017-03-31,0.3629583076195966,2.7982407126006628,0.29412079428894633,-0.008386353583909711,0.4929212756615067,0.0072964747142885145,-0.318834008097166,-0.318834008097166,-0.32558139534883723,-0.3214285714285715,-0.25974947033264306,-1.935536575203857,-23.10943664772429,-18.414869758059467,5.604147627980057,0.08713086815799276,0.4452554744525548,0.4639175257731961,0.37282573022645216,0.1558441558441559,-0.32523896433321986,0.09529309846953526,0.5327635327635327,-0.07142857142857151,2.830365904948829
68,2017-06-30,0.01683202321322863,-0.6681703697710286,0.026571024515683828,0.06996298285996616,0.0008935476927245387,0.12310997604065198,0.08898768484617947,0.08898768484617947,0.01724137931034475,0.017543859649122858,0.2389204878502331,11.529378831208904,-1.0503868887160652,-1.9208645308802648,-0.7768125160073364,0.1119483598998814,-0.0782828282828284,-0.06338028169014097,0.00047812574707162253,-0.1910112359550562,-0.30151744372621825,-0.01581861323490641,-0.03717472118959109,0.0,-0.6898653100065881
69,2017-09-30,0.04776021568579547,0.32124583158523023,0.07451913988636273,0.059727789561448974,0.0028441076738636717,0.08049353866812448,0.7443510533784521,0.7443510533784521,0.7288135593220341,0.7586206896551726,0.2742068632473333,-0.9076482403052968,-3.332700789583696,-1.1388005166908866,0.4831004708010871,0.057790730736423164,0.049315068493150704,0.052631578947368585,-0.0009557945041815953,0.057539682539682564,0.08118928852717233,-0.0428609697294402,0.07722007722007729,-0.03846153846153855,0.2467693397061425
70,2017-12-31,0.020917119571154386,-0.07966255941546962,0.0064071232715117174,0.07444943214043631,0.047013573533253306,0.04162251434353848,-0.18379224030037544,-0.18379224030037544,-0.1862745098039216,-0.1960784313725491,0.2672633223220917,1.155327314514444,-0.8008839667757363,-1.3480390041447063,-0.11336912776288888,0.04748784803888628,-0.07832898172323766,-0.07142857142857151,0.033963166706529435,0.048780487804878085,-0.05688095671705196,0.025748670584942568,-0.04480286738351258,-0.040000000000000036,-0.14345212740782798
71,2018-03-31,0.06690067018317514,0.30872231371447056,0.0810451771697347,0.003010298261735711,0.04244816264440221,0.01304426434798267,-0.03558997163229316,-0.03558997163229316,-0.04819277108433728,-0.03658536585365847,-0.3919584383253281,-0.53453078842239,5.8161822704932975,-4.331153568309487,0.4259382188335157,-0.10985180591493272,0.06232294617563738,0.04615384615384621,0.039440203562341125,-0.13953488372093026,-0.10388774459320294,-0.022919508867667138,0.028142589118199,0.04166666666666674,0.3047850591225549
72,2018-06-30,0.006436689571840848,-0.3712128212689453,0.026902105921886355,0.15013939308850954,-0.030253127524752618,0.03788705600977727,0.0751105033866506,0.0751105033866506,0.07594936708860756,0.07594936708860756,0.7903471836813367,2.7406871530118435,-1.3060450280034124,-2.7257735362326816,-0.515501230294739,-0.02354297794647575,0.07200000000000006,0.051470588235294164,-0.03093357071325253,-0.06029106029106035,-0.09050423789685393,-0.036581960346272036,0.041970802919707895,0.0,-0.4532904209367326
73,2018-09-30,0.010851015192208545,-0.023685653694973885,-0.0013588410743204935,0.0193210195170268,0.034030627651534966,0.017281287665132258,0.8460321216244195,0.8460321216244195,0.8352941176470591,0.8235294117647061,-0.2256537621953936,-0.5458436685483717,-1.5044744572963231,-0.902627697114794,-0.10360303280953942,0.08190227820695761,0.13681592039800994,0.1328671328671327,0.022735101619014708,0.1172566371681416,-0.002053388090349162,0.02289855072463776,0.13134851138353776,0.0,-0.0422153369481022
74,2018-12-31,-0.0021408146688760565,-0.1612103462836202,-0.0078107706199423985,0.036783207499526016,0.008254828479702825,0.020511765910990576,-0.11859002603645108,-0.11859002603645108,-0.1217948717948718,-0.1225806451612903,0.3391176569294423,0.17035697637094185,-1.969547586100861,1.6079838204844226,-0.3014234130747414,-0.12286526435474696,0.12472647702407015,0.11728395061728406,0.0023576961940048324,-0.14257425742574248,-0.2387622665400443,0.01048455653159519,0.11455108359133105,0.0,-0.19094217549534973
75,2019-03-31,0.11096533314154587,0.7324023113027667,0.07991672244887837,0.11239077244564766,0.1670295607082093,0.0405584989653327,0.0732217192925051,0.0732217192925051,0.05109489051094873,0.0588235294117645,-0.2461168324594677,-0.4783873666395157,-10.781773130482183,-4.7958308714918765,1.6378337295492065,0.04280306958415436,0.10116731517509714,0.11602209944751365,0.12253584229390667,0.04157043879907607,-0.08098554943341296,0.05047672462142461,0.11944444444444467,0.0,0.557377049180328
76,2019-06-30,0.017580916817241166,0.1381422827809431,0.005045604378065782,0.11810833470297875,0.03847189212440138,0.01596149698727567,0.21552702450922268,0.21552702450922268,0.1805555555555556,0.17361111111111116,0.2891715601188201,0.3821337131110507,-1.0406917599186165,-1.0177281885299407,-0.011007450853661838,0.19046316783929584,0.11130742049469956,0.14356435643564347,0.029235681500698437,0.05986696230598688,0.04162895927601795,0.02055525894287236,0.1526054590570718,0.0,0.017907573812580242
