Unnamed: 0,Quarter end,Assets,Current Assets,Liabilities,Current Liabilities,Shareholders equity,Revenue,Earnings,Earnings available for common stockholders,EPS basic,EPS diluted,Cash from operating activities,Cash from investing activities,Cash from financing activities,Cash change during period,Cash at end of period,Price,ROE,ROA,Book value of equity per share,P/B ratio,P/E ratio,Cumulative dividends per share,Equity to assets ratio,Net margin,Asset turnover,Current ratio
0,1996-05-31,0.10982764385810252,0.07720706260032095,0.2987033276050617,0.2993039443155452,0.0641983695652173,0.0,0.0,0.0,0.0,0.0,-0.3129163281884647,-0.2555771096023278,-0.6822742474916388,-0.3149710068529257,0.31866285906265746,0.18858560794044665,0.013318112633181169,0.02331349206349209,0.06451612903225823,0.11692307692307692,-0.1295829834872655,inf,-0.041097591259001816,0.010457516339869244,-0.007633587786259555,-0.17092423545364302
1,1996-08-31,0.10982764385810252,0.07720706260032095,0.2987033276050617,0.2993039443155452,0.0641983695652173,0.0,0.0,0.0,0.0,0.0,-0.3129163281884647,-0.2555771096023278,-0.6822742474916388,-0.3149710068529257,0.31866285906265746,0.18858560794044665,0.013318112633181169,0.02331349206349209,0.06451612903225823,0.11692307692307692,-0.1295829834872655,inf,-0.041097591259001816,0.010457516339869244,-0.007633587786259555,-0.17092423545364302
2,1996-11-30,0.07844426184606967,0.08586648785575912,0.05786118128232887,0.056505102040816275,0.08451253679469439,0.12137110877929347,0.1713432835820896,0.1713432835820896,0.125,0.0,-0.3129163281884647,-0.2555771096023278,-0.6822742474916388,-0.3149710068529257,0.1655414012738854,0.18858560794044665,0.013318112633181169,0.02331349206349209,0.07575757575757569,0.11692307692307692,-0.1295829834872655,inf,0.005697267901074721,0.010457516339869244,-0.007633587786259555,0.027774532710280297
3,1997-02-28,0.066566769949713,0.018353974407355308,0.06140550375255849,0.06929856332246764,0.06805101373446698,0.09053337492202118,0.06625891946992858,0.06625891946992858,0.05555555555555558,0.0,-0.574840387798534,1.0364820846905536,-0.8105263157894737,-1.5178914967295114,-0.07355593201814302,-0.0751565762004176,0.013318112633181169,0.02331349206349209,0.07042253521126772,-0.14049586776859502,-0.1295829834872655,inf,0.0012874983906270288,0.010457516339869244,-0.007633587786259555,-0.04762581341820349
4,1997-05-31,0.10201214430289318,0.15678479989219785,0.20269980715663166,0.21384215874449586,0.07323719420715835,0.07951376474794425,0.127151051625239,0.127151051625239,0.1578947368421053,0.0,2.35428253615128,-0.7072936660268714,-1.0,-4.800891530460624,0.3017754969621895,-0.018058690744921058,0.013318112633181169,0.02331349206349209,0.07894736842105265,-0.08333333333333337,-0.1295829834872655,inf,-0.02610261026102612,0.010457516339869244,-0.007633587786259555,-0.04702372072206473
5,1997-08-31,0.09844637956740644,0.16357970761255758,0.17655442722251924,0.19849316342665801,0.07343166062819151,0.0897529310459031,0.06785411365564031,0.06785411365564031,0.045454545454545414,0.0,-0.17526115072127346,-0.6972677595628416,inf,-0.07212666145426118,0.2150981014092166,0.2367816091954025,0.013318112633181169,0.02331349206349209,0.060975609756097615,0.14685314685314688,-0.1295829834872655,inf,-0.02270926855030364,0.010457516339869244,-0.007633587786259555,-0.02911800619931748
6,1997-11-30,0.06586013573325468,0.08714804154674005,-0.0036341611144761203,-0.003414823438106285,0.09025433863980648,0.06333576464867496,0.10206513105639403,0.10206513105639403,0.08695652173913038,0.0,-0.17470848411741058,2.025270758122744,-0.92,-0.31093322098167264,0.1219794152744631,0.21003717472118955,0.013318112633181169,0.02331349206349209,0.09195402298850563,0.14024390243902451,-0.1295829834872655,inf,0.02283166711699547,0.010457516339869244,-0.007633587786259555,0.09087684220710113
7,1998-02-28,0.08116937046675153,0.002394272164284006,0.10790273556231013,0.1170469589595826,0.07259342320161855,0.08934491825768842,0.1427027027027028,0.1427027027027028,0.15999999999999992,0.0,0.2355663824604141,4.531026252983295,14.5,-0.8474472638336901,0.016585236148502602,-0.055299539170506784,0.03079233946676685,0.02331349206349209,0.06315789473684208,-0.13502673796791453,-0.1295829834872655,inf,-0.007924976885484103,0.02781371280724465,0.0,-0.10263990303603633
8,1998-05-31,0.05942199689319061,0.04850600583358222,0.009327846364883374,0.0017428890128277086,0.07602099952273811,0.059768064228367564,0.03027436140018924,0.03027436140018924,0.1724137931034484,0.0,-0.23777602523659305,-0.248975188781014,0.25806451612903225,-0.07214428857715427,0.01513764467403389,0.2032520325203251,0.005464480874316946,0.007755695588948175,0.07920792079207928,0.13292117465224118,0.08167202572347265,inf,0.01571029157236059,0.008810572687224516,0.0,0.04668094218415431
9,1998-08-31,0.13686313686313678,0.1880927868924276,0.32719488991573803,0.32653629340942314,0.07770455793520048,0.0974450386215091,0.1135598408325682,0.1135598408325682,0.5294117647058822,0.0,1.1244180031039837,-0.5196782533754668,-0.4743589743589744,13.21598272138229,0.2119875036233052,0.0729729729729729,0.01557971014492754,0.007696007696007756,0.0366972477064218,-0.0068212824010913655,-0.007431629013079698,inf,-0.05203827500327707,0.01621958827198999,-0.007692307692307666,-0.10436862646355284
10,1998-11-30,0.10785758829865633,0.11967182890855455,0.08586349905278777,0.08866271444310381,0.11627633512983836,0.07516693737592495,0.18746564046179226,0.18746564046179226,-0.17307692307692313,0.30000000000000004,0.06818458541336914,0.7966507177033493,20.02439024390244,0.007444545730781016,0.17621110254843075,-0.03400503778337538,0.03068141277202985,0.02052505966587104,0.10619469026548688,-0.06730769230769229,-0.2398921832884097,inf,0.007605088495575395,0.036832412523020386,-0.015503875968992276,0.02850014056789418
11,1999-02-28,0.07780876595962449,0.03696629398495,0.05163145982648065,0.05349139800491543,0.08755574282804868,0.05895929500629449,0.04513888888888884,0.04513888888888884,-0.32558139534883723,-0.3076923076923077,-0.3098142026672745,1.0499334221038614,-0.45707656612529,-0.9449555119891422,0.008246351271971486,0.7574967405475881,0.0031152647975078995,-0.0018709073900841087,0.07200000000000006,0.5876288659793814,0.5933806146572105,inf,0.009057225195553631,0.019538188277087087,-0.02362204724409456,-0.015717360850104112
12,1999-05-31,0.1038600322856329,0.1297160823170731,-0.14989014930726807,-0.15218882942225884,0.19522156751957387,0.04818704180701405,0.07331118493909193,0.07331118493909193,0.06896551724137945,0.03703703703703698,0.17109826589595367,-0.4103605066580058,-1.3653846153846154,8.01095890410959,0.07369977816120278,0.08679525222551931,-0.020013802622498408,-0.004217432052483705,0.17910447761194034,0.013914656771799594,0.009396636993076246,0.5,0.08268733850129206,0.02961672473867605,-0.03225806451612912,0.3325233450203076
13,1999-08-31,0.09189444934299673,0.07715229460960016,0.2621308016877637,0.2673464983273983,0.048299521867149364,0.07046992552266462,0.007841518778374024,0.007841518778374024,0.032258064516129004,0.0714285714285714,-0.4855450571146524,6.3326907188102455,-41.33918128654971,-5.888719975676497,-0.33556640788045744,0.1556313993174061,-0.0334507042253519,-0.021176470588235352,0.03797468354430378,-0.019213174748398787,0.07569818716315524,0.6666666666666667,-0.039944730561487285,0.008460236886632666,-0.033333333333333326,-0.15008075860990974
14,1999-11-30,0.10583589379973213,0.12922462614505315,0.18575010447137474,0.1895781003874153,0.08119669131857665,0.06953911354405795,0.1314496314496314,0.1314496314496314,-0.46875,-0.4666666666666667,2.3042763157894743,-0.6887887323943662,-1.0281240939402725,-1.2222775048199517,0.1122593209159155,0.18310691080921448,-0.031693989071038375,-0.0278846153846154,0.0792682926829269,0.13899253731343286,0.23297654292871786,0.4000000000000001,-0.022242574905142032,0.002796420581655523,-0.02586206896551724,-0.050727969348659085
15,2000-02-29,0.010989304574721135,0.00339739071148748,-0.21289867841409693,-0.2194187960775893,0.08669383669383679,0.07267864218729359,0.3235613463626492,0.3235613463626492,0.3529411764705881,0.3125,-0.8995354239256679,-0.6069273473328506,-1.7783505154639174,-1.530218242865137,-0.05351444466408739,0.14228657014478266,0.03950338600451464,0.06231454005934722,0.06779661016949158,0.05896805896805879,0.08367196158108614,0.1428571428571428,0.07493643784290116,0.07083100948131626,-0.008849557522123686,0.2854698094930579
16,2000-05-31,0.044325038537766925,0.06559869171148547,0.009537028745410623,0.01004080509834493,0.05284512726036561,0.055718023703247736,-0.2958709324582992,-0.2958709324582992,-0.3043478260869565,-0.2857142857142857,4.638315441783651,-1.7804728277556032,-2.9205298013245042,-5.791556728232192,0.2709153836973386,-0.2202797202797202,-0.05030763662685478,-0.04469273743016755,0.042328042328042326,-0.2699149265274555,-0.3088460882904381,0.25,0.008091622059006598,-0.04999999999999993,0.0,0.0549848031950968
17,2000-08-31,0.14348372512799745,0.07939304203097475,0.4443606688251209,0.4500680889695869,0.07282574731798762,0.08219857122029461,0.41533980582524266,0.41533980582524266,0.4375,0.6000000000000001,0.5332454598711189,-5.662863886703383,4.458620689655173,-1.3267621145374449,-0.06965442764578833,0.15302690582959633,0.0301067073170731,0.02680311890838216,0.06091370558375631,0.10593220338983043,0.13563501849568427,0.2,-0.061743640405038214,0.03289473684210531,0.0,-0.25561904761904763
18,2000-11-30,0.04951020889885527,0.049442792346279685,-0.05966345268070994,-0.06113632806385971,0.08402749461175517,0.10230640728566033,0.06352037316504311,0.06352037316504311,0.04347826086956519,-0.08333333333333326,0.21109943643136875,-0.4797941449422087,-0.6096020214782059,-2.98685540950455,0.1487546998410254,0.1648031113271755,0.012948575656677841,0.02420503084954917,0.08133971291866016,0.09770114942528753,0.026927252985885053,0.16666666666666674,0.03290339563042899,0.0079617834394905,0.017857142857142568,0.1177712384851588
19,2001-02-28,0.13015181332583636,0.10432111133373413,0.32315579792966065,0.3307548679647907,0.0772186248958866,0.04920437046271165,0.07997936016511864,0.07997936016511864,0.04166666666666674,0.09090909090909084,0.5998107106238662,1.9798897178073305,-0.9983818770226536,-0.6761662425784563,0.04193392496265713,0.03297161936560933,-0.03177501826150475,-0.05004633920296575,0.07522123893805333,-0.04450261780104725,-0.042715161767815535,0.1428571428571428,-0.04689092762487268,-0.031068983675618837,-0.02631578947368407,-0.17014822869570198
20,2001-05-31,0.004937872361596485,-0.06159229340360273,-0.20353414447543128,-0.20615353778312284,0.07516690361576006,0.057077625570776336,0.02388915432393701,0.02388915432393701,0.040000000000000036,0.04166666666666674,-0.90278051666338,0.2997169914008926,-213.0,-12.365636458878994,-0.4574241561781882,-0.04888888888888887,0.03960769520935492,0.039512195121951255,0.06995884773662553,-0.1150684931506849,-0.08239452175833895,0.125,0.0699197860962566,0.04510869565217401,0.0,0.1821034482758621
21,2001-08-31,0.06781895143323924,0.10689953597996604,0.0625,0.06277616462567859,0.06914630374265385,0.04639220699078761,0.01551563229118069,0.01551563229118069,0.0,0.0,6.4401622718052725,-0.9253381349189732,-1.1981132075471699,-1.5921095082269443,0.4991840223811004,-0.00679694137638065,-0.029390420899854882,-0.015954950727358086,0.05769230769230771,-0.0722394220846233,-0.11121810303322087,0.16666666666666674,0.0012495314257152668,-0.01716068642745705,0.0,0.04150987427437936
22,2001-11-30,0.02903489403132986,0.05841449923893971,-0.08005482807897579,-0.08101446262584266,0.05608916405086006,0.03222477305756222,-0.01079839172889141,-0.01079839172889141,0.0,0.0,0.19554252998909494,2.016825574873808,64.02380952380952,-0.2658986533821126,0.2444340771842521,-0.2964071856287425,-0.040373831775701086,-0.028135431568907958,0.058181818181818334,-0.3348164627363737,-0.30390032502708564,0.1428571428571428,0.0262074129539498,-0.01904761904761898,-0.009009009009009028,0.1517196952722384
23,2002-02-28,0.04849600982197666,0.08155599214145393,-0.0977998985544002,-0.09901438035223786,0.08010026229822564,0.027709196270072844,0.2445708976890024,0.2445708976890024,0.23076923076923084,0.24,-0.6700302149250328,-1.3169734151329244,-1.072134749176126,-0.18460396564521264,0.16016161952763786,0.3908814589665655,-0.0015582391897156491,0.02944062806673209,0.07560137457044669,0.31438127090301005,0.3490272373540857,0.08333333333333348,0.030159309254529813,0.02696871628910457,0.0,0.2004328688504657
24,2002-05-31,0.10194873557785278,0.15108117534222698,0.2943884184265082,0.30095764140454073,0.06722337410359325,0.040681398534754935,-0.034058038630213734,-0.034058038630213734,-0.03125,-0.06451612903225812,3.5782653766413266,-20.07214076246334,-1.6040609137055837,-1.7981794538361509,-0.1101895734597157,0.03452797202797209,-0.018337885290674927,-0.012869399428026562,0.06070287539936104,-0.03816793893129777,-0.033746755119700045,0.15384615384615374,-0.03151930114508317,0.011554621848739456,-0.018181818181818188,-0.11520774669286706
25,2002-08-31,0.05975569333957265,0.0861123209675485,0.0979450009501317,0.09996691662990732,0.051397676974719975,0.031383547008547064,0.07882534775888718,0.07882534775888718,0.032258064516129004,0.10344827586206916,-0.36348541454394506,-0.4150931791623101,20.798319327731093,-0.22662104920169435,-0.09577129483920432,-0.24123362906632875,0.0007949125596184993,0.003380009657170557,0.05120481927710863,-0.2843915343915343,-0.2689552238805971,0.10000000000000007,-0.0078010726474889705,0.030114226375908663,-0.02777777777777779,-0.012592728271819896
26,2002-11-30,0.024819351366766274,0.04806379058833099,-0.11494622326616387,-0.1159707253496416,0.05676231592509296,0.01391021253768887,0.03295128939828085,0.03295128939828085,0.0625,0.03125,-0.2642437896484259,-0.12139852786540485,0.4271395528141866,0.6859068885611965,-0.1785626631562507,-0.011692650334075738,0.007942811755361491,0.013474494706448459,0.057306590257879535,-0.059149722735674766,-0.0706410779910166,0.09090909090909084,0.031081081081081093,0.04233870967741949,-0.02857142857142858,0.18554932059546456
27,2003-02-28,-0.024070159375603084,-0.07103525145148137,-0.07886356017432118,-0.08156842731989455,-0.013582088754137469,0.03360516665754476,0.05296463245492378,0.05296463245492378,0.0588235294117645,0.06060606060606055,-0.3427074939564867,-0.10478128179043744,2.983252296056186,1.6926152692740222,-0.5853161668839635,0.09070422535211264,-0.005910165484633523,-0.0047483380816714105,-0.0027100271002709064,0.03143418467583503,0.02065026362038669,0.11111111111111116,0.010842368640533671,0.00290135396518365,-0.009803921568627416,0.011461430136128879
28,2003-05-31,0.1192582917900702,0.18096619568656247,0.3226276044036029,0.3285176267209977,0.08290734044917625,0.04326184802753509,0.1746110150654483,0.1746110150654483,0.1944444444444444,0.17142857142857149,2.945200441338728,-0.4488636363636364,-1.0410280754102808,-2.1388463501786625,1.6074539857208356,0.08316115702479343,0.04082441537851755,0.04055343511450382,0.07880434782608693,0.08571428571428585,0.04950495049504955,0.09999999999999988,-0.032531824611032656,0.05448408871745425,-0.00990099009900991,-0.11105309974088252
29,2003-08-31,0.05252366708303202,0.07333235610774412,0.007314668317626394,0.007853889766706867,0.06239331214176658,-0.12494501404256765,-0.054737874964956516,-0.054737874964956516,-0.06976744186046502,-0.04878048780487798,-0.31751654703085674,0.0496058217101274,-4.290909090909091,-0.5388125993235809,0.2843147106109325,0.36528373867429664,0.0,0.0036680421824852867,0.052896725440805925,0.2649122807017543,0.2493847415914685,0.09090909090909084,0.00938109161793377,0.058070416095107324,-0.05000000000000005,0.06495399273454994
30,2003-11-30,0.048551875983275934,0.05912021361262454,-0.11135898019576597,-0.11661363950753913,0.08165236607626669,0.14570483942692514,0.031215244309334974,0.031215244309334974,0.024999999999999908,0.0,-0.24691526658471066,0.7587242893459671,-1.2667001506780513,-0.8364552040996642,0.036204670813284816,0.07789032483409009,-0.007616146230007614,-0.0022841480127911984,0.08133971291866016,0.023578363384188616,0.026920551543007317,0.08333333333333348,0.03162341581170791,0.02549697493517722,-0.03157894736842093,0.1989296729783281
31,2004-02-29,-0.19998808619636926,-0.24484550980209074,0.10891951431938107,-0.058200229669067786,-0.25252006028977425,0.03567511011357305,0.05960598216853619,0.05960598216853619,0.09756097560975616,0.10256410256410242,-0.3866989117291415,-4.052562417871222,-138.04331450094162,-9.733657482441924,-0.3051512920701437,-0.1908619572261828,0.06446661550268606,0.050824175824175866,-0.20796460176991136,-0.2520325203252033,-0.22250639386189264,0.0769230769230771,-0.06575406575406584,0.02697008006742508,0.021739130434782483,-0.19817364045250094
32,2004-05-31,-0.04834326135517497,-0.11917449289015812,0.2942480942480943,0.3453693953333703,-0.13477475377352988,0.0363200860341204,-0.003392820791205841,-0.003392820791205841,0.04444444444444429,0.046511627906976834,1.6476735015772868,-0.6944037882049074,-0.4817232375979113,-1.2066683162192255,0.09076091385727092,0.09211053263916713,0.07534246575342474,0.04880174291938988,-0.1089385474860336,0.3804347826086958,0.03824013157894735,0.0714285714285714,-0.09079524107701943,-0.011899876897825236,0.06382978723404252,-0.3452957674655788
33,2004-08-31,0.12438139389315972,0.03444633844714051,0.16693438994788326,0.1902819831510432,0.10832255630994723,0.06418238993710701,-0.000136174848505477,-0.000136174848505477,0.0,0.0,-0.15004840271055175,0.060290181715734636,-1.0144769985416944,10.501945525291829,0.9570631599920304,0.11954528786211972,0.08950720750921892,0.050270045700041566,0.08463949843260199,0.2559055118110236,0.09267326732673276,0.08333333333333348,-0.014325068870523316,-0.043604651162790664,0.10000000000000007,-0.1309187680524454
34,2004-11-30,0.2276635627829701,-0.1497143743376328,0.06067511968308836,-0.07695502448647618,0.29401504746393115,0.09427912886735036,0.116581545795029,0.116581545795029,0.1063829787234043,0.0888888888888888,-0.4624145785876993,-4.197688322040653,14.23992673992674,-1.7343083168522953,-0.35909900738101297,0.07599082869308882,0.0676923076923075,0.02768987341772133,0.28612716763005785,-0.008359456635318674,0.038419717288872716,0.07692307692307687,0.054080491894913374,-0.014763352149370412,0.04545454545454519,-0.07883042682699137
35,2005-02-28,0.06042731681740721,0.05759233926128584,-0.05408951952471597,-0.07733408323959501,0.09772455089820364,0.032526362691222444,0.04714277001890599,0.04714277001890599,-0.3076923076923077,-0.3061224489795917,-0.5101857887874837,-0.5964310939382609,-0.9394303569282538,-0.5404351832163867,-0.2574957309082244,0.07579908675799096,-0.04495677233429396,-0.04618937644341792,0.09213483146067424,-0.16332982086406744,0.01675392670157061,0.0714285714285714,0.035264483627204024,-0.015866020273248127,-0.034782608695651966,0.14626236419652971
36,2005-05-31,0.03690575618882175,0.11097457566219693,0.08533926856411123,0.12175149852687195,0.02331292543201013,0.0375300763678208,0.138672102504368,0.138672102504368,0.13888888888888884,0.1470588235294117,6.411745133921144,-0.4919442013692283,-21.039682539682538,-2.9480259099321406,0.6755629245333477,-0.1392190152801358,-0.0377187688593843,-0.02461662631154149,0.028806584362139894,-0.21158690176322426,-0.1754205286646069,0.06666666666666665,-0.013189909079267648,0.020600089565606883,-0.04504504504504503,-0.009619465270901184
37,2005-08-31,0.11969959114238482,-0.09995407532939626,0.11554182175714578,0.15356748238448015,0.12093719427047178,0.043167553124448636,-0.04623804408981636,-0.04623804408981636,-0.07317073170731703,-0.05128205128205132,-0.29271413180104144,2.4134751773049645,-0.9160396039603961,-1.1266328873406697,-0.05105656281920323,0.12590401051939515,-0.056444026340545676,-0.04178733967728586,0.1080000000000001,0.09424920127795522,0.051207327227310584,0.08749999999999991,0.0011679211004411716,0.007020623080298494,-0.04716981132075471,-0.21979002999571484
38,2005-11-30,0.034394251990481406,-0.03940408773392357,-0.06294305032673975,-0.12437779696945905,0.06322825130171418,0.08320949170563141,0.029388105325253374,0.029388105325253374,0.05263157894736836,0.027027027027026973,-0.6174034464155373,-0.3977323320768158,-0.4469339622641509,1.6214442013129102,-0.14104310678305332,0.0356204379562044,-0.033898305084745665,-0.022020725388601003,0.06317689530685923,-0.06569343065693423,-0.01544554455445546,0.057471264367816126,0.027867790019442614,-0.010021786492374727,-0.00990099009900991,0.09707538102430324
39,2006-02-28,0.09743464206830944,0.1776231623835709,0.13423450055091246,0.1909296320206584,0.08782712411422168,0.04473866196711795,0.002448554311018425,0.002448554311018425,0.0,0.0,1.6035998672859986,-0.3872652900300626,-7.411513859275052,-3.6087526830431673,0.4283644338274166,0.12348463490273474,-0.04334365325077394,-0.04150110375275951,0.08149405772495766,0.05781249999999982,0.08326629123089302,0.05434782608695653,-0.008827238335435084,-0.023327464788732488,-0.02000000000000001,-0.0111806424697537
40,2006-05-31,0.1058913887677817,0.18125623383966416,0.16269013884281858,0.1906461279004985,0.09043006036840208,0.054983184754177065,0.09323355160586222,0.09323355160586222,0.07499999999999996,0.07894736842105265,0.42174010003504403,0.05018901311027113,-1.449285001662787,0.3363806737669699,0.4007786368371991,0.08130489335006286,-0.06472491909385114,-0.06402579456471669,0.08634222919937208,-0.001477104874446078,0.0527292981804679,0.061855670103092786,-0.013994910941475648,-0.03515096890491198,-0.030612244897959218,-0.007889629567125134
41,2006-08-31,0.04800782978021157,0.1131667545095678,0.004024657394671172,0.0028960946985026052,0.06077400351335838,0.06477761473460507,0.11442289408632812,0.11442289408632812,0.09302325581395343,0.14634146341463405,-0.2661393326909718,-0.7441985142069388,2.8786084381939303,-0.16660965932412095,0.23844241759962426,0.03225806451612878,-0.013071895424836666,-0.009350393700787274,0.057803468208092575,-0.04881656804733725,0.018694885361551842,0.058252427184465994,0.012258064516128986,0.0,-0.010526315789473715,0.10997235806931747
42,2006-11-30,0.04664412503171289,0.07447579476277899,-0.056931195453622914,-0.08115912787985025,0.07509869301454186,0.03483310523114347,0.015015143113082718,0.015015143113082718,0.042553191489361764,0.0,-0.2993282442748092,1.4721556886227547,-0.4982824427480917,-0.4940283193104864,0.09741681087958033,0.08970323741007191,-0.020646669263731817,-0.015399900645802432,0.07513661202185795,0.02954898911353032,0.02319944598337953,0.05504587155963292,0.027151051625238898,0.005604857543203945,-0.021276595744680767,0.16938048350637902
43,2007-02-28,0.022127028241268,0.041898423975359256,-0.02522328634456039,-0.03890756879160096,0.033537763371150664,0.06825800644740587,0.11288085732296692,0.11288085732296692,0.10204081632653073,0.1063829787234043,0.09643962173704623,-0.1142061281337048,5.693039178394827,-0.9785042180402336,0.0019081633387818546,0.19764802970909834,0.017899761336515496,0.02724520686175591,0.03684879288437104,0.11480362537764345,0.1353637901861251,0.0521739130434784,0.011169024571854091,0.02554575011611715,0.0,0.08407050651988746
44,2007-05-31,0.04990963806159332,0.0835775290984968,0.0255668646369196,0.030229901470798293,0.055442369742923166,0.04094125334227483,0.07907556361164603,0.07907556361164603,0.07407407407407396,0.0769230769230771,1.0252384737678857,0.4140005468963632,-0.5589338486019549,123.16226415094341,0.23647065587673025,0.09354005167958657,0.022665103556076538,0.03683693516699416,0.055147058823529216,0.05420054200542013,0.01192250372578263,0.09917355371900838,0.005277368679430738,0.026268115942029047,0.010869565217391351,0.05177103481624768
45,2007-08-31,0.0198478455166613,0.0049904611695921215,0.23182493380120994,0.25646250017325745,-0.026967467402027826,0.06984926698327487,0.07492563429571297,0.07492563429571297,0.0862068965517242,0.05357142857142838,0.11561181434599165,0.3614387932701606,4.955418116222137,-1.0975898854207824,-0.01866372170071784,-0.0412728418399495,0.03744745892243029,0.03552818569398375,-0.02206736353077809,-0.09125964010282772,-0.11251840942562608,0.09022556390977443,-0.0459040410206325,0.016328331862312414,0.021505376344086002,-0.20013792707106126
46,2007-11-30,-0.011616229116945155,-0.04260656595279233,-0.1819921530247556,-0.2838389409817981,0.036019066186836035,0.03584442454374215,-0.04287667665060557,-0.04287667665060557,-0.031746031746031744,-0.016949152542372947,-0.7603349400133694,-0.6803977272727273,-0.49422327996538296,3.3326066645904704,-0.08240046436144377,0.06720341767992123,0.026887661141804745,0.03110704483074112,0.04394299287410909,0.09052333804809054,0.0073016926651179315,0.08275862068965534,0.04824056301983369,-0.002171081198436786,0.03157894736842115,0.3368300043109642
47,2008-02-29,0.015906008893765478,-0.022332054259234013,0.08980686236807256,0.12053296364756627,-0.0004079669098746575,0.04518725544997215,0.003163372903840278,0.003163372903840278,0.0,0.01724137931034475,1.2888285378743394,5.3691111111111125,0.4498866407152329,1.2672512938470386,-0.20359923058055016,-0.10023094688221712,0.010401721664275554,0.007985803016858917,0.0068259385665530034,-0.13748378728923472,-0.14431630971993414,0.07643312101910826,-0.01611328125000011,-0.02045256744995649,0.030612244897959107,-0.12748575728259706
48,2008-05-31,0.08346453698421752,0.15681285088870633,0.1181348572324763,0.161399408894082,0.0751201398505712,0.05106319257262658,0.10341787603417883,0.10341787603417883,0.11475409836065588,0.10169491525423746,0.8795176859186096,-0.5115662398381076,-0.9632383312680708,-2.377496671105193,0.352155940995299,-0.07392197125256672,0.012424565140220169,0.0061619718309857685,0.07344632768361592,-0.07969924812030083,-0.10165575664227956,0.10650887573964507,-0.007692307692307666,-0.015992892047978602,0.01980198019801982,-0.003973142786743765
49,2008-08-31,0.030677753714500437,-0.1416425410745069,0.06778234608270295,0.09634732381696363,0.021390186582638915,0.042795405667609636,0.03202015856431695,0.03202015856431695,0.02941176470588225,0.04615384615384621,-0.32249313245405997,4.150939352810915,11.091492776886037,-2.12414554995512,-0.2927728392545661,0.11511456023651155,-0.008765778401122026,-0.006124234470691103,0.034736842105263184,0.037581699346405095,0.07329618516930991,0.09625668449197856,-0.00900225056264059,-0.019413092550790045,0.01941747572815533,-0.2170753579269613
50,2008-11-30,-0.07749534288934977,-0.11444506508956474,-0.10003037692010874,-0.12841966618444067,-0.07159844544558093,0.012523827802247034,0.05958194378275361,0.05958194378275361,0.0714285714285714,0.07352941176470584,0.0013095597864409836,-1.2202390858157208,2.1194743130227,-1.1201809880637963,0.04975166545183329,-0.20331400165700086,0.04457021577644138,0.03829225352112675,-0.06714140386571721,-0.22992125984251965,-0.23202875399361025,0.08780487804878058,0.006434519303557984,0.011970534069981607,0.01904761904761898,0.016035388443461418
51,2009-02-28,0.017539034596308678,0.08872656885734509,-0.01880148514399871,-0.02006664106724798,0.0267572846088342,0.005847126554950233,-0.028944780103976383,-0.028944780103976383,-0.013333333333333308,-0.0273972602739726,-0.10314386317907442,-1.4030602606888736,-0.5818971020043406,0.4398637137989778,0.06824053739826885,-0.14455074875207974,0.027091093802912303,0.026706231454005858,0.031624863685932425,-0.08179959100204492,-0.1929277171086844,0.08071748878923768,0.009025949605114604,0.010919017288444131,0.01869158878504673,0.1110204081632653
52,2009-05-31,0.11309442826952565,0.2309362699571005,0.09766823481284526,0.07914196508702953,0.11683385657652455,-0.013766273587918931,0.11520763999421213,0.11520763999421213,0.10810810810810813,0.11267605633802825,0.8791889845480805,-0.502733947820653,-0.6254452926208651,5.9572882158069085,0.4444402454878011,0.11937758327255032,0.021430926475436873,0.02436003303055312,0.11099365750528524,0.08463251670378624,0.070876288659794,0.08298755186721984,0.003354453969437232,0.03240324032403241,-0.009174311926605559,0.1406878695636964
53,2009-08-31,0.03182314499437755,0.07574902901982195,0.12065592099133515,0.1638827718689968,0.010658928416477087,0.006963021497923938,-0.05869835997508821,-0.05869835997508821,-0.07317073170731703,-0.06329113924050632,-0.024906730338755456,0.5950361294376374,3.947146739130435,-0.5712973827865926,0.13190763483002033,0.13705473501303225,-0.00032278889606207617,-0.0012091898428052696,0.0076117982873453735,0.022587268993840004,0.08243080625752097,0.07662835249042144,-0.02055473006438835,0.015693112467306092,-0.01851851851851849,-0.07573155021164346
54,2009-11-30,-0.004559834601358004,-0.012851942152900751,-0.2114384617710191,-0.28715920413031004,0.0500929458957049,-0.0014087043779187347,-0.003611402106191708,-0.003611402106191708,0.013157894736842035,0.0,-0.6137953199369461,0.3271617096710655,-0.511438850896707,-0.9388710381213059,0.0071237056213018235,0.23381088825214905,-0.04423635776557955,-0.032687651331719136,0.05382436260623225,0.2248995983935742,0.209005002779322,0.07117437722419928,0.0549936788874843,0.0047210300429183505,-0.03773584905660377,0.3847940795805263
55,2010-02-28,-0.026692582308607715,-0.0076565999688729125,0.07123345441998219,0.11632076803614287,-0.04611944470325169,0.01312780608465447,-0.0006640289959328749,-0.0006640289959328749,0.0,0.0135135135135136,0.7791955617198336,-0.6567230632235085,1.855809770082636,-9.608695652173912,-0.0608920366655803,0.06750270939773961,-0.017905405405405306,-0.014601585314977015,-0.03673835125448033,0.013114754098360716,0.06390804597701161,0.06644518272425247,-0.020011983223487184,0.009397693293464291,-0.019607843137254943,-0.11105253067484656
56,2010-05-31,-0.01420217890637354,0.007255394665512061,0.04956829060976165,0.07764104769252178,-0.02840956660061955,0.019201302128038392,0.07029541238683246,0.07029541238683246,0.07792207792207795,0.08000000000000007,0.5745912958260948,0.9995676610462604,-0.1425337585134443,-2.516508367254636,0.09833084874996943,0.042929659173313935,0.004815961472308228,0.0046570702794241905,-0.0213953488372094,0.08252427184466038,0.02895419187554005,0.07165109034267902,-0.014428955734898554,-0.008463817181548872,0.010000000000000007,-0.06532053701407238
57,2010-08-31,0.0659699197142456,-0.10250247946193136,0.2122415924299903,0.2824617406816261,0.03076670564822215,0.04948815041702792,0.016374359770293445,0.016374359770293445,0.024096385542168752,0.024691358024691246,-0.006294556976349397,12.464216216216213,-0.09515392208626984,-2.4401033899990057,-0.12892890041964644,-0.0006953135864274929,0.019513865114686668,0.015592077538980176,0.03041825095057038,0.020926756352765308,-0.007139857202855816,0.06686046511627898,-0.033002481389578064,0.0,0.01980198019801982,-0.30016440252660714
58,2010-11-30,0.02295813889992049,0.05185464557129117,-0.1782886316648148,-0.2174676964749808,0.07991942771384107,0.03004743393130993,0.05879208979155528,0.05879208979155528,0.058823529411764726,0.06024096385542178,-0.6842180182488505,-0.8711941161356629,-0.7723259590014208,-1.2281513185144275,0.033769113267021256,0.14806568327303093,0.027871054398925343,0.02448132780083001,0.08025830258302591,0.11420204978038062,0.11505922165820648,0.06267029972752036,0.05568385937900944,0.008109261630388387,0.01941747572815533,0.3441724365314869
59,2011-02-28,0.035885272676814184,0.0701270016565434,0.0687554022713075,0.06800215174478441,0.028806136855414444,0.02507949148532229,0.08781038917333728,0.08781038917333728,0.0888888888888888,0.07954545454545459,1.2672646952758746,-0.0759256950504924,4.170603967015824,-0.8859304084720121,0.0037261985362069257,0.2004848484848485,0.030055537406076693,0.029971648440664245,0.03330486763450025,0.11169513797634688,0.14908952959028832,0.05897435897435899,-0.006806028196402414,0.027095681625741053,0.0,0.0019622872911237987
60,2011-05-31,0.002285270909277326,0.0001273236567354008,0.042527806026440684,0.06515050313707893,-0.006718178674888553,0.03384468150983766,-0.042935431122110734,-0.042935431122110734,-0.04081632653061229,-0.03157894736842093,0.2826808755989423,-0.0052617377226119606,0.16855240188789036,6.377984084880638,0.027389773762339642,0.05452342487883666,-0.0034887408817001475,-0.0023594180102243234,0.0,0.020094562647754215,-0.006272697259821602,0.06537530266343827,-0.0090553108174255,-0.006183017312448524,0.0,-0.06101777900180549
61,2011-08-31,-0.039716285122934784,-0.08482696237729903,0.09261563512911496,0.12485993605888335,-0.07079073005589454,0.04515184021519536,-0.05612892798596203,-0.05612892798596203,-0.04255319148936165,-0.0652173913043479,0.08718902580795174,-0.11338668113386685,0.6511010291025783,-5.8504404098508,-0.12931067533114804,-0.09392952891612416,0.0031826861871420147,0.004729996058336683,-0.0570247933884297,-0.09385863267670924,-0.12192691029900338,0.06136363636363629,-0.032353667572240015,-0.0236416424720034,0.02857142857142869,-0.18641029819129865
62,2011-11-30,0.00922669749330729,0.05268148039682252,-0.10622697747659082,-0.12924156712939694,0.04110538288935306,0.023491838552873512,0.11409001956947162,0.11409001956947162,0.12222222222222225,0.15116279069767447,-0.2193612774451098,2.220743460302891,-0.8188459218551035,-1.44728162176185,0.06642815862619368,-0.01194124484835668,0.026015228426396145,0.02118477834444854,0.04206836108676604,0.04731457800511496,-0.020052970109723844,0.05781584582441113,0.0316488004083717,-0.008496176720475757,0.03703703703703698,0.2088924494292008
63,2012-02-29,0.00047927222964072586,0.015565393081815591,-0.05773904562650911,-0.04814181211364277,0.014279455221724024,0.01487925557908465,0.026392060425083352,0.026392060425083352,0.029702970297029733,0.03030303030303028,-0.20179347627570587,-0.7819891707039043,2.017819706498952,-1.7254950700140856,-0.04519132508232093,-0.032299465240641645,0.015151515151514916,0.016135228582405015,0.018502943650126055,-0.07081807081807068,-0.0610038610038609,0.05465587044534415,0.01373082632360223,-0.0197086546700942,0.03571428571428559,0.06693174287607695
64,2012-05-31,0.04623966593554929,0.12552519030122888,0.11964106844741228,0.17086025536419158,0.030075879005337924,0.014746377356787075,0.02639798057587805,0.02639798057587805,0.02884615384615397,0.029411764705882467,0.7489303283377189,0.3549019607843138,-0.5869276505322518,-5.971676564641387,0.2353106520070487,0.07526525198938994,0.02375875723423704,0.02230623818525501,0.040462427745664664,0.05519053876478308,0.055509868421052655,0.05950095969289815,-0.015375228798047647,0.0021853146853145766,0.01724137931034475,-0.03872670807453426
65,2012-08-31,-0.0005413818772416201,-0.08996181870731224,0.05774865245688976,0.06578773895847068,-0.014493581210094475,0.02645432032860296,0.011650687786577851,0.011650687786577851,0.02803738317757021,0.00952380952380949,-0.2533851407041092,3.339282842900788,2.6276401048622446,-1.907056877699164,-0.17278256684023985,0.010175763182238562,0.02469503124070216,0.02847633136094685,-0.00952380952380949,-0.028642590286425795,-0.0233735878457344,0.05615942028985521,-0.01400421365720661,0.02180549498473616,0.008474576271186418,-0.14612476981229594
66,2012-11-30,0.025517796765219813,0.06994066025908907,-0.11655001797306153,-0.1576571004453241,0.062015630205843664,0.01647862161290159,0.02534044788726586,0.02534044788726586,0.0181818181818183,0.04716981132075482,-0.11272319472918745,-0.7631364411176166,-0.6626943005181347,-1.5487514562123286,0.1146188188993038,-0.02370777370777366,-0.0005807200929150991,0.004314994606256617,0.06330128205128194,-0.014102564102564052,-0.07100119664938176,0.05317324185248706,0.03557063851181508,0.004268032437046543,0.0,0.2701853953840332
67,2013-02-28,-0.058829313793800964,-0.11087468676377764,-0.020304285041845227,-0.0054545645264494355,-0.06706245215366069,0.009465381244522451,-0.10508549498683917,-0.10508549498683917,-0.0892857142857143,-0.0990990990990992,-0.08361639939963661,-0.375,3.0575632629962004,-3.7412774598486247,-0.2818918713694521,-0.030953621677957236,-0.012783265543288793,-0.013605442176870652,-0.06254709871891484,-0.08842652795838757,-0.058394160583941535,0.050488599348534224,-0.008738924626775058,-0.02762430939226524,0.008403361344537784,-0.10598433171487287
68,2013-05-31,0.09754350142840518,0.2654158510828961,0.0752699555367351,0.10898294537668883,0.10254212507767102,0.007180300634025194,0.19820831181661025,0.19820831181661025,0.1862745098039216,0.2,1.0815697599241414,0.12941176470588234,-1.0221566908424324,-2.540876797198558,0.604868022787052,0.027425252742525164,0.008828722778104758,0.01343012704174229,0.11897106109324773,0.09557774607703284,0.032375740994072144,0.054263565891472736,0.004530427329496822,0.013111888111888126,0.0,0.14103888315063462
69,2013-08-31,-0.06137788475922379,-0.11678811845993198,0.12402965745488136,0.12465524128354866,-0.10195776816749512,0.02198375680876752,-0.045065302527779294,-0.045065302527779294,-0.02479338842975209,-0.05000000000000005,-0.21127664640901134,0.22185283687943252,-52.94154676258993,-1.5049112264408633,-0.19029892233125656,0.0953627132837851,0.017211201866977888,0.013610315186246336,-0.0969827586206896,-0.02083333333333337,0.057862190812720815,0.051470588235294164,-0.04314968308142364,-0.0012942191544434989,0.01666666666666661,-0.21468200665771187
70,2013-11-30,-0.027584877940645902,-0.11654414307904185,-0.1609104017032974,-0.17369538193534206,0.008939069251484355,0.01661415850928516,0.02386091597661011,0.02386091597661011,0.025423728813559254,0.04385964912280715,-0.2368407235304928,2.81407582078723,-0.4503194307380668,-0.5108197005106898,-0.1149689513647668,0.0343081039755353,0.030111843991970318,0.02720848056537117,0.01670644391408116,0.14494680851063824,0.015448851774530368,0.048951048951048966,0.037452229299363086,-0.0017278617710583255,0.03278688524590168,0.06919759054064101
71,2014-02-28,-0.02561691881792361,-0.1741580031960821,0.09455097321256513,0.11847962911792707,-0.05299457394689566,0.017755353739208342,0.004752961018053671,0.004752961018053671,0.016528925619834656,0.02521008403361357,-0.3018799772957911,0.6545869596233413,0.4304702510315286,2.7702822259577102,-0.4897742226512892,0.018663956389171062,0.053173719376391926,0.0450636394908841,-0.04303599374021905,0.0023228803716610624,0.000822368421052655,0.046666666666666634,-0.027996070726915567,0.0229337948939854,0.023809523809523725,-0.2616588419405321
72,2014-05-31,0.008671717905392562,0.03476615697564167,0.05910748215477835,0.0906487327294354,-0.004609256375880388,0.02127050155551835,-0.017052607484835725,-0.017052607484835725,-0.008130081300813052,-0.008196721311475419,1.3404700896816792,-0.8934781983846397,-0.3180156772943457,-1.3527824383146978,0.3386417389345646,-0.015328798185941015,0.032249537404176465,0.019420671494404074,0.0016353229762877677,0.028968713789107706,-0.06121610517666388,0.04968152866242037,-0.013264274886306104,-0.02749576988155666,0.046511627906976834,-0.05124581979181386
73,2014-08-31,0.005421171676500469,0.04028271200276557,0.05376537736894593,0.0679043935669521,-0.008123927742456405,0.029789308813821025,0.07519599472172622,0.07519599472172622,0.08196721311475419,0.07438016528925617,-0.2494236538765197,2.017808958445764,-0.02410163690956635,-1.0824797126513237,-0.020865234144946117,0.0883382461311717,0.036363636363636376,0.03196641911527287,-0.0008163265306122548,0.0855855855855856,0.086214442013129,0.05703883495145634,-0.013442580975547402,0.0,0.02962962962962945,-0.025865064786774528
74,2014-11-30,-0.02523024311984701,-0.016186567911120053,-0.04788010254387698,-0.05282384457660005,-0.018488226938143004,0.016805983282006217,0.008175862255671573,0.008175862255671573,0.015151515151515138,0.015384615384615332,-0.0018653314820269442,-0.13125894134477822,-0.0590375994574297,-0.5391129032258064,-0.009821443915516648,0.05382987727465083,0.039782554978996736,0.02690863579474345,-0.01715686274509809,0.05497925311203322,0.01974214343271541,0.04477611940298498,0.0068777575914873434,-0.003914745541539699,0.02877697841726623,0.03868107226582418
75,2015-02-28,0.09759481746506847,0.1472864746960103,0.24606823799069355,0.00937238216095615,0.05472327378780895,0.0210816067513886,0.1027210884353742,0.1027210884353742,0.10447761194029836,0.10606060606060597,-0.3034509892086331,2.816694112803623,-0.9891885240137824,-6.979877515310585,0.05931357660433024,0.17380130110031322,0.036834600760456304,0.021023765996343702,0.05320033250207823,0.1946902654867257,0.14342157250098794,0.04285714285714293,-0.03905142415259698,0.01965065502183405,0.0,0.13664687699327804
76,2015-05-31,0.026077691904415667,0.07906003369690517,0.08428815212091667,0.10809633762541404,0.006220184318558086,0.02715987602505332,-0.0030682814377089853,-0.0030682814377089853,0.0,-0.006849315068493178,1.0596707818930042,-0.8098859315589354,92.84552845528455,4.241404535479152,0.2934791513066273,0.0889497092028737,0.03552601421040569,0.017905102954342,0.014206787687450541,0.0337448559670781,0.03973738769868685,0.04636459430979967,-0.0193133047210301,0.02012847965738751,0.0,-0.02620219286885961
77,2015-08-31,0.011805086282201229,-0.0001314863878717487,0.04796091997485963,0.03654376649956981,-0.0014857947875087651,0.028508341125718095,0.012620299956032529,0.012620299956032529,0.0135135135135136,0.02068965517241384,-0.1812109459168283,0.5642553191489361,0.2494498830460019,-0.97155617585485,0.006453655910573453,-0.01344643418158975,0.018813634351482863,0.0020521841102314475,-0.0015564202334630295,-0.027070063694267454,-0.05649717514124286,0.04431017119838865,-0.013129102844638862,0.005037783375314797,0.0,-0.03537390841792632
78,2015-11-30,0.38146743933180494,0.05481730851420563,1.2425507223763574,-0.07904564315352702,0.04925844269202995,0.033333588002047554,-0.035684420429692554,-0.035684420429692554,-0.033333333333333326,-0.03378378378378377,-0.14967703349282302,24.224882118244466,-4.21311293543377,19.838076545632973,0.13361944196231934,0.05178014139226805,-0.009558983271779177,-0.1012287887653599,0.05533904910366316,0.05319148936170204,0.01866854526241646,0.0424300867888141,-0.2404379157427937,-0.010025062656641714,-0.09090909090909084,0.14535177611323016
79,2016-02-29,0.003948168739504432,0.020236996958061138,0.045071077887797406,0.08782655304472109,-0.02996043164822715,0.04174429952976655,0.13004252480613698,0.13004252480613698,0.13793103448275867,0.1398601398601398,0.3102114310633448,-0.9552376159321304,-1.3491135241515035,-1.234435339549779,-0.0276328352243711,-0.06225021194138292,0.019521824961614254,-0.06608072916666663,-0.02215657311669117,-0.11111111111111104,-0.07987551867219922,0.040703052728954685,-0.03375296478744772,-0.007594936708860689,-0.061538461538461535,-0.06214893275557697
80,2016-05-31,0.016903117827552938,0.1700917391955179,0.03052344027945675,0.10469375950641613,0.00480355156009149,0.020245141875683048,-0.014491684252468162,-0.014491684252468162,-0.0060606060606061,-0.006134969325153228,0.04014430045415995,-0.3063764857051076,-0.004611143390488404,-3.4640417838489355,0.07002340583433231,-0.020340953118946133,0.01613597246127374,-0.062042523527361386,0.009818731117824608,0.0017482517482518831,-0.048102217211574594,0.039111111111111097,-0.01189577039274914,-0.009353741496598513,-0.057377049180327926,0.05920855614973286
81,2016-08-31,-0.019070718737217,-0.03588072654359187,0.013046164282339843,0.022702297379410208,-0.04833194459006318,-0.0007304322419747766,1.1608840837962893,1.1608840837962893,1.1829268292682928,1.191358024691358,-0.27707012944115283,-17.30901933541739,1.0032415112148838,2.3402087069949453,0.21858661089651926,0.0847010744182981,0.3286047004022865,0.22928279450018565,-0.030665669409124737,0.07417102966841194,0.054480852743782116,0.047904191616766616,-0.029810815975539695,0.29012875536480665,-0.043478260869565084,-0.05727210307362995
82,2016-11-30,0.02649630431305749,-0.1208229075271613,0.0948662760572363,-0.13901776120346376,-0.03981205339971894,0.002687170847677001,-0.5385985336715036,-0.5385985336715036,-0.5335195530726258,-0.5323943661971829,-0.27018961676851905,-1.5780521223049673,-0.8913122996707936,-2.3453174196382807,-0.2413192240167771,0.015192027224112838,0.0490836653386455,0.012394195888754568,-0.030864197530864224,0.047116165718927634,-0.2399850243354549,0.04081632653061229,-0.06460508174118584,0.003992015968063978,0.009090909090909037,0.021121631463947518
83,2017-02-28,0.014972781540196769,0.05969648153909168,0.03497930401796934,0.13854466435661014,-0.007152016071403367,0.021838972724716577,0.001907393779192912,0.001907393779192912,0.011976047904191713,0.012048192771084263,0.5053900181949798,-0.8285784464230888,3.618504363698592,-0.6745768246884014,-0.10350976409214717,0.021189991619777304,0.020203554610360053,-0.012839653627948587,-0.004777070063694322,0.05352986811481775,-0.006403940886699489,0.03921568627450989,-0.021899347230995958,-0.013916500994035852,0.0,-0.06922883275992286
84,2017-05-31,0.2789385108148299,0.08470817346820136,0.4605389738638301,0.17437196946249878,0.06958822456054993,0.060355898000366885,-0.019427372208064786,-0.019427372208064786,-0.017751479289940808,-0.011904761904761862,0.19896029631555007,16.12451640636194,-2.8514332999864145,-1.3571946256341638,0.04124209049185401,-0.005041031652989414,0.003871351995235362,-0.07471264367816087,0.07599999999999985,0.0,-0.010907288051561824,0.04226415094339631,-0.1636167922497309,-0.024865591397849385,-0.054054054054054064,-0.07636134150739271
85,2017-08-31,0.040721966047478235,0.09698458933016774,0.02789173723991856,0.1043644409792952,0.06091899771207832,0.046526976803793474,-0.08961384413122575,-0.08961384413122575,-0.07831325301204818,-0.09036144578313243,0.0862943612201097,-0.9460347078117679,-1.397371668723525,4.1464023724051815,0.20384154106752075,-0.035819488629668994,-0.2623850489469001,-0.307943772474665,0.06394052044609677,-0.10382916053019142,-0.040601503759398416,0.04055032585083263,0.019305019305019263,-0.2711922811853894,-0.04761904761904767,-0.006686188384577907
86,2017-11-30,0.012231526588198705,0.04308020010943482,-0.048310497361836124,-0.19657550251318745,0.10456841364252778,0.007650577696683314,0.18180749596990875,0.18180749596990875,0.17647058823529416,0.17218543046357615,-0.3898817542284089,-0.5778742538181254,-0.4827088369594413,-0.17502198768689534,0.13969013665004534,0.08817059758034951,-0.0414236879147396,-0.05951818611242321,0.10691823899371067,0.023007395234182267,0.4294670846394984,0.03897007654836472,0.091161616161616,-0.018439716312056653,-0.040000000000000036,0.2982852650714882
87,2018-02-28,0.02928137944725373,0.1055122572667746,0.059106211956153835,0.15404084158415832,-0.009910759490599608,0.01850270856562997,-0.2449878514897909,-0.2449878514897909,-0.2444444444444445,-0.2485875706214689,0.5135992672914316,0.202020202020202,1.5076913091451938,-0.5700683773251967,0.05269608395326508,0.1030939412656522,-0.10027270820222367,-0.12004018081366152,-0.005681818181818121,-0.0040160642570280505,0.08479532163742687,0.037508372404554624,-0.03795417727377914,-0.08140655105973027,-0.04166666666666663,-0.042045110505601
88,2018-05-31,-0.044360173094319055,-0.08993850449194707,0.013292623680558613,0.060592086566251924,-0.12540149324445748,0.013960522744018268,0.4066657884336715,0.4066657884336715,0.4264705882352939,0.4360902255639096,0.3577356125602402,-0.06478227654698243,0.7221373848224455,-2.75861479264643,-0.08803311246939582,0.02275388139475698,0.03404056889717877,0.028538812785388057,-0.11365079365079354,0.02903225806451615,0.07951482479784366,0.03615235635894122,-0.08491700745730091,0.01573151546932361,0.010869565217391351,-0.14194287520246518
89,2018-08-31,0.008723169591208446,0.003039966481227064,0.02489909260769485,0.11800720955746667,-0.01762080798306853,0.017507524028348653,-0.0792416985524309,-0.0792416985524309,-0.07216494845360821,-0.0680628272251308,-0.15381248358574806,3.969776180362686,-0.4072576706018501,-0.7842174356979628,-0.02082971543360823,0.05927732430818256,0.051183765501691125,0.034961154273029926,-0.00931232091690548,0.1951410658307211,0.018726591760299668,0.03987538940809965,-0.02602523659306,0.02116675271037693,0.010752688172043001,-0.10280847145488016
90,2018-11-30,-0.03770482448446477,-0.09220590555932018,-0.0770289643409916,-0.2894715421418688,0.0291100969766116,0.016706085085959055,0.2248230969298055,0.2248230969298055,0.2277777777777777,0.2191011235955056,-0.5643586705039219,-0.7597304404996712,-0.049101143538122116,7.617620549797206,-0.18332111032819964,0.05107362683832162,0.08880308880308885,0.06380697050938333,0.028922631959508394,0.06032786885245911,0.009497549019607865,0.0,0.06936572199730097,0.0348837209302324,0.03191489361702127,0.27762097808795594
91,2019-02-28,0.0725273019714816,0.2474085019032013,0.049416891592035,0.2651442827866244,0.10774395843380292,0.009256626094869658,0.004816361393185975,0.004816361393185975,0.009049773755656076,0.009216589861751112,1.1423575129533678,0.6498837050212067,-0.4558496100259982,-2.2539416917244086,0.28147413398443466,-0.047250782297720166,0.1185973207249802,0.11391129032258075,0.1018973998594519,-0.07359307359307365,-0.10045523520485587,0.07189934092270822,0.032811711256941045,0.09672691744015638,0.010309278350515427,-0.014017753142948952
92,2019-05-31,0.0320185611681687,0.12543112723248595,-0.009221547061548985,-0.03651236027406912,0.0915530898834236,0.027157328223840867,0.08928950910250055,0.08928950910250055,0.08071748878923768,0.08219178082191791,0.61003285164359,-0.15623186002156064,-0.01457833096486505,1.2024939007861208,0.4837749330157786,0.2029277905503684,0.0019373018668544801,0.03665158371040733,0.09119897959183663,0.09145527369826434,0.07456140350877205,0.040245947456679636,0.05767350928641246,0.03786191536748329,0.0,0.16807886589538845
