Unnamed: 0,Quarter end,Assets,Current Assets,Liabilities,Current Liabilities,Shareholders equity,Revenue,Earnings,Earnings available for common stockholders,EPS basic,EPS diluted,Cash from operating activities,Cash from investing activities,Cash from financing activities,Cash change during period,Cash at end of period,Price,ROE,ROA,Book value of equity per share,P/B ratio,P/E ratio,Cumulative dividends per share,Equity to assets ratio,Net margin,Asset turnover,Current ratio
0,1993-12-31,-0.0018975332068311695,0.037484885126964906,-0.03292181069958844,-0.02709677419354839,0.03653355989804585,0.024999999999999908,0.290909090909091,0.290909090909091,0.3023255813953489,0.0,1.6444444444444444,3.270833333333333,7.0,-13.666666666666664,-0.03191489361702127,-0.053662691652470285,-0.004792332268370503,0.09894736842105267,0.036559139784946286,-0.08786610878661083,-0.013355592654424098,inf,0.03850458920976041,0.03727506426735228,-0.017391304347826098,0.06639490207103371
1,1994-04-03,-0.0018975332068311695,0.037484885126964906,-0.03292181069958844,-0.02709677419354839,0.03653355989804585,0.024999999999999908,0.290909090909091,0.290909090909091,0.3023255813953489,0.0,1.6444444444444444,3.270833333333333,7.0,-13.666666666666664,-0.03191489361702127,-0.053662691652470285,-0.004792332268370503,0.09894736842105267,0.036559139784946286,-0.08786610878661083,-0.013355592654424098,inf,0.03850458920976041,0.03727506426735228,-0.017391304347826098,0.06639490207103371
2,1994-07-03,0.03155893536121668,0.04195804195804187,0.0375886524822695,-0.02785145888594165,0.024590163934426142,0.024999999999999908,0.290909090909091,0.290909090909091,0.3023255813953489,0.0,1.6444444444444444,3.270833333333333,7.0,-13.666666666666664,0.4175824175824177,-0.0549054905490548,-0.004792332268370503,0.09894736842105267,0.02697095435684637,-0.08786610878661083,-0.013355592654424098,1.2857142857142856,-0.006898038370338422,0.03727506426735228,-0.017391304347826098,0.07179577310075125
3,1994-10-02,-0.02174714338370809,-0.0005592841163311046,-0.06288448393711554,-0.11050477489768074,0.026399999999999986,-0.12926829268292686,-0.2394366197183099,-0.2394366197183099,-0.2410714285714287,0.0,-0.5378151260504201,-1.024390243902439,-0.5,-3.210526315789473,-0.6511627906976745,0.007619047619047635,-0.004792332268370503,0.09894736842105267,-0.020202020202020332,-0.01834862385321101,-0.013355592654424098,0.5625,0.04927284566963319,0.03727506426735228,-0.017391304347826098,0.12360103308326174
4,1994-12-31,0.00715900527505653,0.005595970900951208,-0.010211524434719177,-0.039877300613496924,0.025720966484801263,0.014005602240896307,0.07407407407407418,0.07407407407407418,0.08235294117647074,0.0,-7.509090909090909,-2.0,0.08333333333333326,-5.011904761904762,7.488888888888887,-0.01512287334593576,-0.004792332268370503,0.09894736842105267,0.07628865979381437,0.0046728971962615145,-0.013355592654424098,0.3600000000000001,0.01841125362019036,0.03727506426735228,-0.017391304347826098,0.04735843549328656
5,1995-04-02,-0.0037411148522259454,0.025041736227044968,-0.03463522476050107,-0.06070287539936104,0.028115501519756947,0.040055248618784615,0.034482758620689724,0.034482758620689724,0.032608695652173836,0.0,-0.5195530726256983,-1.4,-0.1923076923076923,-0.5578635014836795,0.3900523560209424,0.07773512476007682,-0.004792332268370503,0.09894736842105267,0.028735632183908063,0.0,-0.013355592654424098,0.23529411764705865,0.032094251472679185,0.03727506426735228,-0.017391304347826098,0.09130495366822268
6,1995-07-02,0.01389410439354122,0.017372421281216074,-0.016030534351144987,-0.0714285714285714,0.04286770140428686,-0.06640106241699872,0.3666666666666667,0.3666666666666667,0.368421052631579,0.0,-1.8313953488372088,-6.5,0.3333333333333333,-2.073825503355705,-0.3013182674199624,0.010685663401602818,0.013376136971642529,0.09894736842105267,0.04283054003724397,-0.01860465116279076,-0.013355592654424098,0.2380952380952381,0.028537689431214163,0.08798017348203224,-0.044247787610619316,0.09560443068279767
7,1995-10-01,0.15444444444444438,0.05122732123799367,0.2699767261442978,0.5714285714285714,0.04890148830616582,0.021337126600284417,0.10975609756097572,0.10975609756097572,0.10769230769230753,0.0,-1.6713286713286712,-28.09090909090909,-0.0714285714285714,0.425,-0.6145552560646901,0.10396475770925108,0.10559662090813092,0.09894736842105267,0.04821428571428577,0.06161137440758304,0.05499153976311333,0.1730769230769229,-0.09146574818216603,0.14350797266514806,-0.03703703703703709,-0.3310413146087058
8,1995-12-31,0.015078601219120856,0.021827411167512745,-0.02443494196701279,0.0011655011655011815,0.058783783783783676,0.243732590529248,-0.03296703296703296,-0.03296703296703296,-0.02777777777777779,0.0,0.09375,-0.9899328859060402,0.15384615384615374,-1.3157894736842106,0.5034965034965035,0.14046288906624094,0.05539637058261704,0.05651340996168575,0.05621805792163537,0.0848214285714286,-0.0056134723336006545,0.16393442622950816,0.04317607413647862,0.042828685258964105,0.00961538461538458,0.02064459930313589
9,1996-03-31,0.018331226295828174,0.04272230501738705,0.015028177833437796,0.011641443538998876,0.02169751116783658,0.0,-0.26136363636363635,-0.26136363636363635,-0.26428571428571423,0.0,-0.2666666666666667,20.0,-0.2,-1.1388888888888888,-0.046511627906976716,0.05458362491252622,-0.026244343891402733,-0.03082502266545784,0.022580645161290214,0.0,-0.04516129032258065,0.12676056338028174,0.0032303654350898103,-0.028653295128939882,0.0,0.0307245882051721
10,1996-06-30,0.011173184357542,-0.1705574082896617,-0.002467612584824197,-0.006904487917146152,0.024984384759525247,0.04143337066069419,0.030769230769230663,0.030769230769230663,0.029126213592232997,0.0,7.090909090909093,9.571428571428571,0.29166666666666674,6.4,-0.3609756097560976,0.013934970139349634,-0.08085501858736055,-0.08793264733395689,0.026813880126183017,-0.008230452674897082,-0.0016891891891891446,0.125,0.013684846045482145,-0.10914454277286134,0.02857142857142869,-0.16477602053490115
11,1996-09-29,0.0,0.06720275703618618,0.0,-0.03476245654692933,0.0,-0.07311827956989247,0.0149253731343284,0.0149253731343284,0.009433962264151052,0.0,0.0,0.0,0.0,0.0,0.0,0.03992146596858648,0.0,0.0,0.0,0.0,0.0905245346869712,0.12222222222222225,0.0,-0.11147902869757176,0.0,0.10563101021116306
12,1996-12-31,0.012584407612031834,0.0,-0.019789734075448373,0.0,0.04448507007922009,0.03944315545243615,0.02941176470588225,0.02941176470588225,0.03738317757009346,0.0,0.0,0.0,0.0,0.0,2.938931297709924,0.11957205789804905,0.0,0.0,0.03993855606758824,0.0,0.21101629169899128,0.18811881188118806,0.03156640857653348,-0.06335403726708089,0.0,0.0
13,1997-03-30,0.04395271294331615,-0.17115177610333687,0.0725552050473186,0.10084033613445388,0.0175029171528589,0.05022321428571419,0.014285714285714237,0.014285714285714237,0.01801801801801784,0.0,-0.9807383627608348,-0.3798798798798799,0.6129032258064515,5.094594594594595,-0.874031007751938,-0.03147835862844284,0.0,0.0,0.03101920236336797,0.058091286307053736,0.03395259449071108,0.0916666666666668,-0.025404157043879882,0.009283819628647327,0.0,-0.24707464694014802
14,1997-06-29,-0.015389082462253234,0.08701298701298699,-0.059411764705882386,-0.04143947655398039,0.027522935779816567,0.09670563230605732,0.12676056338028174,0.12676056338028174,0.1327433628318586,0.0,2.6666666666666665,-1.3389830508474576,-0.12,-1.3104212860310422,2.1538461538461537,0.02321532211259414,0.0,0.0,0.021489971346704717,-0.007843137254901933,0.0,0.07633587786259532,0.04364139020537117,0.018396846254927768,0.0,0.13397642015005373
15,1997-09-28,0.029784724270126794,0.1278375149342892,0.02313946216385232,0.009101251422070522,0.03571428571428581,-0.04263565891472865,0.024999999999999908,0.024999999999999908,0.015625,0.0,-3.75,0.03571428571428581,-0.3863636363636364,-1.0214285714285714,-0.014634146341463428,0.1735677821894499,-0.13751263902932254,-0.08820512820512816,0.035063113604488105,0.1462450592885376,0.11710037174721187,0.07092198581560294,0.0056764427625355385,0.014193548387096744,0.04629629629629607,0.11767485822306226
16,1997-12-31,0.17153493699885458,-0.10540254237288138,0.3300733496332517,0.45546786922209703,0.031788793103448176,0.11437246963562765,0.012195121951219523,0.012195121951219523,-0.4923076923076923,0.0,-6.140495867768595,-5.689655172413793,-8.11111111111111,-45.66666666666666,0.6633663366336633,-0.004349927501208328,0.014067995310668158,-0.013498312710911177,0.027100271002709952,-0.03793103448275858,-0.0515806988352745,0.06622516556291402,-0.11928504233301973,-0.010178117048346149,0.0,-0.3853417899929528
17,1998-03-29,0.013199706673185041,-0.026642984014209614,-0.008731617647058876,-0.03020914020139432,0.03812010443864233,0.04813805631244317,-0.012048192771084376,-0.012048192771084376,-0.015151515151515138,-0.39252336448598135,-0.9742765273311896,-0.8808823529411764,-1.140625,-1.6865671641791045,-0.27380952380952384,0.062135922330097015,0.0011560693641619044,-0.013683010262257822,0.03825857519788922,0.03584229390681015,0.01754385964912264,0.06832298136645965,0.024567400128177708,-0.016709511568123392,0.0,0.0036688832836504477
18,1998-06-28,-0.011821471652593507,-0.028588807785888126,-0.05795085767269359,-0.08626198083067094,0.03822937625754519,0.0207972270363952,0.12195121951219524,0.12195121951219524,0.12307692307692307,0.10769230769230753,1.3125,-0.9135802469135804,4.037037037037037,0.15217391304347827,-0.4344262295081968,0.012797074954296273,0.0005773672055429112,-0.009248554913294791,0.03557814485387545,-0.02422145328719738,-0.02011494252873547,0.06395348837209314,0.050667222685571334,0.002614379084967311,-0.008849557522123686,0.06313304394181696
19,1998-09-27,0.013916015625,0.016280525986224204,0.0004921259842520788,0.05769230769230771,0.027131782945736482,-0.005093378607809895,0.021739130434782702,0.021739130434782702,0.013698630136986356,0.0277777777777779,1.4864864864864864,8.285714285714286,-0.6029411764705883,-0.7452830188679245,-0.19565217391304346,0.10424187725631764,0.0017311021350259193,-0.005834305717619559,0.02699386503067469,0.06382978723404252,0.07096774193548394,0.06010928961748618,0.013097836872395295,-0.006518904823989535,0.0,-0.039183381088825235
20,1998-12-31,0.1008909222248977,0.15403573629081954,0.1574028529267093,0.2074380165289256,0.046698113207547236,0.2508532423208192,0.021276595744680767,0.021276595744680767,0.027027027027026973,0.0,1.4456521739130437,0.7846153846153847,0.7222222222222223,-1.5925925925925926,0.14414414414414425,0.13649366571311816,-0.0005760368663595418,0.007042253521126751,0.04062126642771835,0.10666666666666667,0.09967141292442472,0.051546391752577365,-0.049363369245837285,-0.03937007874015752,0.044642857142856984,-0.04421084022962807
21,1999-04-04,0.11679790026246728,0.2888414308595835,0.11219719507012328,0.0773442847364818,0.1216764308246958,-0.06070941336971347,1.7604166666666663,1.7604166666666663,1.75,1.797297297297297,-0.6933333333333334,-0.7068965517241379,-0.6881720430107527,-0.625,0.047244094488188886,0.060050341603739676,0.4184438040345824,0.4230769230769231,0.1205510907003442,0.01807228915662651,0.030378486055776976,0.058823529411764726,0.004533278384504458,0.4385245901639345,-0.008547008547008517,0.1963338533541344
22,1999-07-04,-0.022522522522522515,-0.06379453189726593,-0.07680550248376006,-0.1232528589580686,0.034552028927280036,0.001452432824981864,-0.6037735849056604,-0.6037735849056604,-0.6076555023923444,-0.608695652173913,2.5072463768115942,0.2941176470588236,1.4482758620689653,20.166666666666668,0.9548872180451128,0.17333785617367714,-0.03210077204388462,-0.025389025389025432,0.03381147540983598,0.047337278106508895,-0.2170130497825037,0.05555555555555537,0.05825641025641026,-0.014245014245014231,-0.008620689655172377,0.06780987155245466
23,1999-10-03,0.6090963734722501,0.656637168141593,1.0711920529801326,1.6362318840579708,0.17553398058252426,0.6062364031907179,0.7523809523809524,0.7523809523809524,0.12195121951219524,0.12345679012345667,-0.3429752066115702,24.181818181818183,-11.140845070422538,-2.8031496062992125,-0.7346153846153847,-0.059554784619832435,0.05877413937867337,-0.037815126050420034,-0.2537165510406343,-0.09039548022598863,-0.07901234567901227,0.05263157894736836,-0.26943206047683665,-0.026974951830443183,-0.017391304347826098,-0.3716187335897906
24,1999-12-31,-0.03200099613995766,-0.0675747863247863,-0.0801358912869704,-0.050852116547553616,0.04757185332011904,0.8004514672686229,0.7717391304347827,0.7717391304347827,-0.08695652173913049,-0.08791208791208792,2.4339622641509435,-0.9666064981949458,-1.4902777777777778,-1.6812227074235808,2.9130434782608696,-0.1607746695358131,0.23949246629659005,0.1868995633187771,0.04648074369189903,0.1273291925465838,-0.19235924932975867,0.04583333333333338,0.08224993366940825,-0.02772277227722786,0.22123893805309747,-0.017588183849965966
25,2000-04-02,0.042063287882685874,0.08249785161844736,0.04953291331740162,0.06950477845351878,0.031220435193945125,-0.3615847542627884,-0.4355828220858896,-0.4355828220858896,0.09523809523809534,0.0963855421686748,-0.9963369963369964,1.3783783783783785,-1.1473087818696883,-1.217948717948718,-0.12592592592592589,-0.14102564102564108,-0.15099168266154814,-0.18616629874908008,0.03426395939086292,-0.17906336088154273,-0.15767634854771784,0.05179282868525914,-0.01029664133366015,-0.19653767820773926,0.014492753623188468,0.012166172106825137
26,2000-07-02,-0.011603505740032105,-0.04075152156655204,-0.02877251086731525,-0.04738694828053069,0.013761467889908284,0.02788688138256079,0.10869565217391307,0.10869565217391307,0.10869565217391307,0.10989010989010994,222.5,0.4204545454545454,-6.4423076923076925,-2.1470588235294117,0.1652542372881356,0.16417910447761194,0.05877920120572711,0.018083182640144642,0.024539877300613355,0.12416107382550345,0.5546798029556651,0.04924242424242431,0.02551399554124334,0.0012674271229404788,0.014285714285714237,0.006938336753639972
27,2000-10-01,0.027975521418758482,0.04579310344827592,-0.008098891730605295,-0.0383740761796475,0.07903469079939662,-0.043943446694688526,0.4411764705882353,0.4411764705882353,0.4509803921568627,0.4554455445544554,-0.44966442953020136,-0.688,-0.5936395759717314,1.358974358974359,0.3345454545454545,0.06959706959706957,0.0761565836298932,0.11545293072824148,0.07544910179640718,0.04477611940298498,0.011406844106463865,0.04693140794223827,0.0497584541062801,0.09493670886075932,0.021126760563380254,0.0875388198757765
28,2000-12-31,-0.029644028672093262,-0.06330783434450016,-0.10464116888697894,-0.14247709133904818,0.06793402292423822,0.07553956834532373,-0.2551020408163265,-0.2551020408163265,-0.2567567567567567,-0.2517006802721088,0.5284552845528456,0.9743589743589745,3.252173913043478,-3.065217391304348,-0.5177111716621253,0.17945205479452042,-0.14748677248677255,-0.11226114649681518,0.06124721603563455,0.0971428571428572,0.022556390977443552,0.04482758620689653,0.1005522319374137,0.005780346820809301,-0.11724137931034473,0.09236123505265036
29,2001-04-01,0.1165644171779141,0.13939735285834987,0.17782577393808485,0.2450879007238884,0.04973821989528804,-0.006688963210702337,0.09589041095890403,0.09589041095890403,0.09090909090909084,0.08181818181818179,-0.7898936170212766,3.4155844155844157,-1.7443762781186094,-1.5421052631578949,0.5819209039548023,0.006678281068525083,0.008533747090768262,0.03587443946188351,0.047219307450157455,-0.05208333333333326,-0.05392156862745101,0.04620462046204632,-0.05979510767300855,0.0494252873563219,-0.0078125,-0.08487868638183149
30,2001-07-01,0.07198923525454147,0.09639149777558087,0.08924205378973116,0.10520487264673316,0.05087281795511212,0.1081182192293304,-0.054166666666666696,-0.054166666666666696,-0.05833333333333335,-0.058823529411764615,2.6708860759493667,0.2176470588235293,-0.9807692307692308,-2.135922330097088,-0.4178571428571428,0.06143640034612052,-0.03500000000000003,-0.02164502164502169,0.04809619238476959,0.013736263736263687,-0.0006476683937823857,0.04416403785488954,-0.019790971758950282,-0.008762322015334112,-0.015748031496062964,-0.008034279592929905
31,2001-09-30,0.1521966527196652,0.13480613165013522,0.2317620650953985,0.1129759519038076,0.051257712387280385,0.019581363943281586,0.013215859030837107,0.013215859030837107,0.008849557522123908,0.008928571428571175,0.013793103448275891,1.1038647342995171,140.85714285714286,-4.5555555555555545,2.552147239263804,0.1138586956521741,-0.11359107214029507,-0.13451327433628324,0.0497131931166348,0.062330623306233075,0.0887880751782244,0.04229607250755296,-0.08756805807622514,-0.10828729281767956,-0.03200000000000003,0.01961843052555801
32,2001-12-31,0.004902405810258692,-0.028009535160905874,-0.00668185269552013,0.030609948233175862,0.022121896162528243,0.16158940397350996,0.06956521739130439,0.06956521739130439,0.07017543859649122,0.07079646017699126,0.4965986394557824,-0.8610792192881745,-1.459214501510574,-1.3293269230769231,-0.2366148531951641,0.04659673090997797,-0.013039568345323715,-0.04907975460122693,0.024590163934426142,-0.002551020408163241,0.12499999999999978,0.04057971014492745,0.017155643958229886,-0.0396530359355638,-0.008264462809917328,-0.05684024713150927
33,2002-03-31,0.02222422983105976,0.054976497036582916,0.005045100137593739,0.006770037126009987,0.04704063604240272,-0.11031927023945264,-0.06910569105691056,-0.06910569105691056,-0.06557377049180335,-0.06611570247933896,-1.1954545454545455,-0.8760330578512396,-1.0789473684210529,-0.5255474452554745,-0.1470588235294118,0.0011655011655011815,-0.05193621867881548,-0.06666666666666665,0.044444444444444516,-0.023017902813299296,-0.022751322751322745,0.04178272980501396,0.024199462234172568,-0.046451612903225865,-0.025000000000000026,0.04781957701665719
34,2002-06-30,0.045426425099425634,0.03525765207284004,0.040462427745664664,0.05791757049891544,0.05230963931659982,0.12495994873438,0.14847161572052392,0.14847161572052392,0.14035087719298267,0.14159292035398252,-5.930232558139535,16.733333333333334,-5.416666666666668,-0.9846153846153848,-0.002652519893899252,0.17694994179278226,-0.004324843825084135,-0.01382488479262678,0.051063829787234116,0.12565445026178002,0.1927449918787223,0.040106951871657685,0.006682577565632508,-0.004059539918809141,-0.008547008547008517,-0.021345003125837092
35,2002-09-29,0.02206441795587111,0.02750748502994016,0.018859649122807017,0.016608570842731263,0.026458208057726917,-0.06322984904585592,0.019011406844106515,0.019011406844106515,0.023076923076922995,0.023255813953488413,-0.4009433962264151,-0.6165413533834587,-0.6226415094339622,-93.0,0.24468085106382986,-0.09950544015825903,0.001930501930502037,0.015186915887850594,0.03157894736842115,-0.14186046511627906,-0.13163867453472544,0.03856041131105403,0.00426742532005675,0.017663043478260754,0.0,0.010677130863296023
36,2002-12-31,-0.02969396195202645,-0.07157166272081583,-0.06270627062706269,-0.07583703106091166,0.015231400117164506,0.18820310124657946,-0.4141791044776121,-0.4141791044776121,-0.42105263157894735,-0.4166666666666666,1.0984251968503935,-0.8333333333333334,9.883333333333333,-2.4891304347826084,-0.2991452991452992,-0.12412126537785595,-0.1189788053949904,-0.10126582278481013,0.03610675039246458,-0.1517615176151762,-0.1578672242550967,0.03712871287128716,0.046270066100094535,-0.1148197596795727,0.01724137931034475,0.004604966139954979
37,2003-03-30,0.16810161111584687,0.17712828560219696,0.3158297611757501,0.4360541248363161,-0.017503366031929257,-0.12461617195496424,0.4076433121019107,0.4076433121019107,0.4415584415584417,0.4415584415584417,-0.6228893058161351,64.41176470588235,-3.0382848392036754,-4.065693430656934,1.2804878048780486,-0.17356408327062944,-0.0262438490978677,-0.05633802816901413,-0.019696969696969657,-0.20127795527156545,-0.09310986964618252,0.038186157517899666,-0.1588447653429602,-0.0301659125188537,-0.02542372881355936,-0.18029840014380727
38,2003-06-29,0.021163248923593336,0.02566238960173295,-0.0010471204188481351,-0.30653495440729484,0.0585356303837119,0.15024846536100545,0.09502262443438923,0.09502262443438923,0.10810810810810788,0.09909909909909898,0.2786069651741294,-0.9316546762589928,-1.0886551465063865,-0.85,0.08422459893048129,-0.015781487101669267,-0.042672655811341935,-0.0651289009497964,0.05950540958268946,0.0040000000000000036,-0.010951403148528379,0.0367816091954023,0.03648068669527893,-0.051321928460342114,-0.017391304347826098,0.4790570175438595
39,2003-09-28,0.13485314085614242,0.02745735174654751,0.1989284882366644,0.2230988384834538,0.03310523395598297,0.12503176620076228,0.0826446280991735,0.0826446280991735,0.08130081300813008,0.08196721311475419,0.4319066147859921,24.052631578947373,-13.05084745762712,-2.8095238095238093,-0.1405672009864365,0.2306506321307431,-0.028739002932551383,-0.0740203193033383,0.029905178701677526,0.1593625498007969,0.2498269896193772,0.0354767184035476,-0.08954451345755697,-0.07868852459016397,0.0,-0.15998220772481275
40,2003-12-31,0.019080604534005063,0.011068943706514787,-0.0031086069555080753,0.006271277548826282,0.05997135696383826,0.09193584820420142,0.06488549618320616,0.06488549618320616,0.0601503759398494,0.05303030303030298,1.4375,-0.9264705882352942,-1.4177215189873418,-2.4298245614035094,0.2338593974175036,0.05712853921322969,0.10144927536231883,0.053291536050156685,0.058073654390934815,0.027491408934708028,0.05703211517165019,0.03426124197002145,0.04007959067652078,0.07473309608540935,-0.01769911504424759,0.004765687053216894
41,2004-04-04,0.029969721312488318,0.05911792305286201,0.01841746248294673,0.01905270655270664,0.049991555480493055,-0.0153082333471245,-0.035842293906810034,-0.035842293906810034,-0.03546099290780125,-0.03597122302158262,-0.633221850613155,-0.5142857142857142,-0.5757575757575757,-0.9447852760736196,0.010465116279069877,0.0782175871059494,-0.002741228070175405,-0.0014880952380951218,0.04551539491298517,0.01672240802675584,-0.05447878470403345,0.03726708074534146,0.019404208800218647,-0.0298013245033113,0.03603603603603589,0.03935002195871752
42,2004-07-04,0.003719702423806037,0.014323685764914272,-0.0171275476031002,-0.04875065525074263,0.03876467749718504,0.00021008403361344463,0.11524163568773238,0.11524163568773238,0.11029411764705864,0.11194029850746268,0.09726443768996962,0.02941176470588225,-0.7619047619047619,24.66666666666667,0.2658227848101267,0.049901077159815184,0.009345794392523477,0.010432190760059523,0.03393085787451988,0.006578947368421018,0.004432132963988922,0.03592814371257491,0.034852546916890104,0.008532423208191142,0.0,0.06633989689850428
43,2004-10-03,0.02600119545726232,-0.00014558159848598873,0.011292834890965777,0.028104335047759,0.04939609786311562,-0.0014702793530770866,0.07333333333333325,0.07333333333333325,0.06622516556291402,0.0738255033557047,-0.14404432132963985,6.7142857142857135,2.066666666666667,-2.796536796536796,-0.3763636363636363,0.03015075376884435,0.004357298474945592,0.033923303834808134,0.04767801857585163,-0.0032679738562092497,-0.02040816326530604,0.03468208092485536,0.022797927461139844,0.035532994923857864,0.0,-0.02750039625931211
44,2004-12-31,0.02207981357413336,0.06100757134536994,-0.003176742395071264,-0.03984277291406113,0.060793861590674236,0.03134202776609163,0.04347826086956519,0.04347826086956519,0.03726708074534146,0.03749999999999987,1.5987055016181229,-0.8055555555555556,1.2173913043478262,-1.6987951807228916,0.4227405247813412,0.047967479674796636,-0.0010845986984815426,0.028530670470756195,0.061465721040188985,0.0,-0.002252252252252452,0.03351955307262555,0.03799392097264431,0.045751633986928164,-0.017391304347826098,0.10504441365821847
45,2005-04-03,0.02057683538531685,0.0594208865102237,0.014872042491550053,0.038890956457015236,0.02879399081930734,-0.017132367937997106,0.0,0.0,0.005988023952095745,0.0,-0.5541718555417185,-3.8285714285714287,-0.7058823529411764,0.8448275862068966,0.548155737704918,0.006400310318076086,0.010314875135722046,0.034674063800277384,0.0278396436525612,-0.052459016393442526,-0.038374717832957095,0.03603603603603611,0.008052708638360162,0.05156249999999996,-0.01769911504424759,0.01976401179941023
46,2005-07-03,0.0017872102764591171,0.01930051813471501,-0.014083166809401469,0.06412323123768582,0.024337479718766986,0.08196721311475419,0.02678571428571419,0.02678571428571419,0.023809523809523725,0.030120481927710774,-0.4441340782122905,-1.4579124579124578,0.1333333333333333,-1.1364485981308412,-0.04831237590999338,0.029292734630949942,-0.005373455131649664,0.01742627345844494,0.020585048754062862,0.0,-0.02230046948356801,0.034782608695652195,0.02251270878721856,0.010401188707281015,0.009009009009008915,-0.042160833092276584
47,2005-10-02,0.04532530523498912,0.0657008514423687,0.04015056461731503,0.06564551422319465,0.052402323125660066,0.031837360951284976,0.08405797101449286,0.08405797101449286,0.08139534883720945,0.07602339181286566,2.0100502512562812,0.713235294117647,-0.6323529411764706,-5.328767123287672,0.21974965229485388,0.06759033888784892,-0.002701242571582885,0.015810276679842028,0.050955414012738835,0.04844290657439432,0.03241296518607428,0.03361344537815136,0.006628787878787845,0.007352941176470562,0.008928571428571175,7.550018875046582e-05
48,2005-12-31,0.04485333333333341,0.0938468876699261,0.062076644706319024,0.09098088769546676,0.02157280822776864,0.08382899628252782,0.0855614973262031,0.0855614973262031,0.08602150537634401,0.09239130434782594,0.5025041736227045,-0.5321888412017167,3.28,0.8259493670886076,0.3289623717217789,0.019291476674850868,0.018418201516793083,0.02204928664072625,0.0277777777777779,-0.02970297029702962,-0.016279069767441756,0.03252032520325199,-0.022107243650047133,0.0043795620437956356,0.017699115044247815,0.002642307111580866
49,2006-04-02,0.03562860497167075,0.07205930448054065,0.03284990389655773,0.06963949616331266,0.03953345610804182,-0.044760761447436126,-0.0788177339901478,-0.0788177339901478,-0.5396039603960396,-0.5422885572139302,-0.4833333333333333,0.9541284403669724,-1.074766355140187,-0.535528596187175,0.11497211497211501,0.0548864418444599,-0.008510638297872242,-0.006345177664974665,0.030466830466830293,0.023809523809523725,0.0035460992907800915,0.03622047244094495,0.003607503607503615,-0.008720930232558155,0.0,0.002258866049243302
50,2006-07-02,0.07112228301049828,-0.05908074028879395,0.07012349856200295,0.09989171629669724,0.07251683004606124,0.06535008976660682,0.7005347593582887,0.7005347593582887,0.6989247311827957,0.6956521739130435,-0.2946236559139785,7.352112676056337,14.6875,-5.477611940298507,-0.461716044632551,0.07095090523568738,0.14109442060085842,0.13793103448275867,0.07343824511206498,0.039867109634551534,0.045347467608951586,0.03495440729483268,0.0014378145219267056,0.15542521994134906,-0.017391304347826098,-0.1445421080309518
51,2006-10-01,-0.007132339407325604,-0.025829460715443675,-0.043158643585487266,-0.07383706620723607,0.043056932055941084,0.02275025278058651,-0.3113207547169812,-0.3113207547169812,-0.310126582278481,-0.3076923076923077,0.6280487804878048,-0.7774030354131535,-3.2868525896414345,-0.6366666666666667,-0.311651179413867,0.04645141638745054,-0.008462623413258097,0.0,0.039982230119946616,-0.025559105431309903,-0.12112676056338036,0.033773861967694614,0.050490547977985134,0.005076142131979822,0.0,0.051813471502590636
52,2006-12-31,0.03703017101543304,0.09607277568227213,0.03667905824039664,0.03959606696784479,0.03747888513513509,0.06936892404020423,-0.06849315068493156,-0.06849315068493156,-0.0825688073394496,-0.07407407407407418,0.5,-1.181818181818182,-0.5958188153310104,-2.470183486238532,0.6656282450674975,0.0717508368505313,-0.044570886676149835,-0.03030303030303028,0.03460059803502768,0.03278688524590168,0.03397435897435885,0.03267045454545458,0.00045558086560348876,-0.026515151515151603,-0.008849557522123686,0.05435417884278193
53,2007-04-01,0.015909903468001474,0.007894736842105177,0.008606263447286544,-0.019810838445807773,0.02523659305993697,-0.029275808936825912,0.06372549019607843,0.06372549019607843,0.07000000000000006,0.06000000000000005,-0.3595505617977528,-5.7361111111111125,0.22413793103448265,-1.1747269890795633,-0.06982543640897754,0.05160239000543188,-0.010918114143920632,0.003472222222222099,0.027663088356730148,0.015873015873016042,0.052696838189708606,0.03988995873452539,0.00910746812386165,0.0025940337224383825,0.0,0.028270509977827093
54,2007-07-01,0.02969382368467355,0.05955011046394865,0.010112980959153141,0.06115530056069885,0.054292803970223284,0.04619047619047612,0.1820276497695852,0.1820276497695852,0.1869158878504673,0.18867924528301885,-0.2085769980506823,-0.8885630498533724,-0.7676056338028169,-3.696428571428572,0.2024128686327078,0.02285640495867769,-0.10035122930255902,-0.08189158016147635,0.05182804339091995,-0.006249999999999978,-0.00765606595995283,0.03835978835978837,0.02391696750902517,-0.08796895213454081,0.008928571428571175,-0.0015402387370042625
55,2007-09-30,0.020335796983808274,0.03184532271822582,0.014704732107938991,0.0244531826001475,0.02711353794012417,0.03686845698680008,0.06432748538011701,0.06432748538011701,0.06299212598425208,0.06349206349206349,1.312807881773399,7.184210526315789,4.893939393939394,-0.2086092715231788,0.13322185061315506,-0.013255902032571655,0.023424428332403883,0.03391959798994959,0.0355233002291826,-0.05974842767295596,0.054005934718100994,0.03694267515923588,0.00661084178051996,0.028368794326241176,0.0,0.0072502892402623855
56,2007-12-31,0.07746095549135368,0.12960411499954086,0.07646650736144299,0.09919635360441403,0.0786434463794683,0.09964881474978048,0.06043956043956045,0.06043956043956045,0.05925925925925912,0.059701492537313376,0.13631522896698622,-0.4790996784565916,-0.8791773778920309,2.589958158995816,0.42203639940973936,0.13203684749232347,0.041416893732969966,0.052247873633049835,0.0793065289561048,0.09030100334448156,0.06925675675675658,0.035626535626535505,0.0010945709281962037,0.04965517241379325,0.008849557522123908,0.0276437705796766
57,2008-03-30,-0.00101037578206975,-0.008781915758659942,-0.0025062656641604572,-0.011785246617197707,0.000764785859959316,-0.06786427145708585,-0.012089810017271165,-0.012089810017271165,0.0,0.0,-0.5970009372071228,-0.23456790123456794,11.595744680851064,-1.3333333333333333,-0.09892770667589068,-0.07391500904159143,0.02616431187859769,0.033487297921477976,0.00991114149008876,-0.14110429447852754,-0.15060558188520268,0.04151838671411623,0.0017493986442160825,0.03942181340341655,-0.008771929824561429,0.003055141579731968
58,2008-06-29,0.014859765822538671,0.021164889253486363,-0.0017946877243359969,-0.03864840989399298,0.03455888596416745,0.04254104211277654,0.12062937062937062,0.12062937062937062,0.12587412587412605,0.12676056338028174,1.3744186046511628,0.3870967741935485,0.20608108108108114,-1.472027972027972,0.05182341650671796,0.0837197949719306,0.022437531871494217,0.030167597765363263,0.037901861252115136,0.07499999999999996,0.011779293242405451,0.03986332574031914,0.019428072473259173,0.031605562579013924,0.0,0.0621796300423445
59,2008-09-28,-0.0016482042240024695,-0.015183161953727488,0.0005034160373966756,-0.01757408683666439,-0.004103742613263296,-0.022319594687114863,-0.010920436817472678,-0.010920436817472678,-0.006211180124223614,-0.006249999999999978,-0.1547502448579824,0.8255813953488371,-0.058823529411764726,-1.9111111111111108,-0.04489051094890506,-0.05664414414414421,0.010972568578553554,0.01626898047722336,0.01467231822627979,-0.09302325581395343,-0.11213235294117653,0.03833515881708638,-0.002355460385439101,0.0269607843137254,-0.008849557522123686,0.002447894810463147
60,2008-12-31,0.08934193350226516,-0.0252059711232564,0.3168487636572743,0.2112708990997312,-0.17150156584803036,0.09971988795518216,-0.034700315457413256,-0.034700315457413256,-0.018750000000000044,-0.018867924528301886,-0.07763615295480886,8.719745222929934,-2.875,7.097560975609754,-0.380588460068781,-0.2678763280410648,0.05130735076467706,-0.011739594450373536,-0.16323907455012854,-0.2783882783882784,-0.2981366459627329,0.03691983122362874,-0.23953638119768186,0.0011933174224343368,-0.017857142857142905,-0.1952138421823764
61,2009-04-05,-0.003313008846438481,-0.010041841004184149,-0.017030567685589526,-0.027027027027026973,0.02168506913359192,0.05247070809984722,-0.03594771241830064,-0.03594771241830064,-0.025477707006369414,-0.019230769230769273,-0.8140703517587939,-0.9066186107470512,-1.2841269841269842,-0.5030120481927711,-0.3053670573719925,-0.2113158323821948,0.041295166588456,-0.016198704103671746,0.02457757296466978,-0.0558375634517766,-0.2291052114060964,0.03865717192268581,0.02511995484053076,-0.033373063170440975,0.0181818181818183,0.017425227568270474
62,2009-07-05,0.020474557091834992,0.039560439560439635,-0.0083851621501555,-0.0813492063492064,0.07107389738097547,-0.01984511132623424,0.047457627118643986,0.047457627118643986,0.045751633986928164,0.045751633986928164,3.0945945945945947,-0.9929824561403509,-0.6759776536312849,-1.9858585858585855,0.433392539964476,0.06905106470953082,0.018026137899954886,-0.03402854006586176,0.07083958020989511,0.043010752688172005,0.04974489795918369,0.0372184133202742,0.04955947136563865,-0.03452527743526524,0.0,0.1316462167689163
63,2009-10-04,0.03177628387275622,-0.00569198243616853,0.011200089600716723,0.06123110151187916,0.06517589310062721,-0.04703703703703699,-0.0744336569579288,-0.0744336569579288,-0.07500000000000008,-0.08125000000000004,-0.024752475247524768,316.0,0.3965517241379311,-1.4200819672131146,-0.12701363073110286,0.11351769483658858,-0.015936254980079667,-0.056818181818181775,0.0630031501575079,0.04123711340206193,0.11421628189550415,0.03588290840415498,0.03252885624344182,-0.04342273307790545,-0.008928571428571397,-0.06309765830886238
64,2009-12-31,0.04372795969773291,0.0834968923781485,0.033061970426981224,0.05535768800244223,0.06016385048643104,0.023189532322839712,0.07342657342657333,0.07342657342657333,0.08108108108108114,0.06802721088435383,1.5296108291032149,-0.2570977917981072,0.04938271604938271,-5.1658536585365855,0.6061036195883605,0.1552622438346647,-0.05128205128205121,-0.021686746987951918,0.06058610470859405,0.08415841584158422,0.17775354416575806,0.03463992707383756,0.01549796747967469,0.0,-0.027027027027027084,0.026681668407940284
65,2010-04-04,-0.0005792064871126268,0.007849649030115424,-0.02004931918087272,-0.04184745926140199,0.028656524189004218,-0.018738921245885054,-0.027687296416938127,-0.027687296416938127,-0.03125,-0.025477707006369414,-0.8615384615384616,-0.4012738853503185,-0.04117647058823527,-1.278688524590164,-0.10517012814847547,0.08177991581479249,-0.0497866287339972,-0.020935960591132896,0.02856255821173548,0.0182648401826484,0.0796296296296295,0.02466960352422909,0.029271953965474,0.01869158878504696,-0.03703703703703709,0.05189823874755373
66,2010-07-04,-0.006020799124247357,-0.014004343593200021,-0.013512035010940893,-0.014290027171178443,0.004695203067532683,0.0456774193548386,0.085427135678392,0.085427135678392,0.0903225806451613,0.0915032679738561,1.3043478260869563,-0.4184397163120568,1.9754601226993864,-0.2773109243697479,-0.08493827160493828,-0.05030572540300149,-0.0249500998003992,-0.0037735849056602655,0.01871415635375784,-0.07623318385650224,-0.04974271012006859,0.03611349957007737,0.010938259601361187,0.011795543905635641,-0.00961538461538458,0.00029766334275938
67,2010-10-03,0.019791396734905486,0.017013519671882138,-0.007319913491931506,0.05267993874425736,0.057870550665939824,-0.011475814412635787,0.003086419753086433,0.003086419753086433,0.01183431952662728,0.017964071856287456,0.8427672955974843,-2.1280487804878048,1.2144329896907218,-0.9418604651162792,-0.005396654074473872,-0.12159789288849875,-0.005117707267144334,0.017676767676767742,0.06548148148148147,-0.13592233009708746,-0.13176895306859215,0.03485477178423246,0.037268574176484666,0.023316062176165664,-0.009708737864077666,-0.03392352328522552
68,2010-12-31,0.03373249055045592,0.05944734876773716,0.07418579967599581,0.08398797400834067,-0.01958474451479897,0.07364873299213581,0.1215384615384616,0.1215384615384616,0.13450292397660826,0.15294117647058816,0.0,0.0,0.0,-78.0,0.4177970699945741,0.10727969348659007,0.02829218106995879,0.033498759305210735,-0.006395995550611877,0.0393258426966292,0.06756756756756754,0.04170008019246185,-0.05146036161335188,0.02278481012658217,0.009803921568627416,-0.022639765901740216
69,2011-04-03,0.0171762175449377,0.042929648949668664,-0.00010400956888034774,0.006710208463809543,0.04212976869930918,-0.09336123706545753,-0.15226337448559668,-0.15226337448559668,-0.14432989690721654,-0.16326530612244905,-0.6279863481228669,-1.7459459459459459,-0.7039106145251397,-1.1675324675324674,-0.04936854190585538,0.11117797502632776,-0.013006503251625778,-0.007202881152461037,0.04394066610691305,0.1189189189189188,0.04868549172346648,0.03618167821401075,0.02443792766373409,0.006188118811881305,-0.009708737864077666,0.03600693350141815
70,2011-07-03,0.007763412276462045,-0.00824602906387295,0.010870130545586942,0.0214184145040881,0.0034589608705051234,0.01038727878943324,0.05663430420711979,0.05663430420711979,0.06626506024096401,0.07317073170731714,1.2905198776758409,-0.1811594202898551,2.0283018867924527,1.5348837209302326,-0.13164251207729472,-0.017600866504197118,-0.017739483020780544,-0.01813784764207982,0.031903485254691784,-0.05797101449275355,-0.03342618384401108,0.03491827637444267,-0.00429389312977102,0.0098400984009841,-0.029411764705882363,-0.029051638907901745
71,2011-10-02,0.0014088306705435376,-0.04314046207319566,0.01816217328668457,-0.08796658835813098,-0.021974865350089745,-0.003299911156238067,-0.0015313935681470214,-0.0015313935681470214,0.02259887005649719,0.02272727272727271,0.0,0.0,0.0,0.8868501529051989,-0.2860454334724154,-0.10584343991179723,0.0,-0.013546798029556495,-0.006495193556767975,-0.1333333333333333,-0.117195004803074,0.033740129217516124,-0.023239099185433654,0.004872107186357999,-0.020202020202020214,0.04911098926920965
72,2011-12-31,0.04415110153256707,0.09458689458689462,0.09409267775026532,0.06325128792215229,-0.028416183273368038,0.1647777919266522,-0.07515337423312883,-0.07515337423312883,-0.060773480662983485,-0.0722222222222223,1.704939919893191,3.5752212389380533,-0.6105919003115265,-2.7974068071312805,0.7201298701298702,-0.0591861898890258,-0.045923632610939014,-0.06367041198501877,-0.030334728033472924,-0.05325443786982242,-0.07181719260065289,0.032638888888888884,-0.06965906303654645,-0.0630303030303031,0.0,0.029490816783634518
73,2012-04-01,0.012212252386549329,0.009239979177511735,-0.009052699644358177,-0.017227456258411822,0.04700725513905679,-0.17142232425932002,-0.06467661691542292,-0.06467661691542292,-0.07058823529411762,-0.059880239520958,-0.7956564659427443,-0.4893617021276596,-0.5573333333333333,-1.0153291253381425,-0.00641751604379015,0.15432503276539955,-0.02109248242293138,-0.03733333333333333,0.03613807982740025,0.18749999999999972,0.2028135990621338,0.03429724277067936,0.03453730556287904,-0.014230271668822625,-0.02061855670103097,0.026978025962723917
74,2012-07-01,-0.0030020674615537373,0.0010960670535138384,0.004008389652761625,0.11193280379804628,-0.013858813339107878,0.045256630162290534,0.12411347517730498,0.12411347517730498,0.13291139240506333,0.1273885350318471,0.0,0.0,0.0,4.411764705882354,-0.03495440729483279,-0.034345728072665116,-0.002762430939226568,-0.020775623268698085,0.008068714211348027,-0.06842105263157894,-0.024366471734892814,0.033159947984395366,-0.010958205912334429,-0.009186351706036877,-0.010526315789473715,-0.0997104724242638
75,2012-09-30,0.00852200096582667,0.004250660140400653,-0.014391161041734326,0.0011495196649971007,0.04464939247547939,0.0015147689977279555,-0.05362776025236593,-0.05362776025236593,-0.04469273743016766,-0.039548022598870136,0.0,0.0,0.0,-4.630434782608695,0.13149606299212602,-0.0565843621399178,-0.032686980609418215,-0.03536067892503536,0.04363542473534743,-0.062146892655367325,-0.05794205794205798,0.03209565764631828,0.035815511466116945,-0.02384105960264893,-0.021276595744680767,0.0030590634559573004
76,2012-12-31,-0.033630960763879066,0.00968383248893745,0.07950638217700523,-0.04699417698679576,-0.20193385650224216,0.01814973531636,-4.55,-4.55,-4.549707602339182,-4.570588235294117,0.8840579710144927,-1.0454545454545454,1.2289156626506026,0.26347305389221565,0.14683368128044538,0.03053435114503822,-1.143184421534937,-1.1392961876832846,-0.20262246412667007,-0.012048192771084376,0.04559915164369022,0.031097560975609895,-0.17412935323383086,0.0,-0.0217391304347826,0.05950891460744456
77,2013-03-31,0.008744061325016705,0.03849085365853666,0.00471224748025656,0.012822719449225415,0.01685689201053564,-0.08343649418172816,-1.268075117370892,-1.268075117370892,-1.2668863261943986,-1.2668863261943986,-0.3538461538461538,-7.333333333333332,-1.0648648648648649,0.06398104265402837,0.13622572815533984,0.03159486016628854,0.0199999999999998,-0.02105263157894744,0.017375116351225683,0.29268292682926833,0.0,0.03311649911295088,0.008132530120481762,0.0,0.0,0.02531552144069682
78,2013-06-30,0.0035250946285647618,0.011498470948012152,-0.002258218612932628,0.00611776701503941,0.015023312035917781,0.06847649918962717,0.12084063047285465,0.12084063047285465,0.12345679012345667,0.1172839506172838,0.14880952380952372,0.1578947368421053,-20.95833333333333,-0.9732739420935412,0.003204272363150907,0.06140093786635425,0.019607843137254832,-0.010752688172043001,0.02470265324794152,0.04245283018867907,0.0,0.03205495134516334,0.011353450851508963,0.0,0.0,0.005398790670889664
79,2013-09-29,0.02130661368805975,0.03507074616035788,-0.004744287268770409,0.018917321172198243,0.07221844164681858,-0.014536721021362609,0.017187499999999908,0.017187499999999908,0.0219780219780219,0.016574585635359185,-0.1934369602763385,-0.40909090909090906,-0.7807933194154488,24.66666666666667,0.08198030343359064,0.15518431589120518,-0.13076923076923075,-0.1630434782608695,0.06517857142857131,0.12669683257918574,0.0,0.03105934553521905,0.049926144756277546,0.0,0.0,0.015823011383976567
80,2013-12-31,-0.0006484170167179171,0.044865054328776736,-0.08392372955479754,0.01069208454206372,0.15041650138833804,0.03989225243714722,-0.2396313364055299,-0.2396313364055299,-0.2365591397849464,-0.2391304347826088,2.3319057815845823,1.9038461538461533,0.5714285714285714,3.012987012987013,0.304059040590406,0.07194932472809845,-9.26991150442478,-9.727272727272727,0.18385023749650745,0.008032128514056103,0.0,0.030123722431414587,0.15109735509285316,0.02442333785617357,-0.011111111111111072,0.03383140682266705
81,2014-03-30,-0.03007221846084407,-0.05154869730515488,-0.012173580942378416,0.035181236673774034,-0.05592717743603892,-0.09658319970395957,0.202020202020202,0.202020202020202,0.2253521126760565,0.2214285714285716,-0.7249357326478149,-0.4900662251655629,7.163636363636364,-1.8131067961165048,-0.189586870401811,0.15631620024528936,-0.030497592295345214,0.011904761904762085,-0.0575879159782865,-0.02390438247011939,0.5770791075050712,0.032375979112271525,-0.026643852358836484,0.013245033112582849,0.0,-0.08378783746932095
82,2014-06-29,-0.0014542493165028425,0.01290969111058704,0.0251788130678523,0.047453061871187474,-0.04170927684441195,0.0204806116876024,-0.0907563025210084,-0.0907563025210084,-0.07471264367816087,-0.07602339181286544,1.0233644859813085,-0.11688311688311692,-0.04528582034149964,-0.5472636815920398,-0.10591247672253257,0.08909459068556558,-0.0656732891832229,-0.038235294117647145,-0.01728024042073628,0.1551020408163264,0.07459807073954994,0.031360647445624716,-0.040431943746860884,-0.028758169934640417,-0.011235955056179804,-0.03296376218468633
83,2014-09-28,0.028515670511476188,0.057382296455799287,0.05128930372884555,0.10951444562093472,-0.00830856010366643,0.037061814289537136,0.2865064695009243,0.2865064695009243,0.3043478260869565,0.30379746835443044,1.891454965357968,9.014705882352944,-0.5637636080870918,-3.778021978021978,0.3290809684977871,0.08100929614873831,0.012404016538688722,0.01987767584097844,0.0005096839959224386,0.09893992932862196,0.11909036505086767,0.030407062285433994,-0.03585448835383409,0.02153432032301472,0.0,-0.0470144659895354
84,2014-12-31,0.0012460706295489565,-0.041939567395013484,0.05493027218510371,-0.06264485344239945,-0.09077632590315143,0.07121661721068251,0.007183908045977018,0.007183908045977018,0.00952380952380949,0.009708737864077666,-1.0279552715654952,-0.5947136563876652,-0.3208556149732619,-1.567246835443038,-0.1404505386875612,0.06822276822276829,0.14469078179696626,0.08995502248875575,-0.0916963830871116,0.067524115755627,0.03315508021390379,0.029509757258448174,-0.0917480998914224,0.08168642951251659,0.011363636363636465,0.022123536536132526
85,2015-04-05,-0.02743600622259934,-0.0606078014591831,-0.028096574003230512,-0.04646934768380484,-0.026122241947755486,-0.06250752739973509,0.021398002853067144,0.021398002853067144,0.02830188679245293,0.02884615384615397,-11.642857142857142,-2.7971014492753623,2.173228346456693,-1.0334728033472804,0.005469462169553241,0.04991183010043687,0.09378185524974514,0.04814305364511706,-0.01738642736960172,0.15662650602409633,-0.0460662525879918,0.03190013869625519,0.001195457262402888,0.032886723507917104,0.011235955056179804,-0.014851094083260909
86,2015-07-05,-0.021259270030536626,-0.03540851272015655,-0.021298928493330368,-0.03081147040878585,-0.021180555555555536,0.01258992805755388,0.05027932960893855,0.05027932960893855,0.05963302752293576,0.06074766355140171,-0.1906040268456376,-0.8891129032258065,-0.14805624483043833,-16.833333333333336,-0.08612873980054392,0.014824010515554376,0.1211556383970176,0.08398950131233596,-0.0028538812785388053,0.03385416666666674,-0.04069451980466632,0.030913978494623736,0.0002985074626864481,0.06485849056603787,0.011111111111111072,-0.004730975864004504
87,2015-10-04,-0.020027337017887947,-0.0307487478602676,-0.0058986504602734895,0.03698457664463328,-0.04806669031571476,0.014209591474245054,-0.025265957446808485,-0.025265957446808485,0.0,0.004405286343612147,0.3631840796019901,-3.418181818181818,0.2951456310679612,0.736842105263158,-0.16369047619047614,0.02820752680434624,0.06359102244389025,0.03026634382566562,-0.028334287349742308,0.030226700251889005,-0.054864253393665074,0.029986962190351907,-0.0286481647269472,0.005537098560354448,0.03296703296703285,-0.06533999355462472
88,2015-12-31,-0.029805942995755005,-0.04689952904238615,-0.044367526746381336,-0.05562300804370923,0.0003726476616359165,-0.0231423567675757,0.04229195088676674,0.04229195088676674,0.056277056277056266,0.05263157894736836,-0.5997566909975669,0.6390977443609023,-0.4857571214392804,-0.1106060606060606,-0.17408066429418745,0.009867730422003174,0.04689331770222749,0.04817861339600471,0.016494845360824684,0.03911980440097795,-0.01555954518252556,0.02911392405063307,0.03102918586789549,0.0374449339207048,0.010638297872340495,0.009223342815274592
89,2016-04-03,-0.009219614338844221,-0.026285086816278943,-0.006538407262806301,-0.001767778224186389,-0.014527845036319653,-0.0108848764246382,-0.06151832460732986,-0.06151832460732986,-0.04508196721311475,-0.04166666666666674,0.3343465045592706,-0.4587155963302753,0.7390670553935861,0.495741056218058,-0.3152603231597846,-0.09861399861399878,0.022023142963792264,0.02017937219730936,0.003187481889307397,-0.1129411764705882,-0.13009118541033424,0.03116031160311605,-0.0053635280095352105,0.002123142250530785,0.010526315789473715,-0.0245131533993852
90,2016-07-03,0.002113431329253679,0.013955455314350164,-0.016382575757575738,-0.02318280608548661,0.039028539028538985,-0.007638529259451077,0.05718270571827056,0.05718270571827056,0.06866952789699576,0.0608695652173914,-0.011389521640091105,-0.4322033898305084,-0.7091366303436715,-0.9908883826879272,-0.004195070791819577,0.06373491197047754,0.008765522279035931,0.01758241758241752,0.04043905257076852,0.0610079575596818,0.04542278127183797,0.030218687872763494,0.03684841222288804,0.009533898305084776,0.01041666666666674,0.03800017511601439
91,2016-10-02,0.028298026377915564,0.06332545530376765,0.02777510349475309,-0.0199423156159868,0.02928603910868577,0.008610567514677038,-0.09894459102902377,-0.09894459102902377,-0.0963855421686748,-0.09426229508196726,0.14976958525345618,0.4477611940298507,-1.0345821325648414,-51.5,0.21274354923644026,0.06128938999710898,-0.03005068790731347,-0.015118790496760237,0.031649083842309585,0.02000000000000001,0.04211229946524053,0.0293323041296798,0.0008668015024557718,-0.008394543546694555,0.0,0.08494306199915648
92,2016-12-31,0.006244643075792754,0.009805844283192757,0.02552573649946144,0.08013116959556044,-0.030131660334010824,0.06493338507308244,0.16691068814055646,0.16691068814055646,0.16888888888888887,0.16289592760180982,0.6553106212424851,0.4845360824742269,-54.41666666666666,-0.9232673267326732,0.013460703430308252,0.1197902478888586,0.005599104143336753,0.0043859649122806035,-0.024219590958019288,0.08333333333333326,0.12828736369467594,0.025871766029246242,-0.03608545034642041,-0.003174603174603164,0.0,-0.06507541595397304
93,2017-04-02,0.010312728157702676,0.07554865022334445,0.033430763609791685,0.02483263272614034,-0.035805393586005874,-0.09619822664885214,-0.04265997490589712,-0.04265997490589712,-0.03802281368821292,-0.035019455252918275,-0.3547215496368039,-0.4097222222222222,-0.0546021840873635,-6.354838709677418,-0.07112253641816624,0.11427355105516025,0.015590200445434466,0.004366812227074135,-0.032542746828461144,0.14253393665158365,0.09437180216031836,0.030701754385964893,-0.04552261156034743,0.025477707006369414,-0.02061855670103097,0.04948024948024954
94,2017-07-02,0.017524314233235968,0.030817382930059086,0.009413116492840823,0.025674135966577968,0.03486723991306806,0.031447386104018316,-0.01834862385321101,-0.01834862385321101,-0.011857707509881354,-0.012096774193548264,-0.10506566604127576,0.2941176470588236,0.10561056105610556,0.8795180722891567,-0.1439114391143912,0.06647745879270818,-0.001827485380117011,-0.01847826086956517,0.04247434435575825,0.10297029702970306,0.04623376623376618,0.029787234042553123,0.01694383432695323,-0.0031055900621118626,-0.010526315789473715,0.004992076069730622
95,2017-10-01,0.03317255052821588,0.05570477636342397,0.02228448841994668,-0.0217729393468118,0.05588020452885312,-0.012377850162866407,0.020026702269692945,0.020026702269692945,0.024000000000000014,0.02857142857142847,0.8259958071278826,2.536363636363636,-1.5895522388059702,-3.7756410256410255,0.4665948275862069,0.02466734902763568,0.02123764188941779,0.009966777408637828,0.05906480721903185,-0.01795332136445249,0.02383316782522349,0.028925619834710762,0.021906818883060675,0.03219106957424711,-0.021276595744680767,0.07923992746195707
96,2017-12-31,0.003780718336483968,0.013716814159292046,0.011177730192719393,-0.00832765538647895,-0.011155309581459716,0.09195250659630604,-0.16753926701570676,-0.16753926701570676,-0.1640625,-0.1626984126984128,0.0,0.0,0.0,-0.6524249422632795,0.09588537839823652,0.02512236539806212,-0.06202940121907485,-0.06798245614035081,-0.005680351148980135,-0.03107861060329065,-0.006789524733268659,0.02811244979919669,-0.014794685990338174,-0.05432595573440646,-0.0217391304347826,0.02220923436586797
97,2018-04-01,0.06200422302117215,0.11654299432562196,0.0776756596501631,0.16360027483013972,0.029645824223873962,-0.0896460070073698,0.2562893081761006,0.2562893081761006,0.26168224299065423,0.2559241706161137,-1.5694603903559128,-0.7300771208226221,3.941772151898734,3.4817275747508303,0.4522292993630572,0.04628501827040199,-0.014143730886850059,-0.016470588235294237,0.029343027784990868,0.05283018867924527,0.0966796875,0.0302734375,-0.03064664419246077,0.009574468085106423,-0.022222222222222254,-0.04045168667810173
98,2018-07-01,0.2668798194470565,-0.03112783424550425,0.3817252898408332,0.08732449809736265,0.01868523866145755,0.21911081619110812,-0.016270337922402955,-0.016270337922402955,-0.0185185185185186,-0.9169811320754716,0.0,0.0,0.0,-2.826538176426983,-0.5701754385964912,-0.03618160651920843,-0.010081426909654856,-0.07416267942583732,0.02119071644803228,-0.06451612903225812,-0.052983081032947466,0.029383886255924137,-0.19570028453999366,-0.03477344573234986,-0.045454545454545525,-0.10896767466110537
99,2018-09-30,-0.004008313539192399,0.006607151863620375,-0.0270208771830025,-0.053339769504615935,0.06344839086209775,-0.010015240583496676,0.08269720101781175,0.08269720101781175,0.08679245283018866,11.954545454545455,0.0,0.0,0.0,-0.6517857142857143,-0.4575725026852846,-0.05541598222050437,0.0035252643948293647,-0.0452196382428941,0.06398221343873534,-0.07471264367816087,0.22566995768688305,0.028545119705340793,0.0676100628930818,-0.01637554585152845,-0.02380952380952384,0.06336203293488274
100,2018-12-31,-0.0331111726252582,-0.08863613588535924,-0.0155519176800748,-0.060551979093632524,-0.08020384163073302,0.14119199472179456,0.06815511163337251,0.06815511163337251,0.07638888888888906,0.9298245614035088,0.0,0.0,0.0,-0.9452214452214452,-0.046534653465346576,-0.1008132576338805,0.08235753317720529,0.02435723951285529,-0.05502670071975847,-0.15527950310559002,-0.13885692366705027,0.02775290957923016,-0.04860088365242998,0.025527192008878874,0.0,-0.02987186541938525
101,2019-03-31,0.04532241014799165,0.03727527626587501,0.0462050124717901,0.04362575480018993,0.04278895329014665,-0.1076315282328002,-0.1804180418041804,-0.1804180418041804,-0.1645161290322581,-0.5345454545454545,0.6028225806451613,0.7809523809523808,-0.6429303278688525,5.170212765957447,-0.3011422637590861,-0.06541524459613203,-0.025604038946988816,-0.07001321003963012,0.04054054054054057,-0.009803921568627416,-0.3478841870824053,0.02961672473867605,-0.0027089783281735173,-0.06060606060606055,-0.012195121951219412,-0.0060773032979499755
102,2019-06-30,0.012809168668099336,0.0365717920178088,-0.0009934150772025194,0.17110908854505258,0.052558443681543165,0.03174603174603185,0.08187919463087256,0.08187919463087256,0.08108108108108114,0.08203125,-1.3660377358490563,-0.058823529411764726,-1.096126255380201,-1.1,0.043090638930163516,0.07522824102251979,-0.011843079200592129,0.0014204545454543636,0.05265643447461632,0.032178217821782214,0.0840163934426228,0.028764805414551512,0.039580908032596174,-0.003456221198156806,0.012345679012345512,-0.11487037338985795
