Unnamed: 0,Quarter end,Assets,Current Assets,Liabilities,Current Liabilities,Shareholders equity,Revenue,Earnings,Earnings available for common stockholders,EPS basic,EPS diluted,Cash from operating activities,Cash from investing activities,Cash from financing activities,Cash change during period,Cash at end of period,Price,ROE,ROA,Book value of equity per share,P/B ratio,P/E ratio,Cumulative dividends per share,Equity to assets ratio,Net margin,Asset turnover,Current ratio
0,1994-12-31,0.07697872480352498,0.1859110608109973,0.0928782772424488,0.13569206842923798,0.04113156392694073,0.033145253291400716,0.3038259564891224,0.3038259564891224,0.3068181818181817,0.12612612612612595,-1.0210953346855984,0.2298728813559323,-0.8815225611293168,-2.1929824561403506,0.2044639298525308,0.05127453852915331,-0.010198878123406474,0.011128775834658322,0.03773584905660377,0.07772020725388606,0.0176322418136019,inf,-0.03351773511226819,0.03017241379310365,-0.015151515151515138,0.04423145189918354
1,1995-03-31,0.07697872480352498,0.1859110608109973,0.0928782772424488,0.13569206842923798,0.04113156392694073,0.033145253291400716,0.3038259564891224,0.3038259564891224,0.3068181818181817,0.12612612612612595,-1.0210953346855984,0.2298728813559323,-0.8815225611293168,-2.1929824561403506,0.2044639298525308,0.05127453852915331,-0.010198878123406474,0.011128775834658322,0.03773584905660377,0.07772020725388606,0.0176322418136019,inf,-0.03351773511226819,0.03017241379310365,-0.015151515151515138,0.04423145189918354
2,1995-06-30,0.024130841882429532,0.04313113914622235,0.012422000550158518,0.04046559397466632,0.051841699503169414,0.033145253291400716,0.3038259564891224,0.3038259564891224,0.3068181818181817,0.12612612612612595,-1.0210953346855984,0.2298728813559323,-0.8815225611293168,-2.1929824561403506,-0.2025148908007942,0.11510590858416925,-0.010198878123406474,0.011128775834658322,0.04675324675324677,0.07772020725388606,0.0176322418136019,1.25,0.027272727272727337,0.03017241379310365,-0.015151515151515138,0.0025836279575739427
3,1995-09-30,0.009669373031095052,0.013901595447952664,-0.003346251197643313,-0.011285864701237158,0.039318522379307996,-0.013638534081413356,-0.09378596087456847,-0.09378596087456847,-0.10434782608695647,0.12612612612612595,41.42307692307692,0.2583979328165376,-2.88936170212766,-0.7091503267973855,-0.07385892116182569,0.0404898775306175,-0.010198878123406474,0.011128775834658322,0.03870967741935494,-0.0048076923076924025,0.0176322418136019,0.5555555555555554,0.02917076368403815,0.03017241379310365,-0.015151515151515138,0.0254306252543064
4,1995-12-31,-0.036456692913385824,-0.15454025265196536,-0.0662314369753928,-0.08938733402109889,0.02858486130700522,-0.01161840791504043,-0.07047619047619047,-0.07047619047619047,-0.06796116504854377,0.12612612612612595,2.0530371713508613,1.240930869267625,2.064189189189189,-3.5337078651685387,0.2020609318996416,0.014893105933221127,-0.010198878123406474,0.011128775834658322,0.014811275680840731,-0.024154589371980558,0.0176322418136019,0.3571428571428572,0.06751592356687898,0.03017241379310365,-0.015151515151515138,-0.0715561140136235
5,1996-03-31,0.07084048377870401,0.15951686797167852,0.08323729620922271,0.1870043489383475,0.046256513392449065,-0.00648972969663575,0.03688524590163933,0.03688524590163933,0.02083333333333326,0.12612612612612595,-1.3469933184855234,-0.481979230299328,-2.6787945608232278,0.19068736141906872,0.2001490868430862,0.1332544378698226,-0.010198878123406474,0.011128775834658322,0.04237288135593231,0.11386138613861395,0.0176322418136019,0.26315789473684204,-0.022971360381861542,0.03017241379310365,-0.015151515151515138,-0.023149796994087923
6,1996-06-30,0.003138384638131875,-0.002267420977011492,-0.014298683613254703,-0.03248152709359608,0.03893985728848115,0.025881990448312964,0.2378129117259553,0.2378129117259553,0.2448979591836735,0.12612612612612595,-1.7304236200256742,0.021816037735848948,-1.0328371278458843,-1.8063314711359404,-0.13447204968944104,0.04302422723475341,-0.015455950540958274,0.011128775834658322,0.037940379403794015,0.004444444444444251,0.0176322418136019,0.2083333333333333,0.03572519083969472,0.02510460251046021,-0.015384615384615441,0.03128190170628553
7,1996-09-30,-0.0012362114872574992,-0.012600409513309208,-0.02260822012433805,-0.03220365950676218,0.04039582866113478,-0.018561345547379537,-0.09419904204364027,-0.09419904204364027,-0.10655737704918022,0.12612612612612595,1.3895723491505567,0.032890940565493354,11.14,-2.053117782909931,0.1636167922497309,-0.09271125350420496,-0.01831501831501836,0.011128775834658322,0.0395996518711923,-0.12831858407079644,-0.10808580858085803,0.17241379310344818,0.04186320754716988,0.02244897959183656,-0.0078125,0.020222017959414584
8,1996-12-31,-0.07913929353518045,-0.08278832349657039,-0.05874817792305309,-0.09045473974944927,-0.11645515048635248,0.0007344615478777072,-3.398354876615746,-3.398354876615746,-3.403669724770642,0.12612612612612595,0.3547438097572935,-0.05586592178770955,1.5617792421746293,-2.8815789473684217,-0.2645698427382054,0.05252703597439856,-0.8448827292110874,-0.8443396226415094,-0.1251569694432818,0.01522842639593902,0.0379278445883442,0.16470588235294126,-0.04074702886247872,-0.844311377245509,0.0,0.008455194400166288
9,1997-03-31,0.0592237225749086,0.11704347826086955,0.07538285857305982,0.120200997758658,0.027721021011863026,-0.011284058591480406,-1.4174424301812838,-1.4174424301812838,-1.416030534351145,0.12612612612612595,-1.0955483170466884,0.07041420118343189,-1.5509110396570205,-1.2062937062937062,0.0742138364779874,0.11679597399874185,0.1890034364261169,0.19191919191919185,0.03349282296650724,0.2749999999999999,6.084670231729055,0.1414141414141412,-0.02949852507374628,0.17948717948717952,0.007874015748031482,-0.002817675761116245
10,1997-06-30,-0.009165804423794,-0.01843820199728652,-0.031420009891484635,0.0010649627263046302,0.03623145400593475,0.025454657924038004,0.1279342723004695,0.1279342723004695,0.12844036697247696,0.12612612612612595,-6.7102272727272725,-0.17578772802653395,-1.6334630350194552,-1.8757062146892656,-0.06049960967993751,0.057266241081487035,0.040462427745664664,0.04237288135593231,0.036574074074074085,0.0235294117647058,-0.0918354510001258,0.1238938053097347,0.045592705167173175,0.032608695652173836,0.0078125,-0.01950379048931761
11,1997-09-30,-0.009802279645738763,-0.011737514728541676,-0.02224191271438436,0.007479045776918046,0.013917127230033577,0.002020811340672557,0.009885535900103992,0.009885535900103992,0.016260162601626105,0.12612612612612595,-0.05373134328358209,-0.2535211267605634,0.06388206388206387,-0.09677419354838712,-0.058163689239717487,0.15769845498135315,0.2055555555555557,0.2032520325203253,0.011165698972755768,0.11494252873563228,0.14309461144202795,0.11023622047244096,0.024127906976744384,0.18947368421052624,0.015503875968992276,-0.0190482884655937
12,1997-12-31,-0.013311843361986651,-0.04528362452423529,0.0017510175869748235,0.04025342378087804,-0.04100884005987515,-0.03846848473902832,-0.9896960329726944,-0.9896960329726944,-0.992,0.12612612612612595,0.8170347003154574,2.120395327942498,-0.2678983833718245,-3.2785714285714285,0.14071460079400078,-0.003834944009817432,2.7327188940092166,2.743243243243243,-0.0401943462897526,-0.013745704467354014,-0.17159476490547745,0.1063829787234043,-0.02810105024127174,2.7876106194690267,-0.01526717557251911,-0.08225852679850965
13,1998-03-31,0.026992961865004883,0.17082542808424786,0.019932841656572498,0.017440787450015316,0.0405536739802681,-0.03143000250438266,87.4,87.4,112.0,0.12612612612612595,-1.6790123456790125,-0.6991073999424129,-3.832018927444795,-4.081504702194359,-0.380123743232792,0.03557129658145985,-0.0006172839506174421,0.0126353790613718,0.034054302807178916,0.07665505226480818,-0.7252779403159743,0.09615384615384603,0.013142523364485958,0.021028037383177708,-0.007751937984496138,0.15076514678326047
14,1998-06-30,0.012645923947727455,0.027096324253363942,0.012733204046964096,0.04930918765305203,0.012481603079361523,0.014059469941822831,0.1255656108597285,0.1255656108597285,0.1150442477876108,0.12612612612612595,-1.0701704545454545,0.922488038277512,-0.4327485380116959,-1.2288911495422177,0.14036182158452906,0.03345724907063197,0.0061766522544781655,0.007130124777183776,0.013796172674677363,0.0,0.028221512247071256,0.08771929824561409,-0.00028826751225130565,0.02745995423340953,-0.015625,-0.0211683289232647
15,1998-09-30,0.035418222011072364,-0.021448684920016725,0.040569426713772616,-0.023683300679958497,0.025717720068207942,0.01727490039840629,-0.07035175879396982,-0.07035175879396982,-0.05555555555555558,-0.06400000000000006,-0.3157894736842105,-1.0945744151319063,-1.2935689739813452,-2.0888888888888895,-0.13402625820568925,-0.18791366906474827,-0.025168815224063786,-0.0300884955752212,0.029850746268656806,-0.19741100323624594,-0.19264629725530813,0.08064516129032251,-0.009227220299884651,-0.006681514476614693,-0.02380952380952384,0.0022873778332292987
16,1998-12-31,-0.008418233575548717,-0.07567501377579132,-0.023737856460149254,-0.03308150858761727,0.020848663232769127,0.003571764263558652,-0.3432432432432433,-0.3432432432432433,-0.3445378151260504,-0.3333333333333333,43.34911242603551,-22.84736842105263,3.292642140468227,-4.293877551020408,0.5097915350600126,-0.0708717221828491,0.1832493702770781,0.19160583941605824,0.023444160272804826,-0.096774193548387,-0.05003207184092362,0.07462686567164199,0.029394644935972106,0.21076233183856494,-0.016260162601625994,-0.0440525587828492
17,1999-03-31,0.0027575004957833826,0.0052990660396106115,0.030145393439029663,-0.0009156111704562432,-0.04727961984088847,-0.06615466267053792,-0.7901234567901234,-0.7901234567901234,-0.7948717948717949,-0.7948717948717949,-1.1344896597731822,-0.5266200915442062,-2.0253213868328785,-1.5947955390334574,-0.200836820083682,-0.04347826086956519,-0.22352315061202774,-0.2297090352220521,-0.04706372344856325,-0.06696428571428592,-0.2140445644834571,0.06944444444444442,-0.04975968334746962,-0.2148148148148148,-0.01652892561983477,0.006221514866526778
18,1999-06-30,0.00037670104063658455,-0.0022621949880301533,-0.006425714204658317,-0.004948831525889763,0.013814554319500072,0.019223054292591524,1.5764705882352943,1.5764705882352943,1.625,1.5625,-4.050595238095238,-0.06208651399491093,-1.0748480243161094,-3.1708333333333334,0.5455497382198953,0.16387559808612462,-0.2535983550376971,-0.2564612326043737,0.01180069930069938,0.22009569377990434,0.4931271477663228,0.06493506493506485,0.01338887235941688,-0.2452830188679245,-0.01680672268907568,0.002732044000287593
19,1999-09-30,0.2365638973876205,0.2389495465351765,0.35007495181668924,0.3920117889049213,0.016804864566058564,0.07875487912880907,0.6605783866057839,0.6605783866057839,0.6666666666666665,0.6829268292682926,-0.9466666666666668,4.62561041779707,-49.837563451776646,-1.5930902111324377,-0.20934959349593496,-0.11082562521411454,-0.19100091827364551,-0.2352941176470589,0.016414686825054092,-0.1215686274509803,0.18527042577675495,0.060975609756097615,-0.17762771579565473,-0.196875,-0.0512820512820511,-0.10998781099878108
20,1999-12-31,-0.0024970689891438136,-0.0652239575004886,0.0030560666624368515,-0.1266596091923603,-0.016771773404370968,0.07999878375091217,-0.6260311640696609,-0.6260311640696609,-0.6285714285714286,-0.6231884057971013,24.09756097560976,-0.6292438271604939,-1.0233863423760523,-1.127831715210356,0.03384747215081396,-0.25717588133307634,-0.2440408626560725,-0.2902097902097903,-0.016999575010624882,-0.267857142857143,-0.08252427184466038,0.057471264367816126,-0.014280614066404906,-0.27237354085603105,-0.018018018018018056,0.07032949327318128
21,2000-03-31,0.011020713446186159,0.04766973314072831,0.013441568710136577,0.05101138917649428,0.004672251251002235,-0.004335707649427034,0.5588235294117647,0.5588235294117647,0.5769230769230769,0.5384615384615385,-1.3265306122448979,-0.7190426638917794,-11.36,-2.4556962025316453,-0.04765851636966434,-0.3581431535269711,0.15315315315315292,0.09852216748768483,0.0047557284911370346,-0.3475609756097561,-0.13862433862433854,0.05434782608695676,-0.0065193770373054285,0.1122994652406415,-0.01834862385321101,-0.0031612223393044925
22,2000-06-30,0.006325960594851575,0.009288824383163918,0.0156558826588995,0.04923232177611192,-0.018354430379746826,-0.01747490456666201,-0.06132075471698116,-0.06132075471698116,-0.07317073170731703,-0.05000000000000005,-0.9300595238095238,0.6203703703703705,-0.1634491634491635,-1.6,0.030026109660574507,0.037979797979798,-0.01822916666666663,-0.0717488789237668,-0.018502581755593828,0.03738317757009346,-0.10319410319410327,0.051546391752577365,-0.024425811155668886,-0.05288461538461542,-0.01869158878504673,-0.03805496828752642
23,2000-09-30,-0.004973444954541328,-0.014541990221455303,0.0015158498489271643,-0.01765594943665838,-0.02273428082863793,0.002216018649092044,-1.1105527638190955,-1.1105527638190955,-1.1052631578947367,-1.1052631578947367,0.05319148936170204,-0.4114285714285715,-0.39384615384615385,-0.9855072463768116,0.0004224757076467521,-0.14363565589723634,-0.4164456233421751,-0.4251207729468599,-0.02981148619026741,-0.1351351351351352,-0.12876712328767115,0.0490196078431373,-0.017937219730941756,-0.4314720812182741,0.00952380952380949,0.003139717425431732
24,2000-12-31,0.02288062120698097,-0.0027543184429892342,0.02932002495321262,-0.014872834930181544,0.004819000631059557,0.1266655180335401,10.575757575757576,10.575757575757576,11.0,11.0,-68.02020202020202,-0.2,-5.652284263959391,160.0,0.06798986486486491,-0.09818181818181816,-0.740909090909091,-0.7478991596638656,-0.0031631269769544232,-0.06249999999999989,0.5597484276729559,0.04672897196261672,-0.017503805175038026,-0.75,0.018867924528301886,0.012284820031299049
25,2001-03-31,0.009028596698113178,0.055476294995610236,0.02705414803775464,0.0028159681961239524,-0.04276334570368257,-0.12980756977188734,-0.3887434554973822,-0.3887434554973822,-0.375,-0.375,-1.6334589299171065,0.09101941747572816,-1.9034369885433715,-2.1614906832298137,-0.07394226967180706,0.2610887096774193,-2.763157894736842,-2.7333333333333334,-0.04261106074342691,0.2555555555555553,3.8503024193548394,0.044642857142857206,-0.05151045701006962,0.0,-0.01851851851851849,0.05256241787122185
26,2001-06-30,-0.0329206383988897,-0.07671778875314095,-0.036034554477474716,-0.08053707112180852,-0.02332100679947513,0.049294124538691315,-1.1670235546038543,-1.1670235546038543,-1.1666666666666667,-1.1666666666666667,-2.261241970021413,1.303670745272525,-1.5414653784219,-3.844919786096257,0.22715627668659266,0.06314948041566759,0.7810945273631841,0.7500000000000002,-0.02367424242424243,0.1150442477876108,0.0,0.042735042735042805,0.010208248264597763,0.0,0.009433962264151052,0.004112506425791418
27,2001-09-30,0.029282919681566263,0.04283193813581598,0.03326710019267831,-0.0793532657513153,0.017160305343511432,0.02662944870900219,0.1923076923076923,0.1923076923076923,0.2,0.2,-0.3986040369741558,-0.5499758570738773,-2.0267657992565056,8.360902255639099,1.7327766179540711,-0.07218045112781958,-0.12011173184357538,-0.1428571428571429,-0.009699321047526688,-0.04761904761904767,0.0,0.040983606557376984,-0.012126111560226359,0.0,0.009345794392523477,0.1327433628318584
28,2001-12-31,-0.008409466152999423,-0.05417566594672429,0.03424531142254983,-0.0727009171242996,-0.1402497598463016,-0.0558198972239593,-19.70967741935484,-19.70967741935484,-18.666666666666668,-18.666666666666668,1.6282936010037643,-0.3862660944206009,-3.1976828385228098,-0.6506024096385542,0.2215431627196333,-0.12601296596434353,1.0158730158730158,0.9358974358974358,-0.1405484818805094,-0.1166666666666666,0.0,0.015748031496062964,-0.13297872340425532,0.0,-0.02777777777777779,0.019950929752066138
29,2002-03-31,-0.014741469262704475,-0.030466222645099905,-0.009437594493327928,0.06538403727641673,-0.034462290502793265,-0.046478143178022235,-0.6367816091954023,-0.6367816091954023,-0.6320754716981132,-0.6320754716981132,-1.242391693519513,0.6818181818181819,-0.9878088962108732,-2.7988505747126435,-0.32624557014800915,0.14974501622624015,0.13385826771653542,0.08609271523178808,-0.03475783475783467,0.33018867924528283,0.0,0.015503875968992276,-0.019820670127418616,0.0,0.0,-0.0899537886940559
30,2002-06-30,0.02347957367223241,0.04702741957643908,0.02219293921353005,0.04875846501128667,0.028387516725129288,0.050616090843198736,-1.4572784810126582,-1.4572784810126582,-1.4615384615384617,-1.4615384615384617,-2.2983751846381093,0.8939708939708939,4.4459459459459465,-1.1073482428115016,0.051980198019802026,-0.14919354838709675,-0.06388888888888877,-0.10365853658536596,0.028335301062573762,-0.11347517730496448,0.0,0.01526717557251911,0.004814636494944624,0.0,-0.01904761904761909,-0.0016694490818029983
31,2002-09-30,-0.010384330302429913,-0.0512137969819102,-0.019160677022953883,-0.031182737839001273,0.02289190519727136,0.014602736575830775,0.16608996539792398,0.16608996539792398,0.11111111111111116,0.11111111111111116,-0.7990140310959424,-0.2864983534577388,0.032258064516129004,-4.9196428571428585,-0.19367647058823534,-0.3601895734597157,-0.08902077151335308,-0.12244897959183675,-0.04764638346727912,-0.384,0.0,0.015037593984962294,0.03354096789650218,0.0,-0.009708737864077666,-0.02062430323299891
32,2002-12-31,-0.025080090175605085,0.03267935115484155,0.1815542885239081,0.13066177899969444,-0.7763415724156898,0.00022665457842241388,-33.795252225519285,-33.795252225519285,-32.55,-32.55,9.618867924528304,0.030769230769230663,0.6225961538461537,-3.8451025056947614,0.6833850082071861,-0.4088888888888889,6.856677524429967,5.403100775193797,-0.7763713080168777,-0.37662337662337664,0.0,0.014814814814814838,-0.7705146036161334,0.0,0.009803921568627416,-0.08665338645418319
33,2003-03-31,0.007598922915430517,0.029846748426349382,0.04996798975672223,-0.09070589969052413,-0.8061789117737473,0.004362111941989655,-0.8222041259500543,-0.8222041259500543,-0.8225039619651346,-0.8225039619651346,-1.4054726368159205,-0.526865671641791,-1.7466666666666666,-1.6218307979717106,-0.2577464788732394,-0.330827067669173,0.5735903814262022,0.12106537530266336,-0.8059299191374663,2.0,0.0,0.0,-0.8080808080808081,0.0,0.01941747572815533,0.13257516747156872
34,2003-06-30,0.10489563280866654,0.23945231946792495,0.09966921740190847,-0.03792442127441187,0.648691514670896,0.058519939082858574,-0.7302798982188294,-0.7302798982188294,-0.7321428571428572,-0.7321428571428572,1.8006134969325154,-1.332807570977918,19.93452380952381,-2.9699570815450644,0.6699751861042185,0.11423220973782787,0.0,0.04643628509719222,0.6527777777777777,4.7361111111111125,0.0,0.0,0.4947368421052634,0.0,0.0,0.2883081155433287
35,2003-09-30,-0.004106313200327949,-0.003957071766892528,0.003590216313998473,0.02962068675070895,-0.5382395382395382,0.04071084112647538,1.2301886792452832,1.2301886792452832,1.2333333333333334,1.2333333333333334,-1.027382256297919,-5.8246445497630335,-1.0341199886266703,-1.2527233115468408,-0.10138973865920807,0.06554621848739495,0.0,0.09391124871001022,-0.5378151260504199,-0.3547215496368038,0.0,0.0,-0.5352112676056338,0.0,0.00952380952380949,-0.0326179799273969
36,2003-12-31,0.029473308680767474,0.05160115572142288,0.03720329560287028,0.004990183246073254,-1.1364583333333331,0.0019712756969867407,2.6751269035532994,2.6751269035532994,2.716417910447761,2.716417910447761,30.034285714285716,-0.09724950884086447,-2.55,-5.627586206896551,0.5221281976461434,0.06466876971608837,0.0,-0.4735849056603774,-1.1272727272727272,1.3020637898686678,0.0,0.0,0.0,0.0,-0.009433962264150941,0.04635505766789905
37,2004-03-31,0.010589450534803868,0.07770352456318608,0.01930938969011753,0.09474969474969486,10.007633587786259,0.09916193980274923,-0.8202117863720073,-0.8202117863720073,-0.8192771084337349,-0.8192771084337349,-1.5002761922297918,-0.3133841131664853,0.8333333333333333,-1.4651639344262295,-0.1714486548661256,0.4103703703703703,0.0,-0.1738351254480287,10.714285714285714,0.0,0.0,0.0,0.0,0.0,0.01904761904761898,-0.01555825114709131
38,2004-06-30,-0.011025823639576935,-0.004235769011167068,-0.009413009680833029,0.2381837559174165,0.16019417475728148,0.05055905530114591,-1.381562099871959,-1.381562099871959,-1.3777777777777778,-1.3777777777777778,-1.8391608391608392,1.2488114104595878,-1.5826001955034212,-1.0372446936323592,0.007172605275335586,-0.0493697478991596,0.0,-0.12798264642082435,0.15853658536585358,0.0,0.0,0.0,0.0,0.0,0.03738317757009346,-0.1958105646630236
39,2004-09-30,0.051816339049955966,0.09562353317687222,0.04336443667776724,0.01855595812398669,-0.7142857142857143,0.04310306677877596,0.2919463087248322,0.2919463087248322,0.2941176470588234,0.17647058823529416,-0.8030701754385965,-0.3988724453840733,-6.414429530201343,31.032258064516128,0.2281185389386631,0.14364640883977886,0.0,-0.2736318407960199,-0.7157894736842105,0.0,0.0,0.0,0.0,0.0,0.03603603603603589,0.07567783625341408
40,2004-12-31,0.0481162397063577,0.050558037072648165,0.04034862628854573,0.004854178130650144,-2.523012552301255,0.02560349582113619,2.2363636363636363,2.2363636363636363,2.227272727272727,2.05,15.00445434298441,1.753810082063306,-1.5463278586922835,0.22222222222222232,0.22702331961591216,0.1671497584541064,0.0,-1.2534246575342465,-2.518518518518518,0.0,0.0,0.0,-0.3333333333333333,1.2142857142857144,0.0260869565217392,0.0455192915092586
41,2005-03-31,-0.015018175439869831,0.012430923224857171,-0.013334953373226766,-0.0694490622127476,-0.3956043956043957,-0.014043723758505822,-0.4542536115569823,-0.4542536115569823,-0.4507042253521126,-0.4262295081967213,-1.2393543000278322,-0.7062579821200511,-1.1985252410663645,-1.6481735786871738,-0.11987397733624673,0.20778145695364247,0.0,1.2162162162162162,-0.3902439024390244,1.9005704971475148,-0.7139145796529149,0.0,-0.3863636363636364,1.2419354838709675,0.0,0.08796351143229475
42,2005-06-30,-0.016948111759287676,-0.014189266506465237,-0.017055600024629025,-0.13072719630096674,0.02272727272727271,0.04719949653870348,0.014705882352941124,0.014705882352941124,0.0,-0.02857142857142847,-2.3546511627906983,0.9565217391304348,-6.371428571428571,-0.5296610169491525,-0.0640877598152425,-0.08498971898560659,0.0,0.13414634146341453,0.040000000000000036,0.5004214667041302,-0.6353069378859426,0.0,0.03703703703703698,0.1151079136690647,0.016949152542372836,0.13404475417869
43,2005-09-30,0.014366918608282875,0.015786419036564192,-0.0013154597845151939,0.052466150870406285,5.5777777777777775,0.007612179487179516,1.0579710144927534,1.0579710144927534,1.0769230769230769,1.0588235294117645,-0.4506437768240344,-0.8518518518518519,-0.6170212765957447,-1.3693693693693694,0.025293028994447964,0.258426966292135,0.0,0.3333333333333335,5.461538461538462,0.21011235955056184,0.1155378486055778,0.0,5.5,0.3290322580645162,0.008333333333333305,-0.034855249891977524
44,2005-12-31,-0.03768704969517822,-0.008113358473317291,-0.0243994229442388,0.1052147943946704,-0.7533783783783784,-0.01908548707753477,-1.3591549295774648,-1.3591549295774648,-1.3580246913580245,-1.414285714285714,4.4375,9.8,-1.6944444444444444,11.585365853658535,0.31046931407942235,-0.0720238095238096,0.0,-0.4274193548387096,-0.7559523809523809,-0.8563912101516559,-0.30446428571428563,0.0,-0.7417582417582418,-0.4368932038834952,0.016528925619834656,-0.1025220116400537
45,2006-03-31,0.004543418442439329,0.0013824884792625893,-0.003150315031503204,0.02806069424236135,1.643835616438356,-0.015808674503445475,-2.450980392156864,-2.450980392156864,-2.4482758620689653,-2.2758620689655173,-1.4339080459770115,-0.31018518518518523,-4.02,-2.1162790697674416,-0.2722681359044995,0.02886465683130202,0.0,0.03521126760563376,1.6585365853658538,3.2155172413793105,0.8716302952503209,0.0,1.6170212765957448,0.017241379310344973,0.016260162601626105,-0.02593947455936141
46,2006-06-30,0.014205631290610253,0.02174413253566488,0.012512092873266713,0.15305297209866553,0.15025906735751304,0.05889621087314656,-0.972972972972973,-0.972972972972973,-0.9761904761904762,-0.972972972972973,-1.3278145695364238,-0.06040268456375841,-1.0463576158940395,-0.9618055555555556,-0.01324921135646684,-0.19700748129675805,-2.1223817678830192,-0.2857142857142857,0.14678899082568808,-0.6978527607361963,-0.2112482853223594,0.0,0.13008130081300795,-0.288135593220339,0.008000000000000007,-0.11386138613861395
47,2006-09-30,0.002952075874631088,0.010246593852043741,0.005923944200267428,-0.0194634402945818,-0.2072072072072072,0.027615713730066105,-25.0,-25.0,-28.0,-28.0,-2.9696969696969697,0.17142857142857149,14.428571428571427,10.363636363636363,-0.15984654731457806,-0.03649068322981375,-1.1626760563380285,-1.1428571428571428,-0.20800000000000002,-0.1598984771573605,0.3660869565217393,0.0,-0.2086330935251799,0.0,0.015873015873015817,0.0302446542092083
48,2006-12-31,0.0664453907815632,0.13452964779313414,0.12632978723404253,-0.1655937052932761,-5.306818181818182,-0.058289174867524614,6.458333333333332,6.458333333333332,6.481481481481483,6.481481481481483,-5.912820512820513,-0.5182926829268293,14.583333333333336,-11.34,1.967275494672755,0.4085414987912974,0.0,12.6,-5.252525252525253,0.7784491440080565,0.0,0.0,0.0,0.0,-0.0234375,0.3596983295936176
49,2007-03-31,-0.06858887779669975,-0.11307594066214754,-0.1032214538708045,-0.024217745392198897,-0.8812664907651715,-0.09586012861736336,-0.5139664804469274,-0.5139664804469274,-0.5247524752475248,-0.5247524752475248,-1.4258872651356993,-0.2531645569620253,-1.783719548425431,-1.688201160541586,-0.4657604513977943,0.5320366132723113,0.0,0.75,-0.8836104513064134,0.0,0.0,0.0,0.0,0.0,-0.016000000000000014,-0.0910382764153106
50,2007-06-30,0.040539688544227966,0.060367744793974325,-0.026142561594884373,0.0043927081045465055,-11.777777777777779,0.09379862191598144,-1.3218390804597702,-1.3218390804597702,-1.2916666666666667,-1.2708333333333337,-0.7549019607843137,1.3220338983050848,-1.3305534495830174,-1.137717818999438,0.11761881901104188,0.26138909634055274,0.0,-0.10084033613445398,-10.408163265306124,0.0,0.0,0.0,4.345454545454547,0.0,-0.024390243902439046,0.05572646124363302
51,2007-09-30,0.0325981580222976,0.07730074166927814,-0.01873310158362307,0.0032801224579050987,0.8546391752577321,0.029059134322292124,10.928571428571427,10.928571428571427,10.321428571428571,9.576923076923077,0.72,-10.270072992700733,-2.2041284403669725,1.4693877551020411,0.2598797250859106,-0.10124333925399652,0.0,-1.3613707165109037,0.8481561822125812,-0.6268403171007928,0.0,0.0,0.7959183673469388,0.17857142857142885,-0.025000000000000026,0.0737556128785708
52,2007-12-31,0.008743105269334528,-0.0136720643847571,-0.05917470314242601,0.016564952048822912,0.5842134519177321,0.018957345971563955,-0.9221556886227544,-0.9221556886227544,-0.9242902208201892,-0.9236363636363636,-5.563953488372092,-1.1929133858267718,-0.9485714285714286,-0.12396694214876035,0.18070235254006128,-0.0662055335968379,0.0,2.120689655172414,0.3931924882629108,-0.4946889226100152,59.15276893698281,0.0,0.5700757575757576,2.0909090909090904,0.008547008547008517,-0.0297179464365156
53,2008-03-31,-0.005293467512070271,-0.03421156114825008,-0.03193640610836068,0.03516295025728988,0.12877192982456132,-0.04224806201550392,1.8269230769230769,1.8269230769230769,1.5416666666666663,1.8571428571428568,-1.4420382165605097,-0.02857142857142858,24.592592592592588,-3.352830188679245,-0.3600924054288189,-0.08042328042328051,-4.014430014430015,0.5027624309392262,0.1263689974726201,-0.3393393393393393,-0.9877883597883598,0.0,0.13449939686369114,0.5032679738562091,0.0,-0.06703347088491507
54,2008-06-30,0.02304093567251453,0.028603420195439717,0.018583879564935568,0.06980115990057989,0.04227541187441708,0.06009712666936463,-0.4897959183673469,-0.4897959183673469,-0.4918032786885246,-0.4833333333333333,-1.3804034582132565,-0.01680672268907568,-0.9218523878437048,-0.8821170809943866,-0.06633574007220222,-0.08630609896432684,-0.19602680708472964,0.005514705882353033,0.039640987284966345,-0.19090909090909086,-0.4592720970537261,0.0,0.019138755980861344,0.004347826086956497,0.008474576271186418,-0.0385295852172205
55,2008-09-30,-0.025780267520292718,-0.014646214745175691,-0.02206350328831064,-0.07008712487899328,-0.04145541306292877,-0.012788700133613329,-0.5866666666666667,-0.5866666666666667,-0.5806451612903225,-0.5806451612903225,-9.984848484848484,1.7777777777777777,-27.277777777777786,2.1496598639455784,-0.2237796036732721,-0.2178841309823678,-0.7124144090503126,-0.676416819012797,-0.041726618705036016,-0.247191011235955,-0.22916666666666674,0.0,-0.01617110067814298,-0.6774891774891775,0.0,0.059650378245757585
56,2008-12-31,-0.106612685560054,-0.16239831274480265,0.027116928194374168,-0.004996876951905094,-0.6820161792159303,-0.20050270688321736,-11.64516129032258,-11.64516129032258,-11.461538461538465,-11.461538461538465,-1.5531197301854975,-0.9784615384615384,-1.229739252995067,-1.6220302375809936,0.17932752179327527,-0.4847020933977456,-1.2950310559006208,-1.2598870056497176,-0.6824324324324325,-0.4626865671641791,0.5966735966735968,0.0,-0.644220572640509,0.0,-0.01680672268907568,-0.15821716270319808
57,2009-03-31,-0.03815841324050962,-0.044604316546762564,-0.06695297099408615,-0.10943712073655576,-0.4119373776908023,-0.1448609431680774,0.009090909090909037,0.009090909090909037,0.014705882352941124,0.014705882352941124,-1.4954268292682926,12.714285714285715,-2.6993865030674846,-0.9930555555555556,0.001055966209081216,-0.4135416666666667,8.543859649122806,6.521739130434782,-0.4113475177304965,0.8472222222222223,0.0,0.0,-0.38897168405365135,0.0,-0.04273504273504258,0.07283250243539041
58,2009-06-30,0.029634687606691745,0.023217871485943675,0.03486003169093799,0.007518796992481258,-0.061564059900166335,0.11510180995475115,-0.3363363363363363,-0.3363363363363363,-0.3333333333333333,-0.3333333333333333,-2.0215384615384613,-0.421875,-0.6371841155234657,234.0,0.2478902953586497,0.799289520426288,1.3224264705882351,0.5895953757225434,-0.06425702811244982,2.0601503759398496,0.0,0.0,-0.08780487804878045,0.0,-0.0357142857142857,0.015596624292276484
59,2009-09-30,0.03965780224152793,0.055439715442168636,0.02267590229675532,0.059701492537313376,0.3865248226950355,0.11209738777580514,-1.32579185520362,-1.32579185520362,-1.326086956521739,-1.326086956521739,0.27108433734939763,0.927927927927928,-1.0746268656716418,-0.5234042553191489,0.0946745562130178,0.422507403751234,0.0,-0.0254545454545454,0.3862660944206009,0.5184275184275182,0.0,0.0,0.3342245989304813,0.0,-0.01851851851851849,-0.004049647628063591
60,2009-12-31,-0.08081903425400272,-0.16037187681580478,-0.08519891629830313,-0.09881161971830987,-0.06010230179028131,0.011858608893956736,0.4861111111111112,0.4861111111111112,0.5,0.5,1.056872037914692,-0.31775700934579443,91.93333333333334,-3.9821428571428568,-0.2579150579150579,0.044413601665510116,-0.11461136615482034,-0.5317164179104478,-0.0619195046439629,-0.2459546925566343,0.0,0.0,0.022044088176352616,0.0,0.02830188679245293,-0.06833183714421498
61,2010-03-31,0.02026370575988889,0.061730103806228336,0.02525134440028065,0.07716727716727713,-0.02857142857142858,-0.037638043723236425,-1.4392523364485983,-1.4392523364485983,-1.4222222222222225,-1.4222222222222225,-0.8582949308755761,0.10273972602739724,-1.0616929698708752,-0.7784431137724551,-0.07700312174817903,-0.054485049833887016,-0.772215269086358,-0.7649402390438247,-0.02970297029702962,0.008583690987124415,0.0,0.0,-0.047058823529411715,0.0,0.04587155963302725,-0.014283285155585744
62,2010-06-30,-0.012855393823969495,0.006778777212879783,-0.0049410870391486394,0.0034005894355022552,-0.0938375350140056,0.060421545667447285,-1.5957446808510638,-1.5957446808510638,-1.5789473684210529,-1.5789473684210529,-0.5121951219512195,0.1925465838509317,-0.08139534883720934,-0.3851351351351351,-0.05129650507328076,-0.11595221363316945,-2.745682888540032,-2.8305084745762716,-0.09523809523809512,-0.08936170212765959,0.0,0.0,-0.08230452674897115,-0.38926174496644295,0.04385964912280715,0.003335058363521215
63,2010-09-30,0.07875697650382407,0.0880486857438818,0.06470588235294117,0.11432444645277905,0.32766615146831524,0.09584805653710247,-1.7142857142857144,-1.7142857142857144,-1.7272727272727273,-1.7272727272727273,-2.666666666666667,0.15104166666666674,1.9240506329113924,-0.8021978021978022,-0.010695187165775444,-0.1351351351351351,-0.5863309352517985,-0.5740740740740742,0.3308270676691729,-0.04439252336448607,1.114583333333333,0.0,0.2309417040358744,-0.5934065934065934,0.03361344537815136,-0.02355435841595499
64,2010-12-31,-0.0016607051609606185,-0.04260383196477446,0.013489273157781369,0.07603406326034068,-0.2502910360884749,0.022168480451430828,7.85,7.85,8.125,8.125,-9.41,0.2895927601809956,-1.93939393939394,-19.88888888888889,0.20420420420420424,-0.003676470588235392,-4.279347826086957,-4.108695652173913,-0.25141242937853114,-0.25183374083129584,1.3017241379310347,0.0,-0.2495446265938069,0.0,0.016260162601626105,-0.1102828970536448
65,2011-03-31,0.10403071017274468,0.17986326911124914,0.06279646017699125,0.07292255511588475,1.06055900621118,0.06506309148264977,-1.5819209039548023,-1.5819209039548023,-1.5753424657534247,-1.5753424657534247,-1.5148632580261592,0.2280701754385965,-5.488479262672811,-0.38235294117647056,0.10473815461346624,0.2518450184501846,-0.7059993370898243,-0.7062937062937062,0.2792452830188681,0.673202614379085,0.0,0.0,0.162621359223301,0.0,0.016000000000000014,0.09967675968071754
66,2011-06-30,0.02236903106165977,0.029919932574799857,0.01552091660005339,0.03951527924130671,0.11152976639035428,0.04035542391706781,-0.5436893203883495,-0.6116504854368932,-0.6190476190476191,-0.6190476190476191,-0.4549653579676674,-0.62,-1.0482546201232033,-2.9571428571428573,-0.1855530474040632,0.22549742078113466,-0.2626832018038332,-0.3333333333333333,0.17699115044247793,-0.041015625,0.0,0.0,0.1544885177453028,0.0,0.0,-0.009238152369525965
67,2011-09-30,0.02760457997959409,0.07528641571194772,0.03168251885864226,-0.016894745734076674,0.01627118644067793,0.07864768683274015,2.5744680851063837,3.0250000000000004,3.125,2.75,0.2838983050847457,0.744360902255639,-21.170212765957448,-1.78345498783455,0.1784922394678492,-0.17618761274804573,-3.2553516819571864,-3.928571428571429,0.025062656641603898,-0.3014256619144603,0.0,0.0,-0.003616636528028905,0.5405405405405406,0.015748031496062964,0.09378784209251644
68,2011-12-31,-0.027580120249324325,-0.06659056316590561,0.017611902339776275,0.01890359168241961,-0.5003335557038026,-0.06252062025734084,-0.8511904761904762,-0.8447204968944101,-0.8787878787878788,-0.8333333333333333,-6.759075907590759,-0.19396551724137934,-1.929324894514768,1.0062111801242235,0.3038570084666039,-0.12408759124087587,1.92542372881356,1.3658536585365852,-0.7506112469437652,-0.14577259475218662,-0.2865168539325843,0.0,-0.7441016333938294,1.5438596491228067,0.0,-0.08391918073623028
69,2012-03-31,0.02047762209994897,0.017937219730941756,0.01299593876913474,-0.00809580030359247,0.15220293724966627,-0.026394509941932043,-1.16,-1.44,-1.625,-1.5,-1.4320916905444123,0.5775401069518717,-1.3700340522133938,-2.0665634674922604,-0.2485569985569985,0.11999999999999987,-0.2292004634994205,-0.31958762886597936,0.4509803921568627,3.4982935153583616,-0.6062992125984252,0.0,0.4326241134751774,-0.3517241379310345,-0.007751937984496138,0.026285576167744296
70,2012-06-30,-0.021623123957754342,-0.033940728874649606,-0.026151853450934404,-0.07838802924672672,0.09733487833140207,-0.06922103741189223,-24.0,-8.727272727272727,-7.999999999999999,-7.6,-1.401856763925729,-0.264406779661017,-0.9478527607361964,-1.1059506531204644,0.035045607297167436,-0.1964285714285714,0.5192423331328921,0.19696969696969704,0.23648648648648665,-0.4461305007587253,0.2695238095238095,0.0,0.25742574257425743,0.23404255319148914,-0.015625,0.04822185586434302
71,2012-09-30,0.0192034543491848,0.016167478495180854,0.0015200456013679804,-0.005904059040590437,0.2988384371700106,0.02213592233009698,0.2717391304347827,0.2941176470588236,0.2857142857142858,0.2424242424242422,-0.5973597359735974,0.3271889400921659,14.0,0.3835616438356164,0.046846011131725485,0.06851851851851842,-0.0752028497922026,-0.18354430379746844,0.6284153005464481,-0.13561643835616444,-0.11627906976744196,0.0,0.6023622047244095,-0.1637931034482758,-0.031746031746031744,0.022187271808122192
72,2012-12-31,-0.05384915547131952,-0.13329933707292194,6.32391070638505e-05,-0.012249443207126951,-0.6991869918699187,-0.041603343465045566,-0.9401709401709402,-1.009090909090909,-1.0,-1.0,10.204918032786884,0.12152777777777768,-5.015686274509804,-0.7623762376237624,0.010633584404076135,0.07279029462738308,0.0,-0.06976744186046513,-1.1778523489932886,-0.3423137876386687,0.3302207130730053,0.0,0.0,-0.10309278350515473,-0.024590163934426257,-0.12254093856467753
73,2013-03-31,0.028574795263064837,0.0640150623676159,0.021626406981156032,0.0024426907177752533,0.4486486486486487,-0.0380574826560951,3.7142857142857135,-27.0,-inf,inf,-1.6854425749817117,-0.12383900928792567,-2.427734375,3.375,0.0460324419114424,0.0945072697899838,0.0,0.18333333333333326,-1.2830188679245282,0.0,0.2533503509891513,0.0,-0.9484029484029484,0.24137931034482785,-0.02521008403361347,0.06137274549098204
74,2013-06-30,-0.0042387444151678055,-0.008073435080734326,-0.01547412725922259,-0.02999062792877228,0.3339552238805969,0.008448382443849267,4.696969696969697,5.961538461538463,6.4,5.7,-1.5069370330843117,-0.22614840989399296,-1.0287277701778386,0.6952380952380952,0.07460184409052806,0.02952029520295185,0.0,0.3943661971830987,4.8,21.409638554216865,-0.1542769857433809,0.0,4.904761904761905,0.462962962962963,-0.008620689655172377,0.02259853670049572
75,2013-09-30,0.01656695812241149,0.01114951499609762,0.0014459952219287866,0.0017391304347826875,0.3314685314685315,0.022067838169186785,-0.07978723404255318,-0.08287292817679559,-0.09459459459459453,-0.0746268656716419,-0.6547368421052632,0.0182648401826484,-0.5238095238095238,-1.3595505617977528,-0.0249609984399376,0.3763440860215055,0.0,0.16666666666666652,1.1034482758620692,-0.7626881720430108,-0.020469596628536986,0.006082725060827078,1.0645161290322585,0.1898734177215189,-0.008695652173913104,0.009405112226645862
76,2013-12-31,-0.008205070167496609,-0.04686293968463995,-0.05317345721639777,-0.03067129629629628,0.6869747899159664,-0.04218312674930025,0.3583815028901733,0.3674698795180722,0.3880597014925373,0.32258064516129026,6.536585365853658,0.8430493273542601,14.9,-8.75,0.1983999999999999,0.14166666666666686,0.0,0.5541125541125542,1.4371584699453552,-0.4571816946080653,-0.03073140749846348,0.0,1.46484375,0.6329787234042554,-0.01754385964912264,-0.016691437064136342
77,2014-03-31,-0.024818850915729995,-0.05067098565478945,-0.028311894974141324,0.0011940298507462366,-0.008094645080946483,-0.0672093508662075,-1.2170212765957449,-1.2555066079295154,-1.2473118279569892,-1.2804878048780488,-2.2483818770226542,-0.48661800486618,-3.5,-3.3044354838709675,-0.3815086782376502,0.1551094890510949,0.5411940937299378,-0.128133704735376,-0.013452914798206206,-0.5258764607679467,-0.27330374128091306,0.0060459492140267895,0.012678288431061668,-0.12377850162866455,-0.017857142857142905,-0.05179630275549352
78,2014-06-30,-0.008776035572197527,-0.020472824762369,-0.026953258273626712,-0.0011926058437686793,0.1456371625863151,0.04184381293354211,-5.176470588235294,-4.672413793103448,-4.3478260869565215,-4.304347826086957,-1.2650680492546986,-0.004739336492891043,-1.5270440251572328,-0.8110236220472441,-0.11656772800863467,0.03199052132701419,-0.32004998611496793,0.051118210862619806,0.5068181818181816,0.045774647887324,0.2129144851657941,0.006009615384615197,0.6854460093896715,0.0780669144981414,-0.00909090909090915,-0.019312120654772943
79,2014-09-30,-0.0168811238342581,0.0011196815128140523,-0.02117812061711077,-0.05014925373134327,0.020273972602739658,0.00021477663230240482,-0.244131455399061,-0.244131455399061,-0.2467532467532469,-0.23684210526315802,-0.5232273838630808,-0.1238095238095238,-1.4463007159904535,-1.4953703703703702,0.06536346976175933,-0.02372751626482961,-0.2464774351643864,-0.0060790273556230465,0.022624434389140413,-0.35185185185185186,-0.06834532374100732,0.007168458781362075,0.03806870937790152,0.006896551724137946,0.0,0.05395098774693685
80,2014-12-31,0.08723583093179642,-0.04013918230396418,-0.01977360653388737,-0.007751937984496138,0.9387755102040816,-0.06463388447498386,12.223602484472053,12.223602484472053,12.465517241379313,10.93103448275862,5.558974358974358,0.3369565217391304,-4.06951871657754,2.8971962616822435,0.239105504587156,-0.06428851430811444,0.0,3.3608562691131496,0.9749262536873156,-0.08571428571428574,-0.044787644787644736,0.007117437722419906,0.7826475849731664,3.616438356164384,-0.03669724770642202,-0.032623524526958825
81,2015-03-31,-0.042685957258821634,-0.03754531330916622,-0.06607221166496123,-0.06524493243243246,0.05041551246537401,-0.0762167125803489,-0.8947862846406763,-0.8947862846406763,-0.8937259923175416,-0.8815028901734104,-1.204847537138389,-0.2682926829268293,-0.9407665505226479,-2.3141486810551557,-0.2535863026376678,0.10431503979891077,1.6658536585365855,0.1079943899018232,0.04929051530993278,-0.44034090909090906,-0.7348423605497171,0.007067137809187329,0.09734069242348208,0.14317507418397613,-0.01904761904761909,0.0296155496964865
82,2015-06-30,0.010383017997231292,0.03510895883777243,-0.002113006730317779,0.07092839394623908,0.04694092827004215,0.03677932405566597,-0.1428571428571429,-0.1428571428571429,-0.14457831325301207,-0.14634146341463414,-3.0458015267175567,0.6055555555555556,5.852941176470589,-1.0456204379562044,0.015499070055796647,0.12139605462822445,-0.16854732133780626,-0.015822784810126556,0.04911032028469742,0.06598984771573613,-0.0060975609756097615,0.007017543859648923,0.0361225422953817,0.02011680726800802,-0.03883495145631066,-0.033408766079085266
83,2015-09-30,-5.709065996806206e-05,0.02949967511371021,-0.014743941651635171,0.008858890529424235,0.04357682619647352,0.002876318312559967,0.4114583333333333,0.4114583333333333,0.42253521126760574,0.4142857142857144,-0.3264925373134329,-0.2906574394463668,-0.8326180257510729,2.04,0.03174603174603185,-0.011163734776725276,-0.1123609243183763,0.027652733118971096,0.045454545454545414,-0.05714285714285716,-0.006134969325153228,0.006968641114982743,0.043689320388349495,0.07061068702290085,-0.040404040404040435,0.02045468547840556
84,2015-12-31,-0.06143305737938909,-0.2248169654127745,-0.02117328663535778,0.03637884173113104,-0.05382573014723635,-0.028919694072657712,-2.4022140221402206,-2.4022140221402206,-2.415841584158416,-2.4444444444444446,1.9141274238227148,1.8682926829268287,16.41025641025641,-4.131578947368421,-0.12662721893491125,0.09305508039685262,-0.8931129476584022,-0.8886107634543179,-0.04737183646982479,0.045454545454545414,0.04629629629629628,0.008073817762399127,0.008456659619450413,-0.8888888888888888,0.010526315789473715,-0.2520074865664433
85,2016-03-31,0.02056086136626312,0.03810454323400103,0.0120354558022282,-0.07181763163203547,0.04693877551020398,-0.09155796209697263,-1.4842105263157894,-1.4842105263157894,-1.4825174825174825,-1.4755244755244756,-1.3621673003802282,-0.5629251700680272,-1.3136966126656848,0.6680672268907564,-0.268970189701897,-0.07042253521126762,-0.1469072164948455,-0.1235955056179776,0.05108991825613085,-0.024154589371980558,7.112094395280236,0.008009153318077944,0.025576519916142626,-0.11229946524064173,-0.02083333333333337,0.11841149406731775
86,2016-06-30,0.004947249210228265,0.014588235294117569,0.0005624748895138866,-0.0015214083894805608,0.01900584795321647,0.05093470604172312,0.09782608695652173,0.09782608695652173,0.10144927536231883,0.10294117647058808,-1.6850393700787405,-0.19066147859922172,-0.943661971830986,-1.1486146095717884,0.05468025949953659,-0.035016835016834946,0.024169184290030232,0.05128205128205132,0.03240440699935188,-0.07920792079207918,0.10872727272727256,0.007945516458569779,0.013900245298446471,0.054216867469879526,0.0,0.01609411085450341
87,2016-09-30,0.016785290628706928,0.015924551638837325,-0.0010440089945390474,0.04484109708315187,0.07054041128646582,-0.008249548852797162,0.5693069306930694,0.5693069306930694,0.5921052631578947,0.5866666666666667,0.3678160919540229,0.16346153846153855,-24.41666666666667,-3.76271186440678,-0.14323374340949035,-0.002791346824843055,0.1415929203539823,0.17073170731707288,0.076585059635907,-0.03763440860215062,-0.0531321744834371,0.019144144144144226,0.0532258064516129,0.19428571428571412,-0.021276595744680767,-0.02762980325307196
88,2016-12-31,-0.03686635944700456,-0.12981281387916602,-0.05249618136506151,0.0035416666666667758,0.006700915791824968,-0.027553938133610626,0.7697160883280758,0.7697160883280758,0.7933884297520661,0.8151260504201683,2.5490196078431366,0.09917355371900816,1.8612099644128115,-1.96319018404908,0.161025641025641,0.0528341497550735,2.7829457364341086,2.911458333333333,0.044314868804664835,-0.02234636871508377,-0.12400415656390718,0.0,0.045176110260336966,2.9904306220095696,-0.0217391304347826,-0.1329437545653761
89,2017-03-31,0.04136636181939314,0.10615599860090953,0.03801119972849154,0.020344612829561903,0.05014422010206343,-0.011226944667201307,-0.7040998217468806,-0.7040998217468806,-0.6958525345622121,-0.6990740740740741,-1.2257300710339385,0.015037593984962516,-1.4950248756218905,-1.8789808917197448,-0.07155477031802115,0.11831173147224995,-0.04883879781420752,-0.01997336884154466,0.04969290898939138,0.07428571428571429,-0.7216291024120205,0.011049723756906049,0.008424908424908395,-0.014388489208633224,0.0,0.08416175231676483
90,2017-06-30,0.02628824008375008,0.04853754940711452,0.02182442373712612,0.03133265513733473,0.037185717304035526,-0.003514463368477938,-0.11445783132530114,-0.11445783132530114,-0.12121212121212133,-0.10769230769230777,-1.3531468531468531,-0.15555555555555556,-0.9296482412060302,-0.4057971014492754,-0.07802093244529018,0.011292719167905084,-0.08150807899461399,-0.05434782608695653,0.037234042553191404,-0.037234042553191404,0.017045454545454586,0.010928961748633892,0.01053396294950959,-0.032846715328467065,-0.033333333333333326,0.016629108710855656
91,2017-09-30,0.011674033775359804,0.01432448733413749,0.01839852811775056,-0.028999802722430405,-0.005500101853738061,0.06375474769397728,-0.12244897959183675,-0.12244897959183675,-0.10344827586206884,-0.13793103448275856,-0.6930693069306929,-0.22368421052631585,0.1071428571428572,0.2317073170731707,-0.10423116615067074,-0.030855127828386838,-0.17591868647380782,-0.16666666666666652,0.016410256410256396,-0.06629834254143653,0.005586592178770999,0.0108108108108107,-0.01689432063263829,-0.16100628930817618,0.0,0.04463807995108149
92,2017-12-31,-0.04414071252520724,-0.0963282295228185,-0.04060953577880766,0.0209264526615196,-0.0571487095452683,0.03825554705432288,-1.744186046511628,-1.744186046511628,-1.7692307692307692,-1.8,41.32258064516129,0.15254237288135594,-29.12903225806452,-3.3960396039603973,0.2788018433179724,-0.04002425712553048,-0.6565464895635673,-0.6586206896551724,-0.0338042381432897,-0.05325443786982242,0.13055555555555556,0.01497326203208571,-0.01389396709323587,-0.6626686656671664,0.011494252873563315,-0.1148020779980976
93,2018-03-31,0.030239099859352917,0.06728080276361248,0.03307679711806122,-0.016716417910447756,0.02911144905496421,-0.059199213952345835,-1.78125,-1.78125,-1.775,-1.775,-1.2964939024390243,0.21568627450980385,-1.4575688073394495,-1.9173553719008265,-0.2,-0.015792798483891368,-0.2638121546961326,-0.2676767676767677,0.0313315926892952,0.018749999999999826,1.878378378378378,0.014752370916754519,-0.0007415647015200921,-0.27111111111111097,0.0,0.08538601421722603
94,2018-06-30,-0.012798634812286713,0.012484586929716324,-0.008479949278808019,-0.021857923497267784,-0.021110407430863454,0.002872062663185293,1.0933333333333333,1.0933333333333333,1.1290322580645165,1.0967741935483872,-1.7840616966580978,-0.10483870967741936,-0.6992481203007519,-1.7297297297297298,0.18243243243243248,-0.17169448010269586,0.054409005628517804,0.04827586206896538,-0.009620253164557058,-0.19631901840490784,0.11267605633802825,0.014537902388369606,-0.008534322820037188,0.030487804878048582,0.02272727272727271,0.0351077602619756
95,2018-09-30,0.01359838663209456,0.02801035165169741,0.006394372951802341,0.04427891578729559,0.035152037955574755,0.022650351470971053,1.2356687898089174,1.2356687898089174,1.2575757575757571,1.2769230769230768,-0.8032786885245902,-0.12612612612612614,-0.5166666666666666,-1.5432098765432098,-0.08380952380952378,-0.10577295621852001,0.8451957295373667,0.8421052631578947,0.053169734151329306,-0.0992366412213741,-0.16494054468738018,0.014329580348004134,0.021332335329341312,0.8402366863905326,0.0,-0.01559741024131833
96,2018-12-31,-0.04087317378204769,-0.1226121723678365,-0.06266380748153444,-0.05270457697642161,0.013333333333333421,-0.013238289205702693,-0.6866096866096867,-0.6866096866096867,-0.6912751677852349,-0.6891891891891893,14.666666666666664,0.04639175257731965,-15.137931034482758,0.011363636363636465,-0.09251559251559248,-0.07365684575389941,0.4040501446480232,0.4249999999999998,0.016990291262135804,-0.11864406779661008,-0.5186035829122646,0.016145307769929396,0.056430927079516476,0.44051446945337625,-0.011111111111111072,-0.07376681614349777
97,2019-03-31,0.08303698435277385,0.09569620253164568,0.12201321809862732,0.06400334658021345,-0.011513157894736836,-0.07172342621259031,-1.554545454545455,-1.554545454545455,-1.5652173913043477,-1.5652173913043477,-1.3872340425531915,0.20197044334975373,-1.7865853658536586,-1.4157303370786516,0.042382588774341416,-0.07717492984097285,-0.19917582417582425,-0.2030075187969924,-0.01288782816229117,-0.09615384615384626,-0.35114503816793896,0.01588877855014892,-0.08740894901144636,-0.1852678571428572,-0.0224719101123596,0.029774872912127662
98,2019-06-30,0.010780933617906108,0.044516327788046935,0.013517595529376258,-0.0011794770984863145,0.00811148086522473,0.009449694274596965,-1.8852459016393444,-1.8852459016393444,-1.8846153846153848,-1.8846153846153848,-1.2005494505494505,-0.2827868852459017,-0.7426356589147287,0.7297297297297298,0.07692307692307687,-0.14039533705017734,-0.1938250428816466,-0.19811320754716988,0.00822050290135401,-0.12765957446808507,0.07058823529411762,0.01564027370478982,-0.002660585328772225,-0.17260273972602735,-0.034482758620689724,0.04576085253095119
