Unnamed: 0,Quarter end,Assets,Current Assets,Liabilities,Current Liabilities,Shareholders equity,Revenue,Earnings,Earnings available for common stockholders,EPS basic,EPS diluted,Cash from operating activities,Cash from investing activities,Cash from financing activities,Cash change during period,Cash at end of period,Price,ROE,ROA,Book value of equity per share,P/B ratio,P/E ratio,Cumulative dividends per share,Equity to assets ratio,Net margin,Asset turnover,Current ratio
0,1993-12-31,0.040164484580115456,0.06430289774506548,0.05144459344142383,0.061037295762238486,0.03495787791762428,0.08803472406065382,0.01892243247147185,0.01892243247147185,0.024691358024691246,0.034482758620689724,-0.9934281375120806,0.2399026512013256,-5.141163184641447,-1.1471095772217428,4.506220839813375,0.12261089073205912,0.018239492466296525,0.02060606060606052,0.034445640473627526,-0.005970149253731294,-0.0424646128226478,inf,-0.00496930722011113,0.007092198581560405,0.00990099009900991,0.003054989816700493
1,1994-03-31,0.040164484580115456,0.06430289774506548,0.05144459344142383,0.061037295762238486,0.03495787791762428,0.08803472406065382,0.01892243247147185,0.01892243247147185,0.024691358024691246,0.034482758620689724,-0.9934281375120806,0.2399026512013256,-5.141163184641447,-1.1471095772217428,4.506220839813375,0.12261089073205912,0.018239492466296525,0.02060606060606052,0.034445640473627526,-0.005970149253731294,-0.0424646128226478,inf,-0.00496930722011113,0.007092198581560405,0.00990099009900991,0.003054989816700493
2,1994-06-30,0.04703004349990958,0.06995301416417665,0.07593984140005472,0.0877088924806122,0.03347346004234586,0.08803472406065382,0.01892243247147185,0.01892243247147185,0.024691358024691246,0.034482758620689724,-0.9934281375120806,0.2399026512013256,-5.141163184641447,-1.1471095772217428,-0.1203925999152662,0.02794731769996784,0.018239492466296525,0.02060606060606052,0.0332986472424559,-0.005970149253731294,-0.0424646128226478,1.1111111111111112,-0.012925969447708408,0.007092198581560405,0.00990099009900991,-0.01628980156898929
3,1994-09-30,0.020911063948424014,0.02169369185002324,-0.0035906058689937352,-0.0017267860875571641,0.03287267125442828,0.013982101452858277,0.017035251866553303,0.017035251866553303,0.012048192771084263,0.034482758620689724,284.35714285714283,0.19001879306744612,-2.808881010817198,-0.7777126099706745,-0.03042466083326645,-0.03125,0.018239492466296525,0.02060606060606052,0.032225579053373636,-0.06306306306306309,-0.0424646128226478,0.5263157894736841,0.011607142857142705,0.007092198581560405,0.00990099009900991,0.023455458085096532
4,1994-12-31,0.002676633648100779,0.005314265684073449,0.0242270029158922,0.044807949672708736,-0.007472748397289619,-0.013405620428589726,-0.9775351376466488,-0.9775351376466488,-0.9761904761904762,0.034482758620689724,0.2812191710226017,0.6238638357606598,-0.057061735219477876,-9.480211081794195,0.2661036595462825,-0.10580645161290324,0.018239492466296525,0.02060606060606052,-0.007804878048780496,-0.13461538461538458,-0.0424646128226478,0.3448275862068968,-0.01015004413062648,0.007092198581560405,0.00990099009900991,-0.03781454828803232
5,1995-03-31,0.024549910702126976,0.0356624735639437,0.0011754252449467373,0.0035769446096403095,0.035909973325070954,0.04939045565277112,47.468459152016536,47.468459152016536,45.0,0.034482758620689724,-0.9171167858045832,-0.518542531120332,-1.3692709443615434,-1.3758556316116988,-0.07899555323044727,0.08333333333333348,0.018239492466296525,0.02060606060606052,0.03539823008849563,0.09259259259259256,-0.0424646128226478,0.2564102564102564,0.01114578689255463,0.007092198581560405,0.00990099009900991,0.031964557926829285
6,1995-06-30,0.06876749284069428,0.09577239552229844,0.15828119776493632,0.1734430520976007,0.02672229839806417,0.008292979783770305,-0.15756683522157502,-0.15756683522157502,-0.16304347826086962,0.034482758620689724,-7.325291181364392,0.4209982942813537,4.7317073170731705,-2.7839403973509933,0.15301050837830155,-0.0006660006660006432,-0.042834890965732016,0.02060606060606052,0.02659069325736008,-0.03389830508474578,-0.0424646128226478,0.22448979591836732,-0.03938859494415059,-0.03521126760563387,-0.014705882352941346,-0.06619581775377381
7,1995-09-30,0.008335906878714994,0.00462420240052519,-0.040726500572088264,-0.0473254568560314,0.034333712947765216,0.04479925459547296,0.2444281227839125,0.2444281227839125,0.2467532467532467,0.034482758620689724,-2.2710114428515062,-0.2057680765707427,-1.3297494649376809,2.0839907192575406,0.4092616540427365,-0.02232589136954355,0.02359641985353944,0.02060606060606052,0.033302497687326404,-0.0491228070175439,0.00043478260869567187,0.2,0.02585679314565481,0.024330900243308973,-0.004975124378109319,0.054525680953087186
8,1995-12-31,-0.014945974495004675,-0.032759265681276406,-0.1222088500139692,-0.1376217687708854,0.03776718494487752,-0.05101516183645638,0.041558970184186535,0.041558970184186535,0.03125,0.034482758620689724,0.8404304858488125,0.09616990812552206,2.458078802687844,-2.719079145350587,-0.4992353069696308,0.07361963190184051,0.3235294117647061,0.3396674584323041,0.035810205908684,0.040590405904058935,0.02564102564102555,0.15277777777777768,0.05354213273676378,0.3539192399049882,-0.010000000000000007,0.12160135008438022
9,1996-03-31,0.0031367512099795825,0.013462443302655558,-0.0706888320336887,-0.07417097465641154,0.03382469305212665,0.044687466681213366,-0.020575649217421943,-0.020575649217421943,-0.010101010101010057,0.034482758620689724,-0.29906288070471376,-0.5905083269837814,-0.6536092035241902,-3.8128665207877455,2.804275741710297,0.06158730158730141,-0.01501501501501501,0.0026595744680852906,0.033707865168539415,0.024822695035461084,-0.22161016949152545,0.14457831325301207,0.0305775764439411,0.005263157894736858,-0.005050505050505083,0.09466688957619328
10,1996-06-30,0.042279419449273485,0.07196141753778673,0.07245870903011498,0.08559706610505025,0.031002664496567744,0.05456258670593983,-0.011511451600031973,-0.011511451600031973,-0.020408163265306145,0.034482758620689724,0.0044253111755818714,0.16250221513379404,-0.6428252693312935,0.5807947225938951,1.1652636649310733,0.06638755980861233,0.018292682926829285,0.04244031830238715,0.03010033444816052,0.031141868512110763,0.049537289058247065,0.12631578947368438,-0.010851648351648424,0.02966841186736469,0.01522842639593902,-0.012561566950479277
11,1996-09-30,0.016526335391270797,0.030752746291359045,-0.02053057272293657,-0.01810072335687773,0.030929738125246686,0.014892688021030274,0.054998284457182134,0.054998284457182134,0.0625,0.034482758620689724,-0.17739058673197738,-0.1498475609756098,0.2040870961984651,-0.26865084051808985,0.3935846778037904,0.011217049915872357,-0.01736526946107797,0.004240882103477618,0.030032467532467463,-0.016778523489932806,-0.0383817427385893,0.12149532710280365,0.01416469934731279,0.0016949152542373724,0.0,0.049764132704354085
12,1996-12-31,0.1944081509798108,0.10947680149650953,0.37181009150151945,0.40554994056731397,0.12889686768710207,0.002461584861474853,0.08247245179063367,0.08247245179063367,0.058823529411764726,0.034482758620689724,-0.033866765909936765,12.943159404697864,-7.758763803453642,-1.1242934811864134,-0.0351037224540679,0.041597337770382666,-0.02864107251675818,-0.036317567567567655,0.1134751773049647,0.010238907849829282,0.025889967637540368,0.10000000000000007,-0.0547720115021223,-0.0016920473773266442,-0.03500000000000003,-0.21065232605252493
13,1997-03-31,-0.02537067825189088,-0.034829951758880706,0.0033777246902990665,0.006116207951070375,-0.038271316271291655,0.09012275489504228,-0.03488680345686868,-0.03488680345686868,-0.04629629629629628,0.034482758620689724,0.6998727138741878,-0.9003613636655907,-2.2201302688714417,4.472282373321784,-0.199086146452909,0.039137380191693216,-0.013801756587201841,-0.030674846625766805,0.0014154281670204494,-0.06756756756756765,0.015772870662460692,0.0984848484848484,-0.013327538751267576,-0.018644067796610098,-0.010362694300518172,-0.04069062062529172
14,1997-06-30,-0.034629538169528296,-0.06146317192972539,0.08002265494035621,0.07855787659961666,-0.08830696872929532,0.06661214583443265,0.05402039956783677,0.05402039956783677,0.09708737864077666,0.034482758620689724,-0.3702214865610467,0.6968249870934435,-0.03300949933046349,1.7688654980016618,-0.6882672332389046,-0.029464514476044038,0.03244274809160297,0.005424954792043303,-0.08833922261484095,-0.02898550724637672,-0.04140786749482407,0.08965517241379327,-0.05564527969461175,-0.006908462867012077,0.010471204188481577,-0.12982780426111495
15,1997-09-30,0.007453826750816628,0.005751129447237657,-0.03485140107159379,-0.03903196420798505,0.030917047184170432,0.014955203832550444,-0.018745982383293613,-0.018745982383293613,-0.008849557522123686,0.034482758620689724,1.2976689612015018,0.029702593747622963,-0.12654510306883027,-1.3688618304464644,0.8144011106903951,0.17317845828933456,0.014171287738755424,-0.010791366906474751,0.03178294573643403,0.28358208955223874,0.12634989200863922,0.08860759493670889,0.02332089552238803,-0.022608695652173938,0.015544041450777256,0.0466208284420595
16,1997-12-31,-0.0053674147491638005,-0.016485467032807174,0.02428593070818419,-0.16897273654143996,-0.0207644726551568,-0.031919709595876755,0.11871458923512755,0.11871458923512755,0.2053571428571428,0.034482758620689724,-0.22517652025301804,0.2660018467220684,-0.041390904641314334,-1.4096474234792715,-0.1838718653264234,0.03397839783978407,0.061968408262454526,0.045454545454545414,-0.003756574004507906,0.002906976744186052,0.010546500479386323,0.07558139534883734,-0.01549680948040111,-0.003558718861209953,0.04591836734693877,0.18346418843134127
17,1998-03-31,0.02003582903573453,0.012692436440606249,0.004122816997553791,0.0020266688644099413,0.02867854982887419,0.023464692105790608,-0.09516499169106596,-0.09516499169106596,-0.562962962962963,0.034482758620689724,-0.5587191113923161,0.26034950549931435,-0.8011810149624827,0.03064409344556896,-0.23220183681731976,0.06985854189336216,0.02517162471395884,0.013913043478260834,0.02790346907993979,0.07536231884057965,0.0075901328273244575,0.07567567567567557,0.008487654320987525,-0.005357142857142838,0.01951219512195124,0.010650780756385814
18,1998-06-30,0.016565996793677984,0.021949026838830932,-0.005774304980178724,0.00035516474971175604,0.028409884441240818,0.058521039024431724,0.03634646330371516,0.03634646330371516,0.033898305084745894,0.034482758620689724,0.4348813127290108,-0.059836577856994026,0.031766413577489994,-2.1890428558318806,0.35959702486678496,0.056143205858421696,-0.008928571428571397,-0.0017152658662091813,0.028613352898019032,0.02695417789757415,0.02730696798493426,0.07537688442211055,0.01162968630451422,-0.008976660682226245,0.009569377990430672,0.021612932035366628
19,1998-09-30,-0.009679437422523971,-0.030609377782206626,0.0670017179927691,0.09670879169134804,-0.04898125473669457,0.0009544491809432287,-0.053350210970464114,-0.053350210970464114,-0.049180327868852514,-0.05000000000000005,0.7351292086490688,0.22407425645065995,3.2326713922406807,-1.225206452110828,-0.05956439200636876,-0.12365177195685673,0.0016891891891892552,-0.006872852233677063,-0.02139800285306692,-0.14698162729658792,-0.13657195233730526,0.07009345794392519,-0.039630918166691835,-0.014492753623188468,0.0047393364928911535,-0.11609406416644795
20,1998-12-31,0.02551526743603394,0.0164658082966036,0.10166004464524114,0.13219470887210405,-0.018271223916348056,-0.06685844587415779,0.17657651232862048,0.17657651232862048,0.2068965517241379,0.21052631578947367,-0.3017444790158611,-0.13896655067683086,-0.39335753732869705,0.015764222069910794,-0.06433548219053198,-0.08307692307692305,0.015177065767284947,-0.0017301038062282892,-0.001457725947521915,-0.06461538461538463,-0.08704883227176219,0.06550218340611358,-0.04268388722633487,0.009191176470588314,-0.009433962264150941,-0.10221540896053816
21,1999-03-31,0.04665331369997272,0.06168448189395415,0.07925726009833234,0.09479257117832683,0.0256142565226265,0.04371508887685449,-0.14743987998727134,-0.14743987998727134,-0.12857142857142856,-0.13043478260869554,-1.0374922678640977,-0.007942440665296258,-1.8322375352973408,1.1079622132253713,-0.14494165680747906,0.017257909875359582,0.0,-0.02339688041594456,0.02554744525547448,0.019736842105263275,0.01104651162790704,0.061475409836065475,-0.020072392234287584,-0.01092896174863378,-0.00952380952380949,-0.030239603415037175
22,1999-06-30,0.06328812709576859,0.08118340478724284,0.111628512813833,0.13096956350810052,0.030462944959759763,0.05072407303342463,-0.10148765618612587,-0.10148765618612587,-0.11475409836065564,-0.1166666666666666,4.637030247479377,0.2300791183950268,1.0074949991137672,-2.3753201024327786,0.2331316639084077,0.1795475966069746,-0.033222591362126234,-0.06566104702750652,0.030604982206405618,0.1483870967741936,0.17021276595744686,0.061776061776061875,-0.030893216924110067,-0.04235727440147341,-0.02884615384615385,-0.04401908440304436
23,1999-09-30,0.0034081881934893143,0.005795962757364714,-0.026393649119723417,-0.03418372307841898,0.02523887359252708,0.025491744279887436,-0.09487072972919508,-0.09487072972919508,-0.09259259259259267,-0.07547169811320764,-4.430027100271003,-0.6079174563065909,-1.512663656315431,-0.7489817293145584,0.047456657572824135,0.0,-0.06013745704467355,-0.07692307692307697,0.024861878453038555,-0.02808988764044951,0.02948402948402928,0.058181818181818334,0.0216562716562716,-0.0576923076923076,-0.01980198019801982,0.04135226665082281
24,1999-12-31,0.09169404954456464,0.05626289235293647,0.12497146841190075,0.09551429272559098,0.06854504617640855,-0.04590039246447786,-0.38461874685840414,-0.38461874685840414,-0.36734693877551017,-0.3877551020408163,-1.186682257758675,0.6723464505419392,-2.502694058309755,5.958738989337043,0.3166208069902749,-0.0884938074310827,-0.20292504570383907,-0.2139917695473252,0.06671159029649587,-0.11271676300578035,-0.05727923627684961,0.05498281786941561,-0.021197218924877026,-0.18571428571428586,-0.03030303030303028,-0.035830433046157295
25,2000-03-31,0.018577868440198264,0.04929289770892732,0.02379052971648909,0.037055416560410004,0.014760264743210127,0.06576532714130567,0.4635627530364373,0.4635627530364373,0.4193548387096775,0.4666666666666668,-4.9427797528356185,-0.333226286748606,-1.3559277633151596,-0.8666222518321121,0.03193848411850109,0.031339031339031376,-0.11391437308868504,-0.12041884816753926,0.010107391029690492,-0.03257328990228004,0.24101265822784826,0.05211726384364823,-0.0036382536382537634,-0.10526315789473673,-0.02083333333333337,0.011835019823658309
26,2000-06-30,-0.015136986956812981,0.029908101644012808,-0.021226149520805933,0.01522942161649632,-0.010637773881742474,0.03918025023552652,0.3506588046880688,0.3506588046880688,0.3636363636363635,0.34090909090909083,-0.1706526406182911,0.028328735934147763,0.043792262753576505,-4.769230769230768,-0.116657648604777,-0.09626009349766262,0.00690250215703192,0.005952380952380931,-0.010006253908692921,-0.10437710437710436,-0.01427988576091399,0.05263157894736836,0.004520952877760554,0.011204481792717049,-0.005319148936170136,0.014445289198198763
27,2000-09-30,-0.006953551009938108,-0.005677336570576674,-0.038104792320506564,-0.0367381273723707,0.015751480086114045,-0.000235100505466046,-0.13572994143221584,-0.13572994143221584,-0.1333333333333333,-0.13559322033898302,1.0544381455307912,0.0474750915438984,0.7469040588779692,-3.0043731778425657,0.2647053676123139,-0.2960263343522219,-0.007712082262210762,-0.005917159763313529,0.01516108654453574,-0.28947368421052644,-0.3191225165562914,0.05000000000000005,0.022849229703998608,0.0,-0.005347593582887722,0.032226449901994636
28,2000-12-31,-0.0373528544965458,-0.061868517539176215,-0.1176975451810688,-0.15352787333115106,0.01826252655130145,0.045394731543894506,-0.0038248072006152882,-0.0038248072006152882,-0.019230769230769273,0.0,0.42608202608202617,-0.05463192553148244,1.4470344862383009,-1.467702479338843,-0.1228827632015942,0.07414829659318611,0.10362694300518127,0.125,0.01866832607342883,0.058201058201058364,0.0626139817629181,0.04761904761904767,0.05787781350482324,0.07479224376731297,0.04838709677419351,0.10829377268919303
29,2001-03-31,-0.002942753723063185,0.00372285404874706,-0.04385225768040778,-0.047823969255637484,0.021595747587138225,-0.06061021586968007,-0.11994240761221132,-0.11994240761221132,-0.11764705882352945,-0.11764705882352945,-0.17112412860815862,0.5630562841295095,-0.4864842574073692,-1.7902176986146452,0.08819260381168759,0.0774253731343284,-0.006259780907668211,0.021164021164021163,0.010384850335980243,0.06000000000000005,-0.03318077803203666,0.045454545454545414,0.024476083826587614,0.0,0.02051282051282044,0.0541221527917759
30,2001-06-30,-0.005930198751163629,0.001958988876893386,-0.014751350260071128,-0.026876658272248943,-0.0009779782972862974,0.004608748421380593,-0.6486069946650861,-0.6486069946650861,-0.6444444444444444,-0.6666666666666667,-0.1975099399869954,-0.3656194982394366,0.1385063240313189,-1.4817531305903402,-0.039043697625192116,0.15440115440115454,-0.221259842519685,-0.19948186528497414,0.0048367593712213,0.141509433962264,0.14911242603550326,0.04347826086956519,0.004996876951905094,-0.20876288659793812,0.010050251256281229,0.02963954488956877
31,2001-09-30,-0.02385491955927832,-0.02239313843878299,-0.06564472829915867,-0.07729555107233788,-0.0007169939026838713,-0.02096421341343957,2.780161943319838,2.780161943319838,2.75,2.933333333333333,2.001660379363477,-0.19361692901435326,1.3435433529069458,-27.8232454511697,1.0898296646097676,0.026249999999999885,0.04246713852376138,0.07119741100323608,0.008423586040914529,0.02066115702479343,0.3048403707518021,0.044117647058823366,0.023772529521441932,0.06188925081433205,0.00995024875621886,0.059522704057944235
32,2001-12-31,-0.02034739328964652,-0.044875281284956985,-0.10316490318510883,-0.13322794963493945,0.0224902195639336,-0.07408880417690134,0.0980150655099783,0.0980150655099783,0.10000000000000007,0.10169491525423746,-0.4879124866689973,1.0255969025596905,-0.641361926260346,-0.5801204402298055,0.2189638742094777,0.057734470158343536,0.07274490785645016,0.09818731117824786,0.022673031026252843,0.0485829959514168,0.007892659826361559,0.039906103286385,0.04370921232356939,0.12576687116564433,-0.024630541871921152,0.10192813321647676
33,2002-03-31,0.042917821628433835,0.07469135314886932,0.07152179228979083,0.09059047220080507,0.029934711378383883,0.013296725165893973,-0.04966429860354726,-0.04966429860354726,-0.045454545454545525,-0.061538461538461535,-0.4035689595575527,-0.7975735372199214,-0.8242242410255334,0.739004286185295,0.3123793279082714,0.2206356517733763,0.07956600361663657,0.09628610729023368,0.028588098016335994,0.1930501930501931,0.12764291307752562,0.038374717832957206,-0.012505452959139074,0.11444141689373287,-0.015151515151515138,-0.014594766563270524
34,2002-06-30,-0.006601000782298193,-0.007592406123903994,-0.031667478653298775,-0.05569546061879427,0.005310747465449017,0.06178722345403088,-0.06772383591638442,-0.06772383591638442,-0.0634920634920636,-0.06557377049180335,-0.4286355930975528,3.28144262295082,2.8075913105753165,-1.4228158653116942,-0.10064082314183853,0.0009433962264151496,0.19095477386934667,0.2107904642409036,0.011344299489506549,-0.025889967637540482,-0.07916666666666672,0.039130434782608914,0.01207480488882351,0.21760391198044005,-0.00512820512820511,0.05097057992655074
35,2002-09-30,0.0007274612265650847,-0.004024873692488384,0.0665395614871307,0.09356316034940447,-0.029205114133024623,0.007204601302988278,0.1000752307381787,0.1000752307381787,0.10169491525423746,0.1228070175438598,3.21800431089134,0.3667830668382037,2.1382131661442005,-1.8600959598224287,0.09624715864899724,-0.14099905749293118,0.010548523206751035,0.012435233160621673,-0.011777902411665542,-0.14950166112956798,-0.2899698340874812,0.03765690376569042,-0.02997235559435485,0.016064257028112428,-0.005154639175257714,-0.08924045772214118
36,2002-12-31,0.008457571061056601,0.0038268461947181813,-0.04459763437015851,-0.0600267754787921,0.03489236535585527,-0.06893717799567889,-0.3552115824062182,-0.3552115824062182,-0.3384615384615385,-0.34375,-0.8275849630569266,-0.5323397579560736,-0.8235323497387848,-1.5183254262030133,-0.04550739231931157,0.03576914636822481,-0.10647181628392488,-0.10747185261003067,0.03348467650397269,0.046875,0.01486988847583648,0.03629032258064502,0.02624868756562182,-0.09881422924901184,-0.010362694300518172,0.06792309638249439
37,2003-03-31,0.02268561216485443,0.03055260558120932,0.007132174566111926,-0.010713566879198222,0.029948467888070818,0.01680409767225588,0.3556147657604056,0.3556147657604056,0.34883720930232553,0.3571428571428571,0.7313713867289655,0.20276033929170456,-0.10964564700554737,-2.0115670891168778,0.04822853525665627,0.003177966101694852,-0.03816199376947027,-0.03440366972477072,0.029654036243822013,-0.029850746268656688,0.1062271062271063,0.03501945525291838,0.007161648640748418,-0.03289473684210531,0.0,0.04169134194006864
38,2003-06-30,0.020500308294918446,0.012940464583785394,0.014994194297510031,-0.005862220574670007,0.022984985820685644,0.02931002247932657,0.06848713838638276,0.06848713838638276,0.05172413793103448,0.05263157894736836,-0.09286260925605183,0.7538449278826997,1.2564053658846714,-4.170627423684996,-0.1458791774366951,-0.014361140443505782,-0.00728744939271253,-0.0059382422802850545,0.026133333333333345,-0.04230769230769227,0.0033112582781456013,0.03571428571428559,0.0023218691046291698,0.013605442176870763,-0.020942408376963262,0.01891226075421648
39,2003-09-30,0.02116166668959774,0.035219876667533345,0.0044018090252972986,-0.00013874797297885877,0.028665608497526977,0.02388414042933129,0.015055453360241387,0.015055453360241387,0.03278688524590168,0.03333333333333344,2.072619496925161,-0.5366213821618429,-0.6982615310923896,-4.353717816037884,0.5727967091238257,0.05185343904006867,-0.04323001631321366,-0.032258064516129004,0.029625779625779725,0.02409638554216853,0.03771805752003776,0.03266787658802195,0.007383813522513494,-0.015659955257270708,-0.016042780748663166,0.035374200267817235
40,2003-12-31,0.010394286895560878,0.01788418372370404,-0.013467732239918484,0.22573091300162185,0.02082609494260557,-0.038523523135851716,0.08624815257935102,0.08624815257935102,0.07936507936507953,0.08064516129032273,0.16337427745664734,-0.2269451389910281,2.35689606872724,0.02100243126987089,0.3718387947064072,-0.03707476064371562,0.08610400682011954,0.09259259259259256,0.0242301867743564,-0.06274509803921557,-0.02816901408450712,0.031634446397188036,0.010347801092267959,0.1045454545454545,-0.010869565217391351,-0.1695706843901562
41,2004-03-31,0.023202846215802486,0.05037427766278335,0.06147319647537075,0.06279435073021622,0.007034173651250475,0.06356812757976993,0.013298130810845743,0.013298130810845743,0.014705882352941124,0.02985074626865658,-0.4238468179192726,-0.349949264332826,0.3939191632590615,-0.7077647317421647,0.07921077195003279,-0.005500317325999649,0.024332810047095643,0.02598870056497193,0.007885657959586071,-0.029288702928870425,-0.10659186535764376,0.03236797274275971,-0.015789473684210575,0.026748971193415686,0.0,-0.011680726800778808
42,2004-06-30,0.02511154023454165,0.03768152264825631,-0.013306923322343957,-0.018807930089092983,0.04222022975985329,0.02294756715064916,0.06489873559359971,0.06489873559359971,0.07246376811594213,0.04347826086956519,-0.2742031110200825,1.4075121951219511,-1.1894631810017962,0.610849943587815,0.11823146214219338,0.11891087002765376,0.01992337164750957,0.024229074889867697,0.04058679706601477,0.10775862068965524,0.06698063840920998,0.033003300330032966,0.016620898973840337,0.026052104208416967,0.0,0.05756182972203972
43,2004-09-30,-0.023073232021451395,-0.044673363870485816,-0.1038896298990879,-0.11618590613498934,0.010998861901801328,0.035894851326540245,0.01606148396103224,0.01606148396103224,0.0135135135135136,0.0277777777777779,1.156854299717808,0.5930218422012401,-22.00400252791237,-2.799023327302088,-0.19021210332194405,0.038212927756653865,0.02253944402704744,0.03440860215053765,0.021146616541353414,0.0,-0.007846983815595898,0.03194888178913735,0.034972988342337086,0.0234375,0.01098901098901095,0.08091887417218535
44,2004-12-31,0.04464665498665932,0.03169193990396346,0.013628436153694691,0.017138768440835728,0.05623781835714836,-0.027748207803347642,0.330437737298527,0.330437737298527,0.3333333333333333,0.32432432432432434,-0.303344557605305,0.7337132100429906,-0.9969309770725934,-1.3848142059955877,0.09038949558378606,0.12854788500274686,0.07861866274797946,0.09043659043659047,0.04970087436723425,0.10505836575875492,0.08007909045971329,0.030959752321981563,0.01098901098901095,0.08396946564885499,0.005434782608695564,0.014321271300019143
45,2005-03-31,0.015479932359828252,0.016964027735589804,-0.01382815333810683,-0.021908597686712945,0.025990222295294352,0.05527864627595447,-0.19170294039264452,-0.19170294039264452,-0.18999999999999995,-0.19387755102040816,-0.8745860886239856,-0.2308741966722423,31.442810457516337,-2.6791726386195656,-0.1391975696919715,0.031153658932338013,0.001362397820163341,0.02001906577693036,0.02586584831214389,-0.017605633802816878,-0.07093821510297482,0.03003003003003002,0.010461956521739202,0.014084507042253502,0.00540540540540535,0.03975235003208888
46,2005-06-30,-0.013706662834530592,-0.029595176185779563,-0.020582540733002586,-0.028443282437210726,-0.011336573162207821,0.02841304087258778,0.12085119243872945,0.12085119243872945,0.12345679012345667,0.12658227848101267,7.030107187894073,-0.2860413208950953,4.439284814908084,-0.2725857740585774,-0.11762779570008874,-0.09488591660110136,0.029931972789115857,0.044859813084112236,0.005982905982905962,-0.11827956989247312,-0.12266009852216753,0.03498542274052463,0.002285867957509735,0.0277777777777779,0.016129032258064502,-0.0011981700675331994
47,2005-09-30,0.06116507027998641,0.0862613387785649,0.10575112209355077,0.11361224606508102,0.04594015056748835,0.04045285283885303,0.0799127333341505,0.0799127333341505,0.07692307692307687,0.0898876404494382,0.6587362346151582,0.008122912491649979,-0.8893302591738659,-3.769873225502151,0.369247898218892,0.036856745479832975,0.03566710700132103,0.03756708407871212,0.0420560747663552,0.028455284552845406,-0.015160022459292488,0.033802816901408406,-0.014220552723369972,0.04054054054054057,-0.005291005291005346,-0.02457377585517473
48,2005-12-31,0.04080473531307826,0.06210593691588295,0.03396402220078687,0.03702372291408107,0.04327422903322686,-0.02641944296253973,0.17847211976075086,0.17847211976075086,0.19387755102040805,0.16494845360824728,-0.11854889291250993,-0.061411646213787814,0.1993808567603748,-0.18202131459376847,0.2205859952511089,0.11452045606975192,0.015306122448979663,0.015517241379310319,0.03750509580105986,0.07114624505928857,0.043899657924743485,0.032697547683923744,0.002313554708764265,0.017857142857143016,0.0,0.02418663585883052
49,2006-03-31,0.013324341255778416,0.010137806902157598,-0.02764043983417685,-0.038508096687043684,0.027980634135089225,0.020502572259863745,-0.16951095017046436,-0.16951095017046436,-0.17948717948717952,-0.1769911504424777,-0.8195842032127921,0.3710888964192929,1.0491803278688523,-1.5180149074882712,-0.09361637309274827,0.09733714457650056,0.01193467336683418,0.01358234295415972,0.029862475442043342,0.05904059040590415,0.054068814855270375,0.0316622691292876,0.014392396469789404,0.022328548644338087,-0.010638297872340273,0.05061494796594124
50,2006-06-30,-0.008416070455576019,-0.012024050082205084,-0.036855039940525636,-0.046239466643775866,0.0012082329836979875,0.04493146090139155,0.08704324330592694,0.08704324330592694,0.09375,0.096774193548387,1.7402515255246316,-1.0932383168908204,3.059948936170213,-0.20915096743839567,-0.08168331365930792,0.015766383328763345,0.004345127250155123,0.007537688442211143,0.014879816863792472,-0.013937282229965152,-0.020725388601036343,0.03708439897698202,0.009771114977914495,0.014040561622464807,-0.005376344086021501,0.03588127316177725
51,2006-09-30,-0.012779126093120152,-0.025430121332734142,0.051387228294528686,0.05343133578339465,-0.033668723093758346,0.024694513379369898,0.11473346205954835,0.11473346205954835,0.1428571428571428,0.13725490196078427,1.8848289814927963,-11.586260216478903,0.5969847645080957,-0.3508750185910465,-0.05773899162369001,-0.07666351734377119,0.03522867737948099,0.035743973399833706,-0.005263157894736858,-0.09187279151943473,-0.1063492063492063,0.035758323057953234,-0.0212089077412514,0.027692307692307683,0.010810810810810922,-0.07486040991006049
52,2006-12-31,-0.01194711507272328,-0.04171881561504198,0.07701150708171034,0.005771284548677924,-0.043457042617613406,-0.037736780346680036,-0.053218366604781187,-0.053218366604781187,-0.033333333333333326,-0.017241379310344862,-0.4174358346786909,-0.002670895584675703,-0.19258314169003146,2.012296177492649,-0.18458467687210134,0.036105832480631365,-0.0005970149253732293,-0.0072231139646869984,-0.02305366591080871,0.04280155642023353,-0.010065127294257016,0.0345238095238094,-0.03182556879739973,-0.023952095808383308,0.016042780748662944,-0.04723527285869178
53,2007-03-31,0.008853322687985443,0.0038370945273205055,-0.010215631343749363,-0.045000658339031885,0.01645837303655595,0.057791292049149234,0.02884780609099092,0.02884780609099092,0.0431034482758621,0.026315789473684292,-0.3341493564728409,-0.5693363461377521,-0.44624428563067775,-0.7084416160642977,-0.065999753207584,0.05205981941309257,0.05675029868578262,0.04688763136620855,0.024758220502901333,0.07462686567164177,0.04964114832535893,0.0333716915995399,0.007553503986571729,0.018404907975460242,0.026315789473684292,0.05113226870993448
54,2007-06-30,0.0540032462799247,0.07085266614987651,0.019528827909693014,0.014317947988104375,0.06739147622156305,0.0351422227796967,0.029512609665281363,0.029512609665281363,0.03305785123966953,0.03418803418803429,0.18817419581862094,1.3086863583365722,-1.1120531730001408,-3.779164311491804,0.19638555697571536,0.1449644629207456,0.026568682871678902,0.01776061776061777,0.05700264250660636,0.11805555555555558,0.08376068376068369,0.03897550111358572,0.01263362487852282,0.0075301204819278045,0.01025641025641022,0.05575403269459778
55,2007-09-30,-0.05528415926960417,-0.11138343913660133,0.22743465223166,0.2825374600260744,-0.16015547127070207,0.03596539936327736,0.0415970837190216,0.0415970837190216,0.06400000000000006,0.06611570247933883,0.6076020465477272,0.5943562981356003,-40.98134562984699,-5.6938890453393425,-0.7704974447212306,0.0422815647692667,0.04515418502202628,0.01365705614567525,-0.10571428571428576,-0.012422360248447228,-0.000525762355415238,0.037513397642015,-0.1109130792432137,-0.010463378176382765,0.025380710659898442,-0.30715066994804496
56,2007-12-31,0.011138435494755685,0.012424116695282759,-0.07417340563293606,-0.05823771206383544,0.057388334855329674,-0.028240218209179883,-0.043591387998167634,-0.043591387998167634,-0.015037593984962403,-0.015503875968992276,-0.16703934746979374,-0.29937835733234786,-0.8511908194452453,-1.080230248246807,0.26935299778439226,0.013597033374536549,0.022655426765015863,0.008982035928143839,0.0611022364217253,0.13207547169811318,-0.01367701209889538,0.03615702479338845,0.0456437933693139,-0.010574018126888074,0.01980198019801982,0.07503700049334006
57,2008-03-31,0.019975578760114576,0.029822019672182117,0.17038115511286045,0.20220884967745767,-0.05141823013877267,0.03058347029600683,0.09431757222775694,0.09431757222775694,0.12213740458015265,0.12598425196850396,-0.8985075082174752,-0.7456107301635144,-1.1364252875587888,-0.8341572846994308,0.03519133968634569,-0.1301552106430156,0.05667181865018045,0.02299703264094944,-0.021076401957094367,-0.1805555555555556,-0.15306666666666655,0.034895314057826754,-0.0699011945140835,0.010687022900763177,0.009708737864077666,-0.14340782892019646
58,2008-06-30,0.07438860041073148,0.0989074806917798,0.15337343836596595,-0.329276332675396,0.02812995703505173,0.05768052179169025,-0.0092701202752149,-0.0092701202752149,0.006802721088435382,0.0,6.9211000901713255,4.60678317535545,13.796384764364106,34.27179358717435,1.1990649669161788,0.07736426204435398,0.05948317893710375,0.007251631617113841,0.03191080353710096,0.10169491525423724,0.023929471032745564,0.03853564547206157,-0.043126684636118566,-0.004531722054380571,0.014423076923076872,0.6384335154826959
59,2008-09-30,0.04301609955314567,0.06544527409201506,0.04758405181872072,0.1027867400993443,0.040014915365563335,0.04702662028077431,0.2371818093462568,0.2371818093462568,0.2432432432432432,0.2517482517482519,1.054708103287988,-0.159442111102306,-1.4577915844953664,-0.24588615461098684,0.4111890765739601,0.02709097361883339,0.051081454210768484,0.03095752339812808,0.04247391952309987,-0.0061538461538461755,-0.014760147601476146,0.03710575139146567,-0.0028169014084508115,0.042488619119878564,-0.009478672985781977,-0.03387502861066605
60,2008-12-31,-0.00594495991874322,-0.01253246295688204,0.05201973941136795,0.0365645888218773,-0.04430543618670446,-0.1341795892849862,-0.22930518557665525,-0.22930518557665525,-0.2282608695652175,-0.2234636871508381,-0.10086105404095204,-0.2178907011093303,1.033681521863444,-0.6998295395684808,0.08746298882873194,-0.16056208246947712,0.015323992994746185,-0.023743016759776414,-0.028949249463902763,-0.1950464396284829,-0.231585518102372,0.03577817531305905,-0.03871718178796946,0.010189228529839944,-0.03827751196172258,-0.04734829255085116
61,2009-03-31,-0.06966797964508907,-0.11184972405787208,-0.13363012718579492,-0.2506793710140285,-0.02307202509581796,-0.07999660943518838,-0.10690821479868418,-0.10690821479868418,-0.10563380281690138,-0.10071942446043156,-0.7816882243297784,-0.42977398292315416,0.4151802869970289,-5.352273083801337,-0.3500466829846829,-0.0318331503841931,-0.03708495040965931,-0.045779685264663916,-0.0011041589988959322,0.0,-0.051177904142973296,0.0345423143350605,0.05012964563526357,-0.008645533141210415,-0.03482587064676612,0.18527071195111566
62,2009-06-30,0.041357527354338286,0.06340102431823702,0.00893018516325661,0.018972183824675914,0.06230720410532897,0.04641876324007943,-0.04059017618128613,-0.04059017618128613,-0.03149606299212604,-0.03200000000000003,3.4711167560447835,-0.2520875171757743,-0.9151251432242512,-2.144182525951557,0.6162247156112901,0.09807256235827676,-0.052843708016121815,-0.045727136431784055,0.056374355195283776,0.09615384615384626,0.13184931506849318,0.03839732888146896,0.020082304526748862,-0.013081395348837229,-0.036082474226804,0.0435812127206785
63,2009-09-30,0.09962049642297698,0.12827940395797574,0.0669738789749259,0.15857994676863618,0.09042686757525308,0.03678560038297407,0.5634287197456362,0.5634287197456362,0.5528455284552845,0.5537190082644627,0.4578524309026062,0.28542491049557195,-1.144830277019118,0.6112801708658591,0.6143394884828162,0.09202374806401648,-0.010401891252954987,-0.00471327572662994,0.08022322985699337,0.035087719298245716,0.13464447806354007,0.03697749196141476,-0.008229788607390653,0.051546391752577365,-0.053475935828877,-0.026136657380015586
64,2009-12-31,-0.004997798426669475,-0.06708657323154732,0.08489431360289013,0.15278758881877708,-0.05988164446414135,0.02777314717251756,-0.3286156996209292,-0.3286156996209292,-0.32460732984293184,-0.3191489361702127,-0.1965582815223236,5.804155825118188,-136.55172413793105,-1.8295952202202201,-0.31570379518923863,0.10967970689043847,-0.039178213091256575,-0.03946329913180746,-0.03519535033903776,0.027118644067796405,0.09266666666666667,0.0356589147286821,-0.055157826228441335,-0.0308123249299721,-0.005649717514124353,-0.1907275783761465
65,2010-03-31,0.022661158479706067,0.04518288635078816,-0.03139281171183605,-0.0552150556321519,0.06070609875584632,0.02358834996618353,0.02179109398503987,0.02179109398503987,0.03875968992248069,0.0234375,-0.4916351158957499,-0.8767080494438909,-0.9713137560417195,-1.4175920514319111,0.19265837593586024,0.0976674832250506,-0.0283441074092492,-0.03040262941659821,0.0535475234270415,0.13861386138613874,0.11897498474679667,0.034431137724550975,0.03719648699845002,-0.02601156069364152,-0.005681818181818232,0.10626822157434423
66,2010-06-30,-0.0206905419501282,-0.04729953860786962,0.04107306047707039,0.08802465704148199,-0.06546769141346831,0.06657800920140122,0.30153368356306665,0.30153368356306665,0.31343283582089554,0.32061068702290063,0.5292116864415015,0.9700755755537112,37.777746986282395,-2.8105600577891146,-0.2924723183990344,0.031243935571511724,0.08034800409416598,0.06101694915254253,-0.03970775095298607,-0.02028985507246384,0.02017448200654304,0.039073806078147484,-0.045824340029885335,0.04302670623145399,0.017142857142857126,-0.12439056529186987
67,2010-09-30,0.015356405589818543,0.011830207383172642,0.08533106835164372,0.12116316639741508,-0.03550231301676876,0.06487428351019453,0.1652347048660876,0.1652347048660876,0.19318181818181807,0.1907514450867052,0.18830339759551212,0.07596957669024551,-0.06188473481288793,-0.3669488566940129,-0.26168578327410663,0.02869777945050812,0.039317858834675416,0.009584664536741228,-0.009262322196493587,0.07100591715976345,-0.05772314270443624,0.03760445682451263,-0.050113102488254624,-0.031294452347084056,0.04494382022471921,-0.09751693002257332
68,2010-12-31,0.03038606452961368,0.042147426121867726,-0.0146284408925903,-0.028993811853539775,0.06600563066547037,-0.03828342666046125,-0.12097337189588107,-0.12097337189588107,-0.10952380952380948,-0.10194174757281547,-0.4920729068925115,0.08501123178698755,-0.8896511007846424,-1.265349732641385,0.09404972985047544,0.17232232690021032,0.06882406563354593,0.06091772151898711,0.06010016694490816,0.1823204419889504,0.13953488372093026,0.03624161073825505,0.03462172559076748,0.04405286343612347,0.016129032258064502,0.0732866433216608
69,2011-03-31,0.007439599198540536,0.01055864626278602,-0.05104016992565752,-0.100466695732098,0.05052112808903986,0.0311578938148438,0.1945616821723017,0.1945616821723017,0.1925133689839571,0.17837837837837833,0.13321017669468005,-0.4690966418477434,1.5346035690863276,-0.2116826245082758,0.06776751931702908,0.0500897245845362,0.11215351812366724,0.10589112602535412,0.053228346456692936,-0.009345794392523366,-0.035838725734196115,0.03497409326424883,0.0428470254957507,0.08298171589310832,0.021164021164021163,0.12339780936844558
70,2011-06-30,0.0678825877911966,0.10812918766486468,0.059604090757989565,0.37956333195646375,0.07410432240681053,0.0633941597314096,0.07567766078020433,0.07567766078020433,0.0717488789237668,0.07339449541284382,0.6139571420124841,0.8554255661693677,-0.8362794498161514,5.167451275774409,0.39142684704926256,0.08641058028085302,0.03105828220858897,0.040458530006743036,0.06459330143540676,0.030660377358490587,-0.034589571502323224,0.041301627033792254,0.005772495755517859,0.041558441558441565,-0.005181347150259086,-0.1967638211803755
71,2011-09-30,0.08337469809674469,0.028503051162330536,0.18054863517864408,0.2742328552902233,0.02036211096902374,0.05572829454693951,0.07202519351325898,0.07202519351325898,0.07112970711297062,0.07264957264957261,0.3109934163011965,6.5640462004203535,-5.427882215937449,-1.801792243280996,-0.2255548040068284,-0.008753932430584088,0.0003718854592786869,0.003240440699935121,0.022471910112359383,-0.06864988558352403,-0.08074866310160422,0.03966346153846145,-0.058237677245104764,0.02244389027431426,-0.015625,-0.19283746556473824
72,2011-12-31,0.03635023167045559,0.04546932258057002,0.03785185030795035,0.009687852827860777,0.035376620000669545,-0.017848369018564347,-0.18469588899687567,-0.18469588899687567,-0.1875,-0.1872509960159362,-0.2569440563348796,-0.8394586506032696,-3.7281710249474003,-0.7603625216580034,-0.06979368551805976,0.15420173865047593,-0.018215613382899683,-0.021963824289405576,0.03021978021978033,0.13022113022113002,0.09598603839441533,0.03815028901734109,-0.0008962179602077791,-0.0060975609756097615,-0.015873015873015817,0.03546288395904429
73,2012-03-31,0.007452828228297292,0.004192363353000106,-0.057296402268721014,-0.11316101374353806,0.058017296964186775,0.05611284874024025,0.2628700735432774,0.2628700735432774,0.2644230769230769,0.2598039215686274,-0.4292483493340926,-0.3748828937548628,-0.6182157464916751,-1.1296678849515334,0.009729024027470112,0.21411919421364112,-0.0015145778114351582,-0.001981505944517848,0.057333333333333236,0.17826086956521747,0.1884288747346073,0.03674832962138086,0.050233225690706984,0.006134969325153339,-0.010752688172043001,0.13230674151516708
74,2012-06-30,0.0021253533310461314,-0.0027592216090618358,-0.0055947266306324295,-0.21769550869062915,0.00481321684104552,0.025453111429737163,0.01700121589624359,0.01700121589624359,0.019011406844106515,0.023346303501945442,0.2423238389276907,0.9643619183092866,1.7578320858508434,-28.269914215686274,-0.2627533172942097,-0.03131308158140912,0.0007584376185059137,-0.0006618133686301375,0.011349306431273742,-0.08487084870848705,-0.07101384546672618,0.0429645542427497,0.0027331738981892784,0.0012195121951219525,0.0,0.2747657600291096
75,2012-09-30,0.04671741462640089,0.06529809751323867,0.07938543967402834,0.12492211126250365,0.02595675293870125,0.014195685276366719,-0.1851560533601813,-0.1851560533601813,-0.1828358208955224,-0.1825095057034221,1.5601142580048792,-0.2581304229759611,-0.2536688727862506,-2.9217944252828367,0.6849238826647874,-0.014332909783989822,-0.0663129973474802,-0.0596026490066226,0.028927680798005007,-0.02419354838709676,-0.04374999999999996,0.04119464469618928,-0.01993185689948896,-0.05602923264311821,-0.005434782608695675,-0.05302030185178575
76,2012-12-31,0.0061909279449345895,0.008934754759469143,-0.05862365478289223,-0.002952360642207719,0.05464650875340227,-0.02414732564587574,0.0056179775280897895,0.0056179775280897895,0.009132420091324313,0.009302325581395321,-0.28945304523083026,1.2935629499224346,-0.3694093936207501,-0.8172538978235325,0.07428654263396406,0.039034703243438384,-0.023538961038961026,-0.00422535211267594,0.054289869122637,0.008264462809917328,0.07893413775766711,0.03956478733926816,0.04814879193464261,-0.005161290322580614,0.0,0.01194378508722349
77,2013-03-31,-0.00017349346846950997,0.007856197253020003,-0.05360124644745612,-0.08387106332112038,0.03471397315794912,0.024398954234273074,0.3556157090108596,0.3556157090108596,0.3529411764705883,0.3548387096774195,-0.2651924726972835,-0.6847793044747081,0.35922626905493105,0.07015355086372366,0.07400074768339815,0.08049627791563285,0.004987531172069737,0.021923620933521848,0.03425287356321838,0.026639344262294973,0.06570363466915198,0.03805899143672686,0.03499170812603647,0.02464332036316464,0.0,0.10011914513366582
78,2013-06-30,0.003272415256671213,0.013257039338748998,-0.004231600779265099,-0.002564123296227461,0.011394158428372549,0.04434504820352258,0.02748326551421365,0.02748326551421365,0.03010033444816052,0.030612244897959107,0.19266283861532613,0.14043589372679488,0.5557282188643753,-0.903596090036768,0.00664241755163575,0.11569906301671873,0.006203473945409543,0.023529411764706017,0.01200266725939092,0.07784431137724558,0.07389593353738523,0.042621448212649016,0.008011536612722248,0.02278481012658217,0.0,0.015839171489491433
79,2013-09-30,0.04401750648839453,0.029340851209783025,0.05283734353501801,0.08877123474366311,0.03919596401999037,0.0071251586669416325,-0.03156758246806945,-0.03156758246806945,-0.02922077922077915,-0.02640264026402628,0.6805842038725132,2.8907891677060653,-0.22122992403333075,14.892713178294576,0.10486945028143736,0.07319583384792727,0.039046444718454636,0.06085192697768771,0.04063254996705479,0.06111111111111112,0.031351791530944695,0.040879120879120816,-0.004609759974566918,0.061881188118811936,0.0,-0.054572713643178505
80,2013-12-31,0.002814217290936449,-0.0015781721604789525,0.030323893306984036,0.11288869530903912,-0.011595914579337174,-0.008879605424989445,-0.2563701141900194,-0.2563701141900194,-0.2474916387959867,-0.2508474576271187,-0.3041105187992251,-0.31212848961672623,0.8764798703874033,-3.133511530807352,-0.2025037268863601,-0.0002685181633357292,-0.01740506329113933,-0.01147227533460815,-0.0027437737441958765,-0.04013961605584648,-0.0722463482037109,0.039273648648648685,-0.01437240498243375,-0.015151515151515138,0.005464480874316946,-0.10286499629982028
81,2014-03-31,-0.006095138776012421,-0.01597123790972266,-0.017455086177205148,-0.024797832395320296,-0.0007171341216168914,0.0035314180525922727,0.3821651174808132,0.3821651174808132,0.38222222222222224,0.3891402714932126,-0.3192262364367863,-0.5878436018957346,-0.2555086879879124,-0.4963009025980558,-0.12790146849834205,-0.04903691197912674,-0.0032206119162642155,-0.005157962604771082,0.0046560846560845795,-0.045454545454545414,-0.05234042553191487,0.03778951645672479,0.005508749189889972,-0.00591715976331364,0.0,0.009073768559981321
82,2014-06-30,0.014726715243066346,0.01164649974095888,-0.022223528288163874,-0.034030306902190784,0.03576975758495648,0.0505011889955973,-0.04956312628950443,-0.04956312628950443,-0.04501607717041789,-0.04234527687296419,-0.03921966594634607,0.5219916058184326,-0.20467875112499026,-0.20375816993464052,-0.11677636834201365,0.03881536475145242,-0.029483037156704306,-0.027867790019442614,0.0362334105751001,0.0323809523809524,0.02694207453973952,0.04228660924040728,0.02062520141798241,-0.027380952380952502,0.0,0.047296508233095835
83,2014-09-30,0.0028437418099331872,0.004325943152949208,-0.007126112549428743,0.0269252245766134,0.009465887463361522,0.022408886462812472,0.11852949032367732,0.1058397882621469,0.1212121212121211,0.12244897959183665,1.0774846534284364,0.3011106074342702,0.7730100022024591,-0.7269991107462891,-0.0360951080320886,-0.05301794453507337,0.01331668747399073,0.021333333333333426,0.012604187843057613,-0.08487084870848705,-0.04547442063839102,0.040570999248685125,0.006630880959898944,0.004895960832313585,0.010869565217391351,-0.022041332143919123
84,2014-12-31,-0.007916017074145132,-0.02500736776706225,0.08115685861157518,0.09071104952268484,-0.054846138421388746,-0.02002292504711656,-0.3537786229713185,-0.3463631213522522,-0.3483483483483484,-0.3545454545454545,-0.1118112732416776,0.44329278324574894,-0.02575668011685384,6.7749937359057855,-0.2911482669969412,-0.004347647758500496,-0.00698151950718684,-0.010443864229764954,-0.04456936358161012,-0.01814516129032251,-0.034814475492441536,0.03898916967509036,-0.047365119196988485,-0.023142509135201102,0.010752688172043001,-0.10607730606970478
85,2015-03-31,-0.013867620242183798,-0.0070455449935282735,0.00027597916357313684,0.02839704022141265,-0.02395329159542814,-0.0283947288665406,0.4177399740659371,0.4027640604948972,0.4331797235023041,0.4413145539906103,-0.4740101218596477,-0.3817372296055897,-0.8241478009681632,-1.1802878934364591,0.07405005206402993,-0.0007826982492276091,-0.001240694789081842,-0.005936675461741482,-0.016179869720529542,0.04722792607802862,0.006169909824394804,0.037526059763724806,-0.01020744155416542,-0.01496259351620943,0.010638297872340495,-0.03448129251700671
86,2015-06-30,0.11820002103254446,0.1958518190712748,0.3632563154051352,-0.1930129590881241,-0.03589867171403627,0.03398177041810313,0.045176883159965035,0.04598967363712125,0.05466237942122176,0.05863192182410426,0.3654526947871122,-0.1519565311700143,-12.04175417541754,33.341833998689154,2.3676872327227465,-0.008657651715039516,0.04347826086956519,-0.005972130059721414,-0.0222127296027339,0.007843137254901933,-0.008490566037735792,0.03918285331547233,-0.13772455089820354,0.013924050632911468,-0.02631578947368407,0.4818794310625743
87,2015-09-30,-0.003390476837719647,-0.11892457628898336,0.23231411076414754,0.4795091595661167,-0.21826211755280145,0.004097020294818954,-0.12852984384351707,-0.12821675183618153,-0.10365853658536583,-0.10153846153846158,0.7179178231190457,6.029324875628253,-1.8265591246892168,-1.9744534222593904,-0.6850995259738517,-0.09668967811694253,0.037698412698412787,-0.06742323097463288,-0.17846221057230238,-0.0778210116731517,-0.12036156041864896,0.03770544634224948,-0.21566358024691346,-0.043695380774032455,-0.021621621621621626,-0.40446333055984784
88,2015-12-31,0.008713736317951248,-0.01805142291362149,0.04282525279662819,0.15449100404919447,-0.040070708281330525,-0.02157290062773897,-0.2443743789054167,-0.2442918896773414,-0.2108843537414966,-0.2123287671232877,-0.30688681176229793,-0.7756420519463507,-0.7283757499383612,-1.056949798356584,0.1239003528942364,-0.02720869204916898,0.08030592734225618,-0.030064423765211006,-0.023663919170433426,0.18565400843881846,0.004867495943753353,0.03633540372670785,-0.048450565666502736,-0.003916449086161844,-0.02762430939226524,-0.1494935382465946
89,2016-03-31,0.01828072358779087,0.029625977730412426,0.027274431311930414,0.051386219104585074,0.000293386581159627,0.011411241283191707,0.2856188718739672,0.28558421429415404,0.2931034482758621,0.29565217391304355,-0.3946978824604094,-0.6319647737132755,0.324666417887868,-1.3198374237924029,-0.0352593266606005,-0.025982016090866145,0.05345132743362835,-0.0627306273062731,0.006808278867102446,-0.003558718861210064,-0.040365984930032295,0.03506143242433324,-0.017575600930473056,-0.03669724770642213,-0.028409090909090936,-0.020651217365796337
90,2016-06-30,-5.867719145458139e-06,0.016343305953785414,0.033769283729915715,-0.1271489651358193,-0.05883476330206116,0.022792393332955685,-0.07517955364650564,-0.0748029367559443,-0.06333333333333335,-0.06375838926174493,0.12311765356369242,-0.3797510190591605,-0.15915700994350626,-4.527956989247311,0.12893971547590974,0.09950925611000436,0.027553763440860246,-0.07007874015748039,-0.04463078171490399,0.09285714285714296,0.10824453168816617,0.03532136653155748,-0.05893186003683237,-0.0680272108843536,0.0,0.16438027915892886
91,2016-09-30,-0.013293814851250807,-0.01914262841108349,0.0006025957557700412,-0.06399206991343677,-0.04273390121294174,0.012723956456140106,0.07642637077532499,0.07661426985332788,0.092526690391459,0.09318996415770607,0.9923432450277428,2.9737477797513323,1.3372480486788971,-1.8316754869635088,-0.09498824355927428,-0.009987184586150444,0.027468933943753937,-0.011854360711261669,-0.02916194790486981,0.035947712418300526,0.03137651821862342,0.03411633109619694,-0.029633771316745824,-0.016058394160583966,0.0,0.04789833822091882
92,2016-12-31,-0.032486909798285946,-0.03482144911529872,0.017201359762844204,0.06029117802319984,-0.11982985372884004,-0.048368285798802035,-0.6736158559876906,-0.6734494493625198,-0.6677524429967426,-0.6688524590163933,-0.033143019936394236,-0.3128257390869025,-0.013520790636949331,-0.6057102878464821,-0.04138386815907347,-0.012007320448154224,-0.07256524506683637,-0.11653813196229645,-0.10877806940799073,0.017350157728706742,-0.02355250245338569,0.03299080584099534,-0.0904638432728322,-0.12166172106824925,0.005847953216374213,-0.08969952867242725
93,2017-03-31,0.015496530130883368,0.02514842417578267,0.02045300312336762,0.03652259111310019,-0.001742554652976902,0.028501523853467162,1.8804272574423893,1.8798949537929657,1.8921568627450984,1.900990099009901,-0.4559536731079729,-0.5117734297757195,-0.28052750843377283,1.9864807773553024,-0.12892765168924591,0.1108701545134183,0.04015099519560738,-0.012609117361784605,0.005562827225130906,0.24806201550387602,0.2567839195979902,0.03193717277486918,-0.016788089958821528,-0.02195945945945954,0.011627906976744208,-0.010948708268162409
94,2017-06-30,0.013719209296799706,0.02912101771762199,0.03819400076460955,-0.16456234490029198,-0.0398227771085613,0.02917600798700115,-0.4396316897862015,-0.4385684438955133,-0.4305084745762713,-0.4300341296928328,0.05684568876902496,-0.005942071464733911,-0.3379694323144105,-2.026000848776348,0.15185866055837294,-0.18000650723930367,-0.07654239524909268,-0.12180746561886058,-0.02798568174422389,-0.18509316770186346,-0.17552978808476616,0.03247082699137493,-0.05283505154639179,-0.1295336787564767,0.011494252873563315,0.2318137201439634
95,2017-09-30,-0.00628143082399657,-0.003542300948390142,-0.022351031533366483,-0.012799717562587798,0.025630059976974758,0.007926526869702409,0.6544561432174916,0.6509246790094267,0.6666666666666665,0.6706586826347307,0.8234395917001338,-0.3351471613145338,1.5939777711816894,-0.7377564526803442,0.03457364622907312,-0.15479615117547862,-0.00893176134333695,-0.04362416107382538,0.03850016739203199,-0.12957317073170727,-0.04558680892337541,0.03144963144963131,0.03197278911564627,-0.04960317460317465,0.005681818181818121,0.009385098941962822
96,2017-12-31,-0.003571808702399593,0.009741233236537195,0.01339101293968481,0.08196489393711981,-0.04377093709352831,-0.0013421856381584665,-0.06757157142328063,-0.06656413258030969,-0.05714285714285705,-0.05734767025089616,-0.03734155434470887,0.8725557392250938,-0.21153943955652754,3.448054679284964,0.1486462268294826,0.1940613813743324,0.201153568853641,0.1777777777777776,-0.029013539651837505,0.1488616462346759,0.23069105691056915,0.030490709861838994,-0.04021094264996705,0.16283924843423805,0.011299435028248705,-0.06675145826937423
97,2018-03-31,0.016980132158241238,0.031557500665161387,9.65668231098782e-05,-0.0015458022740351134,0.047609299155332296,0.05088014599266622,0.5327454835527841,0.5311960081917455,0.5492424242424241,0.5475285171102664,-0.5624242207585223,-0.3265798256001723,-0.4111611894088432,-1.5877166024443867,-0.07605636388110483,0.28115785335168075,0.1005402160864346,0.09136047666335644,0.04946879150066397,0.3201219512195124,0.07431874483897616,0.029588534442903436,0.030219780219780112,0.07360861759425498,0.016759776536312776,0.033131256168053014
98,2018-06-30,0.00029833243856192126,0.019908308090139,-0.030828496028947106,-0.05307139647365078,0.06976343585613454,0.03391084661985011,0.02352128187962932,0.024510209682970567,0.024449877750611467,0.022113022113022133,0.6880825135309936,0.3592096428685616,0.2686543662068257,-1.4201761795583443,0.034587686042083954,0.13652230618742567,0.18734660485410407,0.2138307552320291,0.06738373932299924,0.08198614318706676,0.020368946963873924,0.03053435114503822,0.06933333333333325,0.1906354515050168,0.0219780219780219,0.07710152838427953
99,2018-09-30,0.004676206844458797,0.062360472955545136,-0.005753050551552397,0.030071709623410436,0.023009089704406405,-0.010063240067519463,-0.5595554073955296,-0.5599052572045773,-0.5608591885441527,-0.5625,0.4041515765020931,-0.2608204742190441,-0.42759004025773584,18.5662454528049,0.6541264349790854,0.12221547185095186,-0.0953146531924668,-0.0779610194902548,0.01956135151155891,0.05122732123799367,-0.08248587570621467,0.029629629629629683,0.01807980049875324,-0.0912921348314607,0.010752688172043001,0.03133578276109628
100,2018-12-31,-0.00997659714813248,-0.007351792069084094,-0.01360314331798329,0.022945045838296933,-0.0086200000722505,-0.02418248877157081,1.0033819711239067,1.0079038398361255,1.016304347826087,1.0274725274725274,-0.09814024959430157,0.9344131873727088,1.1924748517502426,-0.8971275362177025,0.040920963529070375,-0.05834761947727761,0.04747397816704768,0.07723577235772372,0.002906976744186052,-0.07614213197969544,0.013546798029556715,0.02877697841726623,0.0015309246785057964,0.06955177743431218,0.010638297872340495,-0.02960566725359315
101,2019-03-31,0.024008172995062086,-0.01377565364070843,0.021693121693121764,-0.0259826782145236,0.02602811035918795,0.013044715120533956,0.20990688977413474,0.20304514787830952,0.21293800539083568,0.21409214092140932,-0.5955362488694124,-0.14455393422935825,-0.04969942981965792,-7.94378388661657,-0.2713754646840149,-0.06860647098278437,-0.00024236548715472758,0.02264150943396226,0.03043478260869548,-0.07142857142857151,-0.14054272985014182,0.02797202797202792,0.0018343014368693566,0.023121387283236983,0.0,0.012532703181703077
102,2019-06-30,-0.003658131027602263,-0.014823261117445809,0.004142931123770177,-0.006839945280437743,-0.0243531202435312,0.033583422650946826,0.027667984189723386,0.040000000000000036,0.04222222222222238,0.04241071428571419,1.5433070866141732,-0.25,0.6515837104072397,-0.4726027397260274,-0.1964285714285714,-0.015808785706937445,0.02715151515151515,0.02435424354243532,-0.008720112517580758,-0.044970414201183306,-0.04429783223374162,0.02881152460984393,-0.0207506866036008,0.028248587570621538,0.0,-0.008043342362992423
