Unnamed: 0,Quarter end,Assets,Current Assets,Liabilities,Current Liabilities,Shareholders equity,Revenue,Earnings,Earnings available for common stockholders,EPS basic,EPS diluted,Cash from operating activities,Cash from investing activities,Cash from financing activities,Cash change during period,Cash at end of period,Price,ROE,ROA,Book value of equity per share,P/B ratio,P/E ratio,Equity to assets ratio,Net margin,Asset turnover,Current ratio
0,1996-11-02,-0.09285441345051584,-0.12817247865721315,-0.28299932680855466,-0.01395812562313059,0.05298276272936686,0.0,0.0,0.0,0.0,-0.2500000000000001,-0.9099651400408704,0.125,-1.0,-1.1126262626262626,6.85121107266436,-0.2271604938271605,-0.01721265963353702,-0.012411347517730431,0.04938271604938271,-0.015544041450777256,0.18211595152309207,0.16080579607704548,0.00957854406130254,-0.013824884792626668,-0.1158159947984394
1,1997-02-01,-0.09285441345051584,-0.12817247865721315,-0.28299932680855466,-0.01395812562313059,0.05298276272936686,0.0,0.0,0.0,0.0,-0.2500000000000001,-0.9099651400408704,0.125,-1.0,-1.1126262626262626,6.85121107266436,-0.2271604938271605,-0.01721265963353702,-0.012411347517730431,0.04938271604938271,-0.015544041450777256,0.18211595152309207,0.16080579607704548,0.00957854406130254,-0.013824884792626668,-0.1158159947984394
2,1997-05-03,0.14376331830120415,0.17665803624775944,0.31619240213780153,0.31619240213780153,0.053711526855763525,0.2690367639926279,-3.2639109697933213,-3.2639109697933213,-2.642857142857143,-0.2500000000000001,-0.9099651400408704,0.125,-1.0,-1.1126262626262626,-0.09828118113706474,0.03194888178913735,-0.01721265963353702,-0.012411347517730431,0.058823529411764726,-0.015544041450777256,0.18211595152309207,-0.07870299893438892,0.00957854406130254,-0.013824884792626668,-0.1060299659895212
3,1997-08-02,0.08305892547660321,0.10420898217106744,0.10870280948200173,0.07007243195785784,0.06633018327605966,0.008713930823619266,-0.3075842696629213,-0.3075842696629213,-0.3043478260869565,-0.2500000000000001,-2.841121495327103,-0.2767489711934157,inf,3.36322869955157,-0.4755620723362659,0.17647058823529416,-0.01721265963353702,-0.012411347517730431,0.05555555555555558,0.11052631578947356,0.18211595152309207,-0.01536682088565755,0.00957854406130254,-0.013824884792626668,0.03192637910647278
4,1997-11-01,0.1884226107132856,0.21478207551990192,0.16288047512991846,0.20486128916465812,0.2057470878512202,0.05319592316144428,0.3691683569979716,0.3691683569979716,0.3125,-0.2500000000000001,-0.2233502538071066,1.2460881934566146,2.674481514878269,-2.464542651593012,1.3280521901211555,0.41052631578947385,-0.01721265963353702,-0.012411347517730431,0.16842105263157905,0.3364928909952607,0.18211595152309207,0.014431951669743315,0.00957854406130254,-0.013824884792626668,0.008220406536468605
5,1998-01-31,-0.1017941899215673,-0.14067593429935432,-0.3526132107592782,-0.3526132107592782,0.06228075059858563,0.1946612943842861,0.6096296296296295,0.6096296296296295,0.7142857142857142,-0.2500000000000001,-4.002801120448178,-0.1893603546548448,-0.9842944785276072,0.4035087719298245,0.8006405124099278,-0.1697761194029851,-0.01721265963353702,-0.012411347517730431,0.06306306306306286,-0.2890070921985816,0.18211595152309207,0.18279569892473105,0.00957854406130254,-0.013824884792626668,0.3273706577061819
6,1998-05-02,0.17880298317280666,0.20190895741556525,0.5036486753007692,0.5036486753007692,0.04929891233128037,0.0034027945073475947,-0.14496088357109982,-0.14496088357109982,-0.2222222222222221,-0.2500000000000001,0.07649253731343286,0.4632812500000001,-0.640625,-0.19399999999999995,0.3583815028901733,0.30112359550561796,-0.01721265963353702,-0.012411347517730431,0.05084745762711873,0.22443890274314213,0.18211595152309207,-0.10993006993006993,0.00957854406130254,-0.013824884792626668,-0.2006552006552006
7,1998-08-01,0.04923062249634391,0.035125229077580984,0.07458901713885968,0.028856243441762963,0.03474373064242186,-0.023918849974490564,-0.2723358449946178,-0.2723358449946178,-0.2500000000000001,-0.2500000000000001,-2.3861929520508376,0.09610250934329943,46.17391304347826,-4.577543424317618,-0.9438625204582652,0.2435233160621761,-0.021468926553672274,-0.012411347517730431,0.032258064516129004,0.18329938900203646,0.18211595152309207,-0.01382778126964157,0.0075901328273244575,-0.01869158878504673,0.006054396423248898
8,1998-10-31,0.1067797894098932,0.1254253958886593,0.21502970135893884,-0.06149073601903787,0.042556786636734456,0.10650596482597474,0.28624260355029585,0.28624260355029585,0.2857142857142858,0.2857142857142858,-0.0948114190456345,-0.31855820750121777,5.226728110599078,-1.1756545864400902,2.9533527696793005,-0.2902777777777777,0.010392609699769071,0.0017953321364452266,0.0390625,-0.3132530120481927,-0.3236353560543087,-0.05799872530274075,-0.007532956685499138,0.00952380952380949,0.19919451902601604
9,1999-01-30,-0.061612801664544976,-0.0837601160615965,-0.22003817432943773,0.05465247905818438,0.04792776105579999,0.15363454484828276,0.058654399079931085,0.058654399079931085,0.11111111111111094,0.03703703703703698,-2.916666666666667,-0.2852037169406719,-2.145204262877442,-1.405725567620928,-0.3030973451327433,0.015655577299412915,-0.08685714285714285,-0.10035842293906816,0.04511278195488711,-0.022556390977443663,-0.03891847603441212,0.11671177266576473,-0.10056925996204936,0.0,-0.13124879366917575
10,1999-05-01,0.07843680709534362,0.0977317384917682,0.13124678001030388,-0.014983685385540069,0.05125939019001336,0.03099934966399309,0.229223248234655,0.229223248234655,0.16666666666666674,0.2499999999999997,-1.3187605092481385,0.09400000000000007,-1.447589504976089,-0.3065693430656934,-0.3015873015873016,-0.13102119460500972,0.015018773466833668,0.017928286852589626,0.05035971223021597,-0.16923076923076918,-0.06436487638533682,-0.02514389578915488,-0.006329113924050557,0.023584905660377187,0.11441901799600075
11,1999-07-31,0.14083783089180169,0.15988321573806966,0.32968993130669105,0.3527437562655276,0.036254728877679776,-0.08088029156153631,-0.27618205921343353,-0.27618205921343353,-0.2857142857142857,-0.2857142857142857,-3.0614167294649586,0.9506398537477148,-0.8033496967946867,-15.09824561403509,6.087878787878788,0.09312638580931254,-0.004315659679408168,-0.02348336594911937,0.03424657534246589,0.04320987654320985,0.02414578587699312,-0.09167184586699806,-0.004246284501061681,-0.01843317972350233,-0.14254385964912275
12,1999-10-30,0.05097165079854405,0.03801204638758193,0.06150816303230955,-0.05944709369764145,0.04348443362742116,0.07322962737024041,0.2948717948717949,0.2948717948717949,0.3200000000000001,0.3200000000000001,-1.990678121001645,0.2628865979381443,4.907488986784141,-2.0184171229467402,-0.8747327917913639,-0.28194726166328604,0.006191950464396356,-0.0010020040080160886,0.04635761589403975,-0.3076923076923077,-0.3069395017793595,-0.007184399589462821,0.010660980810234477,-0.014084507042253391,0.1036038130667285
13,2000-01-29,-0.06049187725631766,-0.0976053349499848,-0.2181710628915597,-0.15432838888698575,0.05348986374856657,0.18283873718115728,0.2437529467232437,0.2437529467232437,0.2727272727272727,0.15151515151515138,-2.150738007380074,-0.11651205936920228,-1.8903803131991053,-1.0669599217986314,0.4675767918088738,-0.10451977401129944,0.05230769230769239,0.052156469408224604,0.05063291139240489,-0.14102564102564108,-0.1489088575096278,0.12129565816678145,0.04852320675105504,0.004761904761904745,0.06707959381451989
14,2000-04-29,0.07495376930281705,0.09375049986403704,0.11851291398700005,0.26468443652272544,0.05158576410029325,0.01159321626654397,0.046626231993934786,0.046626231993934786,0.023809523809523725,0.10526315789473673,-0.4019560686227353,-0.4502309953800924,-0.14768285873813514,-3.3065693430656933,-0.7348837209302326,0.17981072555205047,0.010526315789473715,0.009532888465205058,0.054216867469879526,0.11940298507462699,0.08974358974358965,-0.021665642286416764,0.01207243460764573,0.0,-0.13516288252714714
15,2000-07-29,0.09340929401251108,0.1125215712656118,0.18854349229775846,-0.08215887251761689,0.039124866221029286,-0.07711492023276989,-0.2683810213690692,-0.2683810213690692,-0.2790697674418604,-0.26190476190476186,-2.4613941018766754,0.3980137509549275,-3.9174582377988862,-3.5727848101265822,7.13157894736842,0.1871657754010696,-0.004629629629629761,0.0028328611898018607,0.03428571428571425,0.12888888888888886,0.12733564013840826,-0.04963090937647252,0.001988071570576677,0.0,0.2121267464158525
16,2000-10-28,0.1022659937475736,0.11410242927752655,0.1885655154572501,0.21950793927761286,0.04594188461343651,0.1168661261956847,0.3064356435643565,0.3064356435643565,0.32258064516129026,0.2903225806451615,-1.1309851403412219,0.3972677595628416,-0.8786347816324239,-1.4686346863468636,-0.4110032362459547,0.09459459459459453,0.00639534883720949,0.0009416195856875034,0.0441988950276242,0.05905511811023612,0.04910988336402712,-0.051065939514129736,0.001984126984126977,-0.004739336492890933,-0.08644718999547985
17,2001-02-03,-0.061543024505987476,-0.09709505380404004,-0.2471922340240293,-0.2891973100586636,0.07614450829728159,0.15992318771003355,0.28533535430087165,0.28533535430087165,0.2682926829268293,0.25,3.976190476190476,0.1087211576065703,-0.93154486586494,-2.0393700787401574,0.7252747252747254,0.2304526748971194,0.02021952628538415,0.026340545625587845,0.06878306878306882,0.17472118959107807,0.17320070216500882,0.14663880181121547,0.0217821782178218,0.004761904761904745,0.27027584216385603
18,2001-05-05,0.09745980326314553,0.1271251780510434,0.1613322924798335,0.4313378155320262,0.06432160804020093,-0.0009602172077546324,0.007959905660377409,0.007959905660377409,0.0,0.02000000000000001,0.6577540106951871,-0.4850088183421517,-58.635135135135144,-0.7916666666666666,0.08757961783439483,-0.03344481605351168,0.003963759909399789,0.005499541704858002,0.0544554455445545,-0.09493670886075957,-0.10473815461346636,-0.030224787363305024,0.013565891472868241,-0.004739336492890933,-0.2125421968319916
19,2001-08-04,0.07428005759539236,0.08659609743655139,0.1457664251748949,-0.04430005906674539,0.0338111143996731,-0.07808434833043333,-0.40157940918397206,-0.40157940918397206,-0.40384615384615385,-0.4117647058823529,-1.6606112054329372,0.5554794520547945,-2.825087924970692,8.830303030303028,0.7916056612981943,0.0726643598615917,-0.0496333897349126,-0.046490428441203324,0.03286384976525825,0.0174825174825175,0.01671309192200554,-0.03758809710258404,-0.03824091778202676,-0.00952380952380949,0.1369744435284419
20,2001-11-03,0.03930504129877521,0.04574263764404618,0.046434314023727774,0.0054446995114485475,0.03483204275275376,0.0378192799237862,0.2331378299120235,0.2331378299120235,0.22580645161290325,0.26666666666666683,-0.2384991004883064,-0.16556583003082348,-0.7452466598150052,-2.7725030826140564,-0.7831653500408609,-0.1645161290322581,-0.058160237388724015,-0.04493307839388139,0.031818181818181746,-0.1924398625429553,-0.15945205479452051,-0.004393816110659143,-0.03379721669980118,-0.014423076923077094,0.04006090708044785
21,2002-02-02,-0.07053503780245995,-0.1053394145316151,-0.2680080566456945,-0.0823698152972514,0.05475120871592876,0.16762214870880032,0.41300039635354735,0.41300039635354735,-0.05263157894736848,-0.02631578947368418,-5.640904488693893,0.621108179419525,-5.792233988905697,-1.4090434782608696,1.4773869346733668,0.13127413127413146,-0.03024574669187141,-0.0160160160160161,0.039647577092510884,0.09787234042553196,0.14406779661016955,0.13484798953906507,-0.014403292181069947,0.0,-0.025027886224205258
22,2002-05-04,0.057858908207952135,0.08035765199639623,0.017247248383070568,0.012249194551660292,0.07574035447085414,0.05006304234962555,0.18288920056100988,0.18288920056100988,0.16666666666666674,0.10810810810810813,-1.0932295833030323,-0.580078125,-1.1616331684731138,-1.880952380952381,-0.5253549695740365,0.2201365187713311,0.01754385964912264,0.04577822990844349,0.07627118644067797,0.17441860465116266,0.1817663817663817,0.016851505113063325,0.025052192066805867,0.01951219512195124,0.06728637826242401
23,2002-08-03,0.09249346241812664,0.11976269146723804,0.23332403792526504,0.22232376390508304,0.0338569786478109,-0.06880915383528753,-0.3689826891154849,-0.3689826891154849,-0.3809523809523809,-0.36585365853658536,-3.2535101404056164,0.3147286821705426,-0.017578125,-3.608108108108108,2.8867521367521367,-0.047552447552447696,0.0,0.020428015564202262,0.03149606299212593,-0.11551155115511536,-0.10125361620057848,-0.053682719546742086,0.008146639511201759,0.014354066985646119,-0.08391397561302416
24,2002-11-02,0.008929241389660003,0.013735693949507022,-0.04897460827096567,0.029571001340620736,0.03768965555967352,0.01645959435064248,0.2243517474633596,0.2243517474633596,0.23076923076923084,0.23076923076923084,-0.5714780200761509,-0.1981132075471697,-3.1391650099403576,-2.2398223538119906,-0.9208356239692138,-0.11600587371512484,0.0063856960408683605,0.034318398474737936,0.03816793893129766,-0.14179104477611948,-0.15718884120171672,0.02858853465050148,0.02020202020202011,0.014150943396226356,-0.015358174571251102
25,2003-02-01,-0.03629332143388364,-0.040360454194604316,-0.2337319607237109,-0.1929385251032929,0.0535828309830193,0.12641036356038438,0.40976058931860027,0.40976058931860027,0.4687499999999998,0.40625,11.405492730210016,0.2955882352941177,-0.4213135068153655,-4.50089552238806,40.72222222222222,0.18106312292358812,0.024111675126903487,0.04608294930875578,0.044117647058823366,0.13478260869565228,0.12285168682367907,0.09327706635622812,0.04554455445544536,0.0,0.1890295985442123
26,2003-05-03,0.08516746411483256,0.11223847040924118,0.1332299100217189,0.1332299100217189,0.0692552645095017,0.054575085459893424,0.1441323753537993,0.1441323753537993,0.1063829787234043,0.1333333333333333,-0.3401484568303165,-0.32236095346197496,-1.5556745182012848,-0.14921555252387453,0.8303928095872171,-0.002812939521800395,0.02044609665427521,0.032599118942731264,0.06338028169014097,-0.04214559386973171,-0.05782312925170064,-0.014641288433382194,0.0359848484848484,-0.00465116279069755,-0.018521410500671576
27,2003-08-02,0.08706690561529262,0.10813518858965088,0.2031540904610667,0.2031540904610667,0.046334012219959364,-0.09877753068737204,-0.3830637488106565,-0.3830637488106565,-0.5961538461538463,-0.5882352941176471,-0.8462601144661536,0.40452261306532655,0.11271676300578035,-0.8961715774704351,0.047103755569700916,0.27221438645980256,-0.013964784456587886,0.0008532423208191807,0.043046357615893927,0.19600000000000012,0.18953068592057745,-0.03755234364446836,0.01645338208409508,-0.014018691588785215,-0.07898421588594695
28,2003-11-01,0.05723575321047503,0.06701314630771171,0.04050609867103594,0.04050609867103594,0.0639856769040077,0.09322329257921956,0.6582356570018506,0.6582356570018506,0.6666666666666665,0.6190476190476193,1.4499358151476254,0.27191413237924866,0.0051948051948051965,1.746138996138996,0.12353452019105515,0.2416851441241685,0.06711822660098532,0.07672634271099743,0.05714285714285716,0.1906354515050166,0.19878603945371776,0.00645614035087716,0.08812949640287783,-0.009478672985781977,0.025499274410890616
29,2004-01-31,0.043030048017424834,0.048280486636651083,-0.0011372583326043626,-0.014325080920304491,0.06045700873287085,0.16327883904205676,0.2044270833333333,0.2044270833333333,0.2,0.17647058823529416,3.7961750065496473,0.19409282700421948,-0.7174849267872523,4.654833040421793,0.6217584541062802,0.14196428571428574,0.03981534910559725,0.03325415676959631,0.05105105105105112,0.0786516853932584,0.02025316455696213,0.01659461720819988,0.04793388429752077,-0.014354066985645788,0.06351078167115909
30,2004-05-01,0.0280549590061816,0.03607504621851687,-0.12088369241548436,-0.12250105393951495,0.0834079257872895,0.05806713292846032,0.2447876447876447,0.2447876447876447,-0.16666666666666674,-0.15000000000000002,-0.8538264052001967,-0.4318806438947782,2.75,-0.8471531576330185,0.05859924218954804,0.22830336200156398,0.06881243063263033,0.0812260536398468,0.08285714285714296,0.16927083333333348,0.13316790736145578,0.05390946502057603,0.08044164037854906,0.0,0.18070647869475692
31,2004-07-31,0.05670230998724679,0.06749394467776182,0.151826853627556,0.1555325174471529,0.02801562265284652,-0.15255027507537378,-0.6236972704714641,-0.6236972704714641,-0.6285714285714286,-0.6176470588235294,-0.40396113602391626,0.3469246717346233,-0.7227642276422764,-1.005286701911346,-0.00029264778713244954,-0.017186505410566655,-0.063343717549325,-0.05244507441530821,0.02638522427440626,-0.0935412026726058,-0.13175182481751824,-0.02720291552778864,-0.03795620437956215,-0.01456310679611661,-0.0762027422254421
32,2004-10-30,-0.001337942408405568,-0.0019257780969753613,0.013233290808052356,0.014026565132716272,-0.006261415942134918,0.1264624977076838,1.0649521925486316,1.0649521925486316,1.0769230769230769,1.0,4.819435736677116,0.03694202154951265,-21.903225806451612,-11.230769230769232,0.0029948884235178053,-0.15803108808290156,-0.0011086474501108556,0.007479431563200966,-0.007712082262210873,-0.17936117936117946,-0.1492223623371165,-0.004816697886004695,0.0,0.004926108374384342,-0.01571349734235672
33,2005-01-29,0.1051719235312132,0.0656983112152627,0.5379329477795087,0.3237160120845921,-0.043922272135751735,0.16216802873918754,0.2439725371227845,0.2439725371227845,0.2222222222222221,0.2692307692307692,2.508942038353803,2.567046016823354,0.6219135802469136,102.75939849624059,0.3098199452202415,0.2607692307692309,0.04106548279689237,0.007423904974016349,-0.0077720207253885185,0.2724550898203593,0.2188735177865615,-0.1349825221833827,0.010622154779969641,0.0,-0.19493626062322933
34,2005-04-30,0.04650058138096536,0.05987941656259532,-0.017206449643382467,-0.03491954809996578,0.08180622736256038,0.07230040810227778,0.3735078937235272,0.3735078937235272,0.4242424242424241,0.393939393939394,-0.8271108381946577,-0.5978637813843806,-0.9836519332237696,-0.8157246376811594,0.04358780981111377,0.1580231848688225,0.09008528784648197,0.05084745762711873,0.031331592689294974,0.1670588235294117,0.08877178759627058,0.03372707491451665,0.054054054054053946,-0.004901960784313819,0.09823326735576554
35,2005-07-30,0.0025436991437473013,-0.0149909231341685,-0.05322904018298369,-0.030304565955506013,0.03062334283500512,-0.18113966713985874,-0.5459302868890759,-0.5459302868890759,-0.553191489361702,-0.5434782608695652,-1.8478067838749777,6.493963435667473,16.238095238095234,-12.701533621706648,-0.4887410692288741,0.21865121180189664,0.04987775061124712,0.027349228611500687,0.027848101265822708,0.181451612903226,0.09456440804169763,0.02811607277101169,0.03418803418803429,-0.0049261083743841185,0.015820038715706586
36,2005-10-29,-0.088232936083116,-0.11178204504478716,0.04405273204485805,-0.012316000348401746,-0.14941545677139012,0.17623160044244024,0.6810043218769295,0.6810043218769295,0.1428571428571428,0.1428571428571428,-5.120444072056976,-0.8170771001150748,8.15684468999386,-0.5249521121080754,-0.4541249036237471,0.03588413316039785,0.0894271075919888,0.0505119453924916,-0.15024630541871908,0.0068259385665530034,-0.02993197278911564,-0.06712489031880664,0.017906336088154173,0.029702970297029733,-0.10073597056117756
37,2006-01-28,0.012915606314526372,0.0018751812352997281,0.014940722753892244,0.002733782496737059,0.011765946059908215,0.09253666564189733,0.21155729676787471,0.21155729676787471,0.29166666666666674,0.25,-0.10945046006812054,-1.0166079516859587,-0.7106559849830725,-1.6332767402376909,0.5268361581920904,0.20659432387312185,0.07738349722103455,0.07537361923326835,0.005797101449275478,0.4203389830508475,0.11816269284712487,-0.001097350681925069,0.03382949932341006,0.043269230769230616,-0.0008403361344537785
38,2006-04-29,-0.0027472948337580183,-0.008303532377987644,-0.026500225174510228,-0.04441278384605918,0.010779575709488398,0.050369119740457435,0.16440986257073575,0.16440986257073575,0.129032258064516,0.16666666666666674,-0.9167713209270464,-19.166666666666668,0.25903614457831314,-2.1850983020554064,-0.4089192106074623,0.08509166378415768,0.05317460317460322,0.0453172205438066,0.011527377521613813,0.078758949880668,-0.0031357792411415013,0.01349654739485251,-0.003926701570680535,0.04608294930875578,0.03777379602881492
39,2006-07-29,-0.01622706627545556,-0.027713461101922958,0.0024431497838752762,0.004969812987777988,-0.026467276677397344,-0.1776872527853507,-0.6511325175735485,-0.6511325175735485,-0.6571428571428571,-0.6571428571428571,-7.58161865569273,-7.017514595496247,-0.2646301067353699,-0.022245263455556552,-0.6764264753831105,-0.20082881734140895,0.01921627731725684,0.0005780346820809522,0.0911680911680912,-0.2101769911504424,-0.2343504246618433,-0.010374729018271966,-0.045992115637319315,0.048458149779735615,-0.03252290345313613
40,2006-10-28,0.0218350839570689,0.01650968568226685,0.002379510253526007,-0.008058903256529582,0.03282293533148728,0.2423751712771767,1.4691542288557216,1.4691542288557216,1.5833333333333337,1.5833333333333337,-2.937682367653189,-1.5736659736659735,-0.1645395395395396,-1.749831292779331,1.5675130995566304,-0.06142800159553252,0.04473197781885396,0.04852686308492205,0.0443864229765012,-0.14005602240896364,-0.042728019720624455,0.010639962447191342,0.011019283746556585,0.037815126050420256,0.02476599774192368
41,2007-02-03,0.08423111600116129,0.09516559811532477,0.0964651042341058,0.11638169799475605,0.07752543174828475,0.1658285643770534,0.2697964940560145,0.2697964940560145,0.32258064516129026,0.25806451612903225,0.3986232117887492,0.1775791253926069,-0.4750636513404224,1.266263821033685,1.3835949764521192,0.2953676158096048,0.05166312809624918,0.05344352617079906,0.08000000000000007,0.2410423452768731,0.21115879828326167,-0.006038086391082276,0.012261580381471404,0.04048582995951412,-0.01897856914383189
42,2007-05-05,-0.02252728408807958,-0.020073222321423168,-0.09896079357581487,-0.1434809215858156,0.020103775587122508,-0.1145614882342434,-0.188590923516344,-0.188590923516344,-0.2195121951219512,-0.17948717948717952,-1.0054218257325234,-0.43414033647927786,1.5004279600570611,-1.6616554149883702,-0.3840682319623275,-0.011811023622047223,-0.058209959623149565,-0.049163179916318134,0.03240740740740744,-0.08530183727034124,-0.08788093550673283,0.04345794392523361,-0.04576043068640645,0.0,0.14407854218744331
43,2007-08-04,0.09117169250881972,0.07954677477543592,0.3512450851900393,0.3523925385239255,-0.036954400665767495,-0.14523094394883518,-0.5422900166226655,-0.5422900166226655,-0.53125,-0.53125,4.50354609929078,0.30891950688905,-0.4593792788680967,-0.2176969904827232,-0.4878100940975193,-0.09827357237715806,-0.003929974991068175,-0.024202420242024125,-0.03139013452914796,-0.1262553802008608,-0.07459207459207451,-0.1173309449171518,-0.001410437235543016,-0.02334630350194556,-0.20174160861304613
44,2007-11-03,-0.014297858844983247,-0.021059428597322016,-0.06770126091173623,-0.09522381666309697,0.022616715212646188,0.13307227020034262,0.6695150608844265,0.6695150608844265,0.6666666666666667,0.6666666666666667,-22.269329896907216,0.1301939058171746,1.3752638243984805,-1.128342832091188,0.1222338204592901,-0.08284241531664216,-0.07424677187948348,-0.08624577226606545,0.04166666666666652,-0.0525451559934319,-0.1062132661628884,0.037375274818197024,-0.05649717514124297,-0.031872509960159216,0.0819548573922011
45,2008-02-02,-0.0314906091223115,-0.03959382051727134,0.12913256577426369,0.20891329735189207,-0.1327136436152776,0.10196871046378876,-0.026743442098528525,-0.026743442098528525,0.040000000000000036,-0.040000000000000036,0.9651014843986672,0.495343137254902,1.3406788697352052,-1.0076857386848848,-0.0008371314296344856,-0.27820152549177035,-0.11313444401394812,-0.14497223935842074,-0.06888888888888878,-0.3067590987868284,-0.2390793799906059,-0.10449951092272568,-0.12874251497005984,-0.020576131687242927,-0.2055728689275894
46,2008-05-03,0.02699622578829341,0.03620765481634103,0.12568719990990895,0.1601221868309748,-0.053975053546680085,0.02085462666087956,0.2321851170128845,0.2321851170128845,0.2692307692307692,0.3333333333333335,-0.8528396127520503,-0.5282740534338632,-0.7688482271657429,465.0,-0.3904300875069819,-0.08787541713014467,0.023591087811271283,-0.04473304473304485,-0.05489260143198105,-0.02249999999999996,0.05432098765432092,-0.0788275987620608,-0.04982817869415812,0.004201680672269115,-0.10679342809673242
47,2008-08-02,0.1170429274209852,0.16024698105199509,0.1824911782894976,0.2385844491954541,0.05314794591091099,-0.10653865935196294,-0.4886897140418267,-0.4886897140418267,-0.4848484848484849,-0.46875,-2.8600460926042324,-0.09416261292564276,-4.128756774511413,-2.804005722460658,1.1554673182651192,0.2304878048780488,0.035851472471190686,-0.019637462235649442,0.05303030303030298,0.3043478260869563,0.23067915690866525,-0.057114624505928864,-0.02531645569620256,0.008368200836819994,-0.06324274051875578
48,2008-11-01,-0.05846676077977131,-0.0713924202867322,-0.18186153112550185,-0.21754653729797505,0.07679467183745725,0.07567024077243656,0.5968280467445743,0.5968280467445743,0.588235294117647,0.5294117647058822,-2.096868664113539,0.3927886459532029,-1.7189123930502337,-2.0030399154110494,-0.5376930707099334,-0.054013875123885,0.014421096003296219,-0.016949152542372947,0.07434052757793785,-0.10196078431372546,-0.07326355851569932,0.14357577027876745,-0.02411873840445277,0.008298755186721962,0.18676227247655808
49,2009-01-31,0.004216146945749788,0.002444525988603008,-0.07392644957509209,-0.08611701324787813,0.06929786101280877,0.055498473042783436,-0.002613695765812829,-0.002613695765812829,-0.03703703703703709,0.03846153846153855,2.426165537071267,0.28477003580280913,0.06410630841121501,-2.861246541046252,2.1647509578544057,-0.2577265584075432,-0.03452477660438669,-0.01802507836990597,0.06696428571428559,-0.3100436681222707,-0.2654004106776181,0.06488269794721413,-0.007604562737642539,-0.012345679012345734,0.09690462911321808
50,2009-05-02,0.07651635352018604,0.09921136920302542,0.04532442748091614,0.05447846525219169,0.09901519311733488,0.06607357732920516,0.42976939203354303,0.42976939203354303,0.4615384615384615,0.4074074074074073,-0.535966910442393,-0.4780278670953913,-1.0623713462330178,-0.011964601769911544,0.6758353510895885,0.2427664079040226,-0.021455616323096338,0.01915403032721485,0.09623430962343103,0.16455696202531644,0.20614954577218736,0.02082616179001717,0.03065134099616862,-0.012499999999999956,0.04241345705690437
51,2009-08-01,0.003216437814876905,0.010842576948505213,-0.011701642114258505,-0.011108701414491941,0.013451211874908386,-0.21928979074191496,-0.8983687683284457,-0.8983687683284457,-0.8947368421052632,-0.8947368421052632,-2.100568402015244,-0.13880903490759755,-0.8921892189218922,-2.3641444539982803,-0.5501358145986246,0.07041453719477575,-0.17110920034393806,-0.12372748629600627,0.013358778625954136,-0.0217391304347826,0.011008111239860785,0.010116337885685443,-0.10780669144981414,-0.016877637130801704,0.022233964718315624
52,2009-10-31,0.004628006727349421,0.01284343221468065,-0.08871791848445543,-0.09229250938154876,0.06707994504230297,0.1846764892217223,6.912533814247071,6.912533814247071,6.75,6.5,-1.6454017254533717,0.10729613733905574,4.8775510204081645,-1.485922891059985,0.5942317574511821,-0.013793103448275891,-0.018672199170124408,0.0187667560321716,0.06591337099811677,-0.02777777777777779,0.12148997134670506,0.062260056751794364,0.03125,-0.008583690987124526,0.11578989224223625
53,2010-01-30,0.0848414515572562,0.10743327274466652,0.0957700311613814,0.12665601804002624,0.07859734723171985,0.14373178842000622,0.3393732193732193,0.3393732193732193,0.32258064516129026,0.3333333333333335,1.4983177230153677,0.1838931955211025,-0.7447916666666667,1.688574208193709,1.0021354607357265,0.12533620225927922,0.07610993657505283,0.09912280701754383,0.07597173144876312,0.05714285714285716,0.07971384772611123,-0.005813953488371992,0.1070707070707071,-0.008658008658008698,-0.017034318092726375
54,2010-05-01,0.0682606684399214,0.08865324809951614,-0.0272865928659286,-0.0252212969250748,0.12372129153125155,0.10602509306493868,0.4754530758104314,0.4754530758104314,0.4634146341463414,0.4749999999999999,-0.2614107883817427,-0.4681702437249909,18.272108843537413,-0.12902058539723382,0.4359541969370711,0.1787762906309751,0.1159135559921416,0.15083798882681565,0.11986863711001634,0.09459459459459453,0.04212020823473739,0.05199936778884129,0.14598540145985384,0.0,0.11681107928796708
55,2010-07-31,0.04903718639205401,0.05880695907476841,0.14435722089588476,0.17687606942067946,0.0011436413540713009,-0.2421980856991101,-0.7685831266939622,-0.7685831266939622,-0.7666666666666666,-0.7627118644067796,-1.0719002562586242,0.5403556771545828,-1.5954818213907518,-1.24918063056825,-0.07565097962272617,0.048256285482562986,0.008362676056338003,0.02149791955617197,0.014662756598240456,-0.06419753086419744,-0.1171662125340599,-0.04567307692307687,0.04617834394904463,-0.02183406113537112,-0.1003408537575069
56,2010-10-30,-0.06379822436928995,-0.07645756125710558,-0.08623433107618328,-0.10413118431437708,-0.05091259868504562,0.1974052167445055,2.1368053825068527,2.1368053825068527,2.214285714285713,2.142857142857143,-12.648389307745033,0.3228241563055063,15.289270895080024,1.4942571322712117,-0.20413609072715144,-0.02862669245647975,0.055870798777826185,0.05838424983027845,-0.033236994219653086,-0.04221635883905017,-0.09670781893004132,0.013696473551637393,0.056316590563165965,0.0044642857142855865,0.030886916359962543
57,2011-01-29,0.0825376157407407,0.09282529223453427,0.1045788307680402,0.09353735582217593,0.07034990397834573,0.034577708756420966,-0.010327295837305406,-0.010327295837305406,-0.022222222222222254,-0.02272727272727271,0.5351573992350691,0.4065122524337026,-1.040938864628821,-2.710115864527629,0.43863826868856215,0.3102349661489445,-0.01736254650682101,-0.016035920461834552,0.094170403587444,0.3553719008264462,0.19362186788154911,-0.011181860537350484,0.005763688760806796,-0.022222222222222143,-0.0006300315015750346
58,2011-04-30,0.014522775364739891,0.016707445208861582,0.02246511994534805,0.03969936608221847,0.009990604134181073,0.1757818589103337,0.7127147214641194,0.7127147214641194,0.7727272727272727,0.7674418604651163,0.3617861249520888,-0.22028639618138424,-20.942222222222227,-0.5732030401737243,0.13012963968377989,0.035866261398176384,0.07867059318468672,0.06518904823989558,0.010928961748633892,-0.05284552845528456,0.016221374045801484,-0.004554735354169948,0.055873925501432664,0.009090909090909037,-0.022135051835248
59,2011-07-30,0.02023341665908696,0.024674902589458814,0.050238988538829236,0.06400962489421791,0.0028997412005720147,-0.2481095572926897,-0.7216103482213995,-0.7216103482213995,-0.7179487179487181,-0.7236842105263158,-1.2939289031495398,-0.025711662075298403,-0.7088477824827281,-3.0512872697669686,-0.23619703787026625,0.14964788732394374,0.030811232449297725,0.0257037943696452,0.021621621621621626,0.13519313304721026,0.03943661971830981,-0.01688229725465451,0.01763907734056991,0.004504504504504458,-0.03696275071633226
60,2011-10-29,-0.036897442203639996,-0.0416610239559797,-0.035944114120727184,-0.040160219247391216,-0.03747415787993469,0.20932298027127816,1.6867003367003366,1.6867003367003366,1.7272727272727268,1.8095238095238089,-2.574451785885282,0.05058121269242855,2.8706368646662583,-0.3955253497370771,-0.18692664068971865,-0.0520673813169984,0.05372682557699604,0.045346062052505916,-0.02513227513227512,-0.07183364839319473,-0.08852755194218609,-0.000641951532659224,0.03866666666666664,0.008968609865470878,-0.0015620351085986472
61,2012-01-28,0.0013342781810403714,-0.0005020304342004955,-0.06983079526226732,-0.08493900125791187,0.044454013266488346,0.02971163192569382,-0.008459176640140398,-0.008459176640140398,-0.01666666666666672,0.0,-0.18543972752706486,0.07087320574162681,-0.6964363406241347,-1.1753795650389824,0.040319993962378176,0.2049003769520732,0.055655296229802254,0.06107305936073072,0.05156037991858886,0.23625254582484725,0.1144697720515362,0.04303838124297399,0.034659820282413545,0.026666666666666616,0.09226700439544078
62,2012-04-28,0.07055556972355402,0.08469972802327619,0.0446310006730577,0.05269589124789986,0.08454478527607368,0.221478692272999,0.6660136501516682,0.6660136501516682,0.6949152542372883,0.6610169491525424,3.118793399537072,-0.2527227031555431,0.5366775244299675,18.042115114646705,0.7380209655772789,0.2033519553072627,0.06020408163265301,0.07046799354491662,0.08645161290322577,0.1449752883031301,0.11382836816362828,0.013086989992301623,0.04342431761786592,0.025974025974025983,0.030419806977457938
63,2012-07-28,0.019361043864585925,0.01736651825834024,0.05678563032746209,0.07099328413896022,-9.050756643258497e-05,-0.28967344169951137,-0.7005272541061336,-0.7005272541061336,-0.7,-0.6938775510204082,-1.1908344361256642,0.7791479820627802,-0.2304561641512633,-1.5987270537930356,-0.2542392336509063,0.0824512534818942,0.008020532563362215,0.0170854271356784,0.0035629453681709227,-0.004316546762589968,-0.018363273453093854,-0.019148936170212738,0.014268727705113003,0.0,-0.05007446632467316
64,2012-10-27,0.029173519196333375,0.013924430463821743,0.013594232749742474,0.00977375215312848,0.0377314940531146,0.226594940916921,1.402153261557948,1.402153261557948,1.4333333333333336,1.3666666666666667,-3.2411893226940247,0.6840999789960092,0.29506390480387834,-1.1568297488097192,0.05346523570319173,-0.0018871161434208528,0.004774029280713021,0.015316205533596694,0.05088757396449717,-0.00433526011560692,-0.03822692151281015,0.008366904245429295,0.022274325908558046,-0.0042194092827004814,0.0041112117622463815
65,2013-02-02,0.07099552109174101,0.06944079592725716,0.12338142653932138,0.1376835205274658,0.042888356818568285,0.07131875388057196,0.020775112048510458,0.020775112048510458,0.027397260273972712,0.028169014084507005,-0.19912685966176413,-0.14405088550760792,-0.11442913050876302,-0.5752420832242868,0.0215572202741472,-0.09161223788243378,0.010136205258156616,0.0034063260340633232,0.04279279279279269,-0.1364296081277213,-0.13403805496828747,-0.026275353411186253,0.017201834862385246,-0.012711864406779629,-0.059993060374739726
66,2013-05-04,0.044920772478274966,0.03676767802396652,-0.0726534687852739,-0.08330034115318198,0.11287307581327075,0.10388809927923216,0.3540988687432203,0.3540988687432203,0.3466666666666667,0.3698630136986301,0.9220957925377083,0.22162319685268828,-0.8408108367758671,15.190388170055456,0.34165463977844523,0.017407757805108837,-0.0492317340859203,-0.04170708050436467,0.10583153347732188,-0.023529411764706017,-0.03466796875,0.06501499132081423,-0.011273957158962844,-0.03433476394849788,0.13100291609759696
67,2013-08-03,0.021979248302606447,0.002471216624330141,0.010907984363661916,0.017661220664179522,0.027311192779143185,-0.22399819994749848,-0.5978484779125658,-0.5978484779125658,-0.5940594059405941,-0.6,-1.1388016961286411,0.4339217557251909,2.1454435727217858,-1.8476995090763784,-0.2158681242004884,0.08331783522410262,-0.01715039577836419,-0.0045546558704452345,0.02734375,-0.0206540447504302,0.07536671724835631,0.005334123573862648,0.011402508551881407,-0.013333333333333195,-0.01494778067885094
68,2013-11-02,0.032957187918013935,-0.0168579830851755,0.01058188806816873,0.013083757720229627,0.043561118711272766,0.11671275538969585,0.6363118952760387,0.6363118952760387,0.6341463414634148,0.6499999999999999,-4.621702043245388,0.8653302279154882,0.3062164236377589,-0.5072502805836139,-0.1356518729993944,-0.03175965665236058,-0.074496644295302,-0.06202338586680234,0.050380228136882144,-0.05799648506151145,-0.06585136406396996,0.01016949152542379,-0.02931228861330337,-0.03603603603603611,-0.02955403883109153
69,2014-02-01,0.0002834991483013916,-0.015150869676351375,-0.14213484862371306,-0.18523668190771592,0.06564433305876373,0.047097912689749936,-0.021971014492753627,-0.021971014492753627,-0.029850746268656688,-0.015151515151515138,-0.7936681820671523,-0.636164994425864,-1.1001762632197414,-0.6619897959183674,-0.05304774296867176,0.1210992907801418,-0.08919506889050044,-0.05691056910569114,0.06606334841628936,0.06716417910447747,0.14098690835850958,0.06536329150860798,-0.033681765389082415,-0.02336448598130858,0.2087743257084332
70,2014-05-03,0.04983367159447094,0.049229257621682836,0.020886380228272383,0.01967969895202049,0.060528315291935135,0.2027084117814535,0.6826507023887143,0.6826507023887143,0.6923076923076923,0.676923076923077,15.852136979028403,-0.16117171221963478,-19.46041055718475,-12.872776280323448,0.6651063765533696,-0.11466076229637835,-0.018312101910827886,0.004022988505747227,0.06876061120543309,-0.16958041958041958,-0.08826125330979695,0.010271158586688587,0.004807692307692291,0.0,0.028978957774325576
71,2014-08-02,0.009945251925791432,0.007856717965027515,0.14828897338403044,0.17677791724330305,-0.03925564084670852,-0.2595977992356123,-0.7048048471185008,-0.7048048471185008,-0.7,-0.7064220183486238,-0.9836331558552032,0.13939216832261825,0.752899126290707,-1.6544678532509989,-0.2614191793244163,-0.04412290103608429,-0.058799675587996814,-0.051516886090440805,-0.02065131056393965,-0.10526315789473684,-0.07502420135527588,-0.04880032533550227,-0.038277511961722466,-0.014354066985645788,-0.1435590568471906
72,2014-11-01,0.005130935121420821,0.003915266617969371,0.01277416610972715,0.011495929474615084,0.0018820536659693847,0.12584185067915302,1.0155131264916468,1.0155131264916468,1.0303030303030305,1.09375,9.333974975938402,-0.4714029238266222,-0.2486746114459196,-0.6542944359650339,-0.12236178128107845,-0.13791814614090814,-0.02498922878069798,-0.02051901025950509,0.006488240064882468,-0.12,-0.11250654107796954,-0.0031352429813310545,-0.016169154228855676,-0.004854368932038944,-0.007499759623089019
73,2015-01-31,0.01958959218399614,0.034657586076428215,-0.04302833060875566,-0.07955692551734084,0.04649574191802186,0.09626650665762804,0.1797513321492008,0.1797513321492008,0.19402985074626847,0.17910447761194034,1.527149110552296,-0.07933042212518193,-0.6126289126108195,-2.6973710616094717,0.2366502986807684,0.02427921092564489,0.026071586389748047,0.022181146025878062,0.0539887187751813,0.018716577540106805,0.020636792452830118,0.026304503216583168,0.01896333754740831,0.004878048780487809,0.12409984822553065
74,2015-05-02,0.0447018879435539,0.0548948235995701,-0.011424899699097324,-0.01873194614443085,0.06675575233772912,0.12737216823070294,0.3754893104486601,0.3754893104486601,0.375,0.3797468354430379,0.6227611115206015,0.2779973649538867,0.3218122372723027,0.8143769212579806,0.3472063531567813,0.07619047619047614,-0.031438415159345416,-0.03315250150693193,0.07568807339449535,0.0209973753280841,0.023685730791449974,0.021172865301573918,-0.022332506203474045,-0.009708737864077666,0.07503590922148806
75,2015-08-01,-0.013822944437391516,-0.017580723868239282,0.10528860635076652,0.13288827685307147,-0.057195305690090126,-0.2615121765008913,-0.7434690601284297,-0.7434690601284297,-0.7363636363636363,-0.7431192660550459,-1.0365188953488371,-0.11814432989690725,2.286454652532391,-2.100840609930927,-0.2837121816456599,-0.10088495575221246,-0.031124944419742007,-0.031795511221945134,-0.025586353944562882,-0.1645244215938304,-0.1010158013544018,-0.04405947346883099,-0.024111675126903487,-0.009803921568627416,-0.13280957725402165
76,2015-10-31,-0.030284045682458464,-0.044370555344443896,0.1198571438816416,0.14443886584044607,-0.0943773993864918,0.14573850377143538,1.6563788934717678,1.6563788934717678,1.724137931034483,1.8214285714285712,-11.435323383084578,0.4365209258826279,0.8093685040498888,0.1794181193950335,-0.4671520011254132,-0.13560804899387569,0.03625516291876996,0.02060528010302653,-0.05324580598103579,-0.11384615384615393,-0.12366603892027615,-0.06606735159817356,0.014304291287386306,0.004950495049504955,-0.16498212744977206
77,2016-01-30,-0.021240253821033117,-0.06164914662584176,-0.15771610077231446,-0.19039152755008584,0.050801506331595865,0.07629401535691915,-0.06773036354874984,-0.06773036354874984,-0.02531645569620256,-0.03797468354430378,-1.0432061978545888,0.5309244791666667,-0.9396256313756558,-0.6692765188586915,-0.2899478582271797,-0.19888663967611345,-0.023914968999114158,-0.02902208201892742,0.04930662557781185,-0.1527777777777778,-0.23137535816618915,0.0736440030557679,-0.04102564102564099,0.014778325123152802,0.15901542549265613
78,2016-04-30,0.023916522745562663,0.032133862843858996,-0.08351960829037608,-0.11414583135279024,0.0693751890003409,0.14802681111350768,0.6026878015161958,0.6026878015161958,0.5974025974025974,0.6052631578947367,-78.25379310344827,-0.2948118222411227,1.701771653543307,-4.121708779118294,1.2747412778087623,0.08085912823752373,0.018602540834845804,0.018193632228719947,0.09030837004405301,0.0286885245901638,0.09226467847157503,0.04440017076988756,-0.006684491978609652,0.024271844660194164,0.16512242493711593
79,2016-07-30,0.035608629611967764,0.039928559697815835,0.2476086974556375,0.3210134895850101,-0.04126818907918206,-0.2664343547495144,-0.7667168350892282,-0.7667168350892282,-0.7642276422764228,-0.7622950819672132,-1.0060704529629168,-0.1103573043871552,1.5849423193685488,-1.6691135363749057,-0.3749642443642307,0.046171829339567434,-0.0013363028953229386,-0.008934269304403442,-0.024242424242424176,-0.03984063745019906,0.0017064846416381394,-0.07426079847390654,-0.014804845222072703,0.0047393364928911535,-0.2127729347142896
80,2016-10-29,-0.004647384993210157,-0.012368901209535266,-0.10413064872197253,-0.12968739845323973,0.04229775991314533,0.14532723151938076,1.2433179723502303,1.2433179723502303,1.2758620689655171,1.2758620689655171,-13.232352941176472,0.17573292662260642,-0.9101329449898999,-0.8295553618134264,-0.10225118225205396,0.0513966480446928,-0.084299732381802,-0.06567933032839658,0.04347826086956519,0.07883817427385886,0.04770017035775132,0.047100382690609344,-0.06557377049180324,0.0,0.13479362654910254
81,2017-01-28,-0.017234917038087327,-0.03411923600780098,-0.0735852977851672,-0.10323712802897356,0.005620565187417492,0.041868138359366425,-0.1745412215831279,-0.1745412215831279,-0.1515151515151515,-0.1818181818181817,3.531618177446502,0.4322571346209283,4.826973340303189,-0.523231031543052,-0.05430270663915526,0.042773645058448384,-0.09644422795908436,-0.08890420399724319,0.035052910052910224,0.0,0.08943089430894302,0.02333427045262848,-0.08187134502923987,-0.004716981132075526,0.07705720403793226
82,2017-04-29,-0.00015691265631334608,0.0018181065676512453,-0.009774544522249129,-0.015883920393038542,0.0034367141659681355,0.11646667665604292,0.7345499792617172,0.7345499792617172,0.7499999999999998,0.7962962962962961,2.548044781662864,-0.2074066619704136,0.9822373732842916,-17.494412159141707,0.9471225422249604,-0.2458598726114649,-0.11644204851752027,-0.11724659606656596,0.03130990415335466,-0.2730769230769231,-0.18507462686567167,0.003571428571428559,-0.10828025477706993,-0.009478672985781977,0.01800675963532039
83,2017-07-29,0.024419005104820986,0.03350458423212998,0.16629448031457827,0.2330717322784677,-0.027894793369691032,-0.3182220481123589,-1.1518890483022477,-1.1518890483022477,-1.1530612244897958,-1.154639175257732,-1.1448332585613878,-0.18194514982224474,-0.6846488052136133,-1.6259417854626266,-0.3044716304577093,-0.3375,-0.18364856619890169,-0.17909168808911746,-0.017348203221809192,-0.35978835978835977,-0.2701465201465202,-0.0510539282781276,-0.16428571428571426,-0.023923444976076458,-0.16184471165918024
84,2017-10-28,-0.024794408332180832,-0.026939209040838567,-0.029067549099183517,-0.03222624418863973,-0.022904019788974942,0.2653571542578661,-3.381612090680101,-3.381612090680101,-3.466666666666667,-3.466666666666667,-3.6936499741868873,-0.2989290703088623,1.2970723306544203,-1.240950813993765,0.10547763457164527,-0.3590005099439061,-0.14947683109118093,-0.1555323590814196,0.051702395964691165,-0.3471074380165289,-0.21957340025094108,0.0018750901485646845,-0.15811965811965822,0.009803921568627416,0.005459024033020343
85,2018-02-03,0.007666931394709532,0.017535314174379042,0.016383603535371494,0.02430312430755599,0.0038351001177856494,0.12153434748606172,0.286620835536753,0.286620835536753,0.3783783783783785,0.3783783783783785,0.0983210671573138,-0.10028780163825546,-0.4145945270523553,1.7347708894878706,0.2609344192027432,0.5019888623707238,-0.05184534270650265,-0.0630407911001235,0.009592326139088671,0.4303797468354429,0.7540192926045017,-0.003743161531816752,-0.08121827411167504,0.014563106796116497,-0.0066212010858769385
86,2018-05-05,0.029020496009492414,0.04902905062086549,-0.0610474516695958,-0.07194095200186901,0.06910912527065416,0.029871897247871537,1.2101315248664202,1.2101315248664202,1.2156862745098036,1.1960784313725492,0.6411196035319164,0.0007381889763780072,-0.9281750266808964,1.7783034364938564,0.5749347329489829,0.2658898305084745,0.012048192771084487,0.007915567282321678,0.0706650831353921,0.2566371681415929,0.2887259395050412,0.0390173410404624,0.016574585635358963,-0.009569377990430672,0.13037392521495694
87,2018-08-04,0.0478275598686162,0.06862189919071082,0.2310617971639488,0.2987235788276319,-0.0237998378614096,-0.2314611567961501,-1.0568134269375609,-1.0568134269375609,-1.0530973451327434,-1.0535714285714286,-0.6702890075069647,-0.07696090484386531,10.866270430906393,-0.9109807724144456,0.0324967408289949,0.04309623430962351,0.048534798534798584,0.03926701570680624,-0.0027731558513588443,-0.02816901408450712,-0.04125177809388336,-0.06842837273991675,0.029891304347826164,0.009661835748792312,-0.1771920514181261
88,2018-11-03,0.02416969390275492,0.03263629324559658,0.10403337631060404,0.12244062832036295,-0.015200074351448543,0.027306356957792263,-2.2266775777414085,-2.2266775777414085,-2.333333333333333,-2.333333333333333,-1.6484778121775026,0.5639318060735217,-3.1927122464312547,-0.5786397449521785,0.01326186753183767,-0.09546730846369833,-0.16768558951965076,-0.18387909319899245,-0.0011123470522802492,-0.0942028985507246,-0.13798219584569738,-0.0383696625858464,-0.1424802110817942,-0.04784688995215304,-0.0800128995270174
89,2019-02-02,0.07068419556287564,-0.08362687020770954,0.15689622880562326,0.1082591926931762,0.02303938431751007,0.410700453690384,3.4262841894596403,3.4262841894596403,3.5,3.375,-3.083150984682713,14.360074944643161,-0.43955228142310543,-38.46595208070618,-0.4903653333553397,-0.26962305986696233,-0.10912906610703033,-0.1358024691358024,0.017817371937639104,-0.264,-0.14113597246127352,-0.04455829840086956,-0.13230769230769235,0.0,-0.17312560856864645
90,2019-05-04,0.4296942671659967,0.05147122787177594,1.0166273045863172,0.2812209634507397,0.06288666236173901,0.12201108627158752,3.1984928409947253,3.1984928409947253,3.2222222222222223,3.2857142857142856,2.4405080213903743,-0.9720223111810954,-2.4599551660892605,-1.9290823109675037,0.8939536239393744,0.21190042501517925,0.20848056537102466,0.06428571428571428,0.09299781181619247,0.1847826086956521,0.34268537074148303,-0.2565810854728631,0.14539007092198594,-0.07035175879396982,-0.17932171455487533
