Unnamed: 0,Quarter end,Assets,Current Assets,Liabilities,Current Liabilities,Shareholders equity,Revenue,Earnings,Earnings available for common stockholders,EPS basic,EPS diluted,Cash from operating activities,Cash from investing activities,Cash from financing activities,Cash change during period,Cash at end of period,Price,ROE,ROA,Book value of equity per share,P/B ratio,P/E ratio,Cumulative dividends per share,Equity to assets ratio,Net margin,Asset turnover,Current ratio
0,1993-12-31,0.014969398853877491,0.047588947083258,0.05662564832706196,0.05338230654828968,0.0070567553992968435,0.06931837539240271,-0.4530347462898783,-0.4530347462898783,-0.4565217391304348,-0.3333333333333333,2.4470085470085468,0.2305829161957049,-0.2357885423578853,-2.7976679475288195,0.2507346282503835,-0.08256880733944949,-0.03812316715542508,-0.4694656488549619,0.005714285714285783,-0.06766917293233088,0.2649147727272727,1.0,-0.007853403141361294,0.0072072072072071345,-0.03921568627450989,-0.005495920996135717
1,1994-03-31,0.014969398853877491,0.047588947083258,0.05662564832706196,0.05338230654828968,0.0070567553992968435,0.06931837539240271,-0.4530347462898783,-0.4530347462898783,-0.4565217391304348,-0.3333333333333333,2.4470085470085468,0.2305829161957049,-0.2357885423578853,-2.7976679475288195,0.2507346282503835,-0.08256880733944949,-0.03812316715542508,-0.4694656488549619,0.005714285714285783,-0.06766917293233088,0.2649147727272727,1.0,-0.007853403141361294,0.0072072072072071345,-0.03921568627450989,-0.005495920996135717
2,1994-06-30,-0.005973983183277354,-0.16461019370251329,-0.06403395638029608,-0.10554688001369072,0.005597405013878509,-0.10451395605520973,-0.2428919577579204,-0.2428919577579204,-0.24,-0.3333333333333333,-0.4921274485494669,1.3859729694265843,-0.21186685962373367,-2.67347239625562,-0.33548082037945504,-0.06714285714285706,-0.03812316715542508,-0.4694656488549619,0.005681818181818121,-0.06766917293233088,0.2649147727272727,0.5,0.011633485248261131,0.0072072072072071345,-0.03921568627450989,-0.06602768903088396
3,1994-09-30,0.005392002265574236,-0.0938980977159325,0.03340017481618585,0.11690144213522102,0.00019647827007562849,0.01951764974967607,-0.3770386266094421,-0.3770386266094421,-0.42105263157894735,-0.3333333333333333,0.3364457463688515,-0.06695630654164486,0.2824091076019097,-0.3161997885835095,-0.34521480032019924,0.029096477794793074,-0.03812316715542508,-0.4694656488549619,-0.0018832391713746726,0.02419354838709676,0.2649147727272727,0.3333333333333333,-0.005097806757557889,0.0072072072072071345,-0.03921568627450989,-0.18872692532897786
4,1994-12-31,0.08235399558597822,-0.09528302654161824,0.187067755963102,-0.032675959829553965,0.06228472691070961,-0.0036144277986888134,0.5211849810540821,0.5211849810540821,0.6363636363636362,-0.3333333333333333,-0.05776519475775155,-0.06465872922315219,-0.1669530355097365,-0.09739130434782606,-0.4758719054572622,0.05803571428571441,-0.03812316715542508,-0.4694656488549619,0.062264150943396324,0.0551181102362206,0.2649147727272727,0.25,-0.01858913250714956,0.0072072072072071345,-0.03921568627450989,-0.06472934472934466
5,1995-03-31,0.020714670168154203,-0.06869858395144979,0.04788250679006145,0.0036081903707803065,0.0148960846834425,-0.008043130191133785,0.3179347826086956,0.3179347826086956,0.3333333333333333,-0.3333333333333333,0.4709217795870893,-0.1696704266179343,-0.033688552767274005,-1.084707057732106,0.07690812491900999,-0.0857946554149086,-0.03812316715542508,-0.4694656488549619,0.015985790408525657,-0.14179104477611948,0.2649147727272727,0.2,-0.005706653715395915,0.0072072072072071345,-0.03921568627450989,-0.07205231306608184
6,1995-06-30,0.04215021737146407,0.09385619400679636,0.20359348500847974,0.5412678106665489,0.006449798244791527,-0.006872548895978658,-0.21237113402061852,-0.21237113402061852,-0.2083333333333333,-0.3333333333333333,-0.5542486244275312,0.1661290934618449,-7.336535040910706,-0.4860994102780119,0.03670055953312068,0.10923076923076924,-0.024390243902439046,-0.4694656488549619,0.003496503496503545,0.0956521739130436,0.1246490735541832,0.22222222222222232,-0.034192209060935334,-0.0035778175313059273,-0.04081632653061229,-0.29027881122248
7,1995-09-30,-0.012821991995985438,0.014897710624327097,-0.018105201589854736,-0.003820945075703408,-0.01142485521193104,0.11451825892630407,-2.105802792321117,-2.105802792321117,-2.1052631578947367,-0.3333333333333333,0.7782541207775888,-0.34421268426019325,-1.082809342016618,2.9836065573770494,0.1410248969879868,0.0,-0.459375,-0.4694656488549619,-0.010452961672474005,0.0,0.0,0.13636363636363644,0.0013908205841446366,-0.4631956912028725,0.0,0.01880974406413816
8,1995-12-31,0.0319686270092161,-0.024888255039393403,0.06059703513165915,0.05365531309706807,0.0244490474454826,0.07758473369410424,-3.1884000789110285,-3.1884000789110285,-3.1428571428571432,-0.3333333333333333,0.07644026934907311,0.7792388230040193,-0.25762711864406784,-5.549382716049383,-0.5622806571384975,-0.05270457697642161,0.6705202312138727,0.6546762589928059,0.02464788732394374,-0.04761904761904767,0.7049425861208185,0.1200000000000001,-0.007323232323232398,0.6153846153846154,0.021276595744680767,-0.07457627118644061
9,1996-03-31,0.014077569221196741,-0.030196554061284964,-0.04301706641477643,-0.18209581981294146,0.029603287827194787,0.06698736586139442,-0.005949698007752691,-0.005949698007752691,0.0,-0.3333333333333333,0.5794879715797197,-0.6402654990657333,20.43744292237443,-1.4098597919493443,0.5264931443179177,0.12591508052708633,0.3010380622837372,0.29565217391304355,0.027491408934708028,0.10000000000000007,-0.3278184480234261,0.10714285714285696,0.015263291783261357,0.2380952380952379,0.04166666666666674,0.18570120355834646
10,1996-06-30,0.039540625819950666,0.09213212439997798,0.08810740152859098,0.1154859143190532,0.02726538703364389,0.050594028992974716,0.19325292463952115,0.19325292463952115,0.1777777777777778,-0.3333333333333333,-0.3532172892626638,0.9100705481045042,-1.0567010309278349,-0.30500993158243217,0.23970465098576546,0.15864759427828345,0.3723404255319149,0.3691275167785235,0.02508361204013365,0.12878787878787867,-0.11783925070790667,0.09677419354838723,-0.011776497118516804,0.2976588628762542,0.06000000000000005,-0.020908037733767367
11,1996-09-30,0.06386856353655522,-0.037022691870500564,0.07839880357701046,-0.06504976239576797,0.0599785368991399,-0.13491846416478825,1.833865329077368,1.833865329077368,1.849056603773585,-0.3333333333333333,0.19693075294829154,0.13414238168682524,-3.253193087903832,-0.7700857415052398,0.037209873510991136,0.09876543209876544,1.3197674418604652,1.316176470588235,0.057096247960848334,0.0738255033557047,-0.20740740740740732,0.11764705882352945,-0.0036764705882351705,1.3775773195876289,-0.03773584905660377,0.029975208474194437
12,1996-12-31,0.0775348759115917,0.22107582540570792,0.18446778520438328,0.3400463517941341,0.04840936885613889,0.2893526089705851,-0.4602821282986483,-0.4602821282986483,-0.4635761589403973,-0.3333333333333333,0.21142550369481472,0.2637154206778083,-3.5185061687229084,13.643646408839777,0.6276343831399478,0.26455566905005123,0.07936507936507953,0.071957671957672,0.04783950617283938,0.19374999999999987,-0.4753894080996886,0.07894736842105265,-0.02697544216821479,0.06070460704607061,0.019607843137254832,-0.08878555798687092
13,1997-03-31,0.0015480313129134786,-0.02190444819981097,-0.08084932821497126,-0.2059041030534351,0.0269032737238295,0.12021613028698995,0.11393788819875784,0.11393788819875784,0.11111111111111116,-0.3333333333333333,-0.1784103646933083,-0.301682147711826,-2.969416126042632,-1.7561780796076212,-0.29159089255837634,-0.02180936995153482,0.09520123839009263,0.09081934846989136,0.026509572901325384,-0.0680628272251308,-0.12826603325415675,0.07317073170731714,0.025238655681966808,0.059274399591211065,0.01923076923076916,0.23173440595545405
14,1997-06-30,0.055168362998471165,0.07637287415899796,0.06795579245214077,-0.015590969854454297,0.05164631805378006,-0.020131492538440043,0.054866625033455296,0.054866625033455296,0.05555555555555558,-0.3333333333333333,0.28933591395120084,0.1583194776754937,-0.9116638655462184,-2.342023200698516,0.5523951327206449,0.061932287365813465,0.06360424028268552,0.060633484162895934,0.05021520803443336,0.0393258426966292,-0.06539509536784738,0.06818181818181812,-0.0033163265306123124,0.05692233478051122,0.018867924528301886,0.09338597260808124
15,1997-09-30,0.10433069393886618,0.0746743751062744,0.2368258965234053,0.4520667083721144,0.0672715514117852,0.05772963978676859,-0.23904769959404604,-0.23904769959404604,-0.6210526315789473,-0.3333333333333333,0.354808544148046,0.9626089696460456,-0.03424657534246578,-1.2112649874523655,-0.07517528773647307,0.3506998444790048,-0.22458471760797336,-0.23208191126279865,0.06010928961748618,0.2810810810810811,0.2142857142857142,0.08510638297872353,-0.03352956232403381,-0.2578731172980374,0.0185185185185186,-0.2598849908616769
16,1997-12-31,0.0350795040610683,0.27557530189109136,0.06165642353220169,0.17736190065884186,0.02646493632939606,0.10572735350239616,0.620727979994443,0.620727979994443,0.6111111111111112,-0.3333333333333333,-0.4154103244087624,-0.6989189767740555,-6.630417651694247,-10.877254729432464,0.8028823802882381,0.0938399539435808,0.061696658097686326,0.05555555555555558,0.027061855670102997,0.033755274261603414,0.3499399759903961,0.058823529411764726,-0.00834216101694907,0.03997539975399755,0.0181818181818183,0.08341865927844361
17,1998-03-31,0.02435287838609601,-0.03692953469679383,0.03263406734545726,-0.036217267907823536,0.02157661019572221,-0.06213814771147985,-0.33697925595748324,-0.33697925595748324,-0.3275862068965516,-0.3333333333333333,-0.17474521501367135,2.0484654579926533,0.4159552134359692,-1.658099861921518,-0.2930733526401397,-0.2405263157894737,-0.07102502017756263,-0.08210526315789479,0.021329987452948673,-0.2612244897959184,-0.3081369497554468,0.05555555555555537,-0.0026705835224997143,-0.05026611472501485,-0.0357142857142857,-0.0007782966422058558
18,1998-06-30,0.0016068881757302922,-0.01558450925539534,-0.02924857866977193,0.08317590843427047,0.012063147658107455,0.2440286819908841,0.7510989295133681,0.7510989295133681,0.7435897435897436,0.7631578947368423,0.2577936746987952,-0.3050610277540232,-1.2557082138974005,-0.6659221658206429,-0.13849995791127698,-0.05058905058905061,0.0799304952215465,0.07110091743119272,0.011056511056511065,-0.07182320441988954,-0.013496143958868998,0.07017543859649122,0.010443165082340444,0.02677459526774584,0.05555555555555537,-0.0911316345832871
19,1998-09-30,-0.006593979235980263,-0.03523691895456305,0.1040376130843621,0.07278789433188004,-0.042554321583775916,-0.06686387860175236,-0.44505478278845867,-0.44505478278845867,-0.4411764705882353,-0.4626865671641791,-0.3599545005537762,1.0078867882313456,-18.07962891379977,0.2615478119935171,-0.2028140572582484,-0.2583941605839416,0.004022526146419958,-0.005353319057815886,-0.02430133657351164,-0.2678571428571428,-0.3315960912052117,0.06557377049180335,-0.03617331389956269,-0.0363856882959368,0.017543859649122858,-0.10069784524975513
20,1998-12-31,0.02697834799115939,0.07370962054842822,0.07040789553353388,0.17309776545216926,0.01070039891672181,-0.12963724802168286,-0.3182374541003672,-0.3182374541003672,-0.3157894736842105,-0.2777777777777777,-0.2463754559910205,-0.4692871270579714,-0.4250990155029988,-1.5482575879235587,0.13948357574767112,0.015748031496062964,-0.16185897435897434,-0.17115177610333687,0.00996264009962644,0.048780487804878085,0.015594541910331385,0.04615384615384621,-0.01594720923838333,-0.15103838892385155,-0.017241379310344862,-0.0847457627118644
21,1999-03-31,-0.0036906794493538615,-0.08020390738280125,-0.060905745522653036,-0.15514418667844165,0.01902112557460689,0.08000611688817205,-0.4261181796893295,-0.4261181796893295,-0.4230769230769231,-0.4230769230769231,1.4013900955690706,-0.2485171382079681,-1.678962286434139,-3.1042765084944346,-0.257583363212621,-0.03100775193798455,-0.14053537284894846,-0.1454545454545455,0.01849568434032056,-0.046511627906976834,0.1497120921305184,0.0588235294117645,0.02291142777312105,-0.15863602668643428,0.017543859649122858,0.08872527145619502
22,1999-06-30,0.002401150831529586,-0.04128903975656106,-0.062011431172029785,-0.23161288766312604,0.025964550614959503,-0.15173066278785385,0.6588683351468989,0.6588683351468989,0.6666666666666667,0.6000000000000001,0.2635414513127972,-0.4254880732022491,0.5130167565373689,-1.8837694877505569,0.3066260987153482,0.17899999999999985,-0.2992213570634037,-0.3009118541033434,0.02542372881355948,0.16260162601626016,0.36727879799666097,0.04166666666666674,0.023490849494673505,-0.2440528634361233,-0.06896551724137923,0.2476945146526401
23,1999-09-30,-0.007774540993603306,-0.07973484739975134,-0.06675324026671325,-0.2475670245495071,0.011950941005353766,0.011251982184993905,-0.14488356838307634,-0.14488356838307634,-0.16000000000000006,-0.125,0.1246778745858388,0.672340425531915,0.256064380149454,-1.834304614899984,-0.1957863611162447,0.1280746395250214,-0.1777777777777778,-0.16739130434782598,0.008264462809917106,0.09790209790209793,0.6080586080586081,0.053333333333333455,0.01988257272484661,-0.11655011655011648,-0.05555555555555558,0.2230495483164523
24,1999-12-31,0.02560063584809935,0.11233066042434504,0.026354218433426446,-0.029761904761904767,0.025368201492968367,0.12228958148887314,0.9619330712436476,0.9619330712436476,0.9523809523809524,0.9523809523809524,-0.193307874158938,-0.30061795710650674,-0.7457363395063612,-4.168963564281668,0.7714863498483318,-0.12481203007518793,0.15444015444015435,0.17493472584856384,0.025761124121779888,-0.13375796178343946,0.02771450265755515,0.03797468354430378,-0.0002616773518251404,0.16754617414247994,0.0,0.14642553381977708
25,2000-03-31,0.04579618103027139,0.13240833505907634,0.05221167741839361,-0.05064216501347396,0.04381548807300617,0.015155668166411562,-0.05806167831484287,-0.05806167831484287,-0.04878048780487798,-0.04878048780487798,0.06940937781785395,-0.25509355509355514,-0.6785457163426926,0.8127010604074825,0.7894354503943546,0.09536082474226792,0.20401337792642127,0.2155555555555555,0.042237442922374635,0.07352941176470584,-0.0672330993719985,0.048780487804878085,-0.0019630938358854433,0.24406779661016964,-0.019607843137254943,0.19281530652089016
26,2000-06-30,0.005667816865494002,0.1479211561653586,-0.002576972906386477,-0.007715420271474094,0.008233753099775587,0.0007902639481587317,-0.03715041768276861,-0.03715041768276861,-0.05128205128205132,-0.05128205128205132,0.015303863909441606,0.8766396874127826,-0.4244120940649496,-0.3516826607072433,0.28601461462622524,0.30980392156862746,0.07777777777777795,0.08409506398537481,0.005476451259583737,0.2534246575342467,0.058217821782178276,0.03488372093023262,0.0026226068712300607,0.06357856494096259,0.02000000000000001,0.1568678800576142
27,2000-09-30,0.052229161010046266,0.14162203124192696,0.07812999070176807,0.20045648204503969,0.04425475933701994,0.16931196041271845,0.2937974888182357,0.2937974888182357,0.32432432432432434,0.2702702702702702,0.2845842416692619,0.5188503866745984,0.059014267185473424,-0.017184569371926806,0.21858194568146194,0.023353293413173715,0.16237113402061865,0.1602023608768972,0.03921568627450967,0.016393442622950838,-0.07297904191616766,0.04494382022471921,-0.007585665707559364,0.11357813834329633,0.03921568627450989,-0.04900962082625926
28,2000-12-31,0.0320406957725814,0.1331125727906346,0.05104200612925425,0.18976094506553087,0.026000755464825387,0.08358000652792953,0.4094714482069224,0.4094714482069224,0.3877551020408165,0.4255319148936172,0.04035751228342388,0.08195637805684064,0.05266380894060019,-0.04832886321435936,0.17070508016690256,0.06963136337039222,0.12860310421286034,0.125,0.02620545073375257,0.032258064516129004,-0.10012111425111024,0.043010752688172005,-0.0057986294148656406,0.08819018404907975,0.03773584905660377,-0.047637467269697635
29,2001-03-31,0.003775829001413156,0.06479207024411028,-0.07142924254999294,-0.13413945560112928,0.028264691724661176,-0.3718514671513893,0.2337174940898345,0.2337174940898345,0.2205882352941176,0.2238805970149252,0.0776926781525269,0.2839657005814611,-5.353112274578243,0.0895344425776381,0.1588692724715106,0.3424507658643325,0.2023575638506876,0.20671834625323005,0.01736465781409624,0.3072916666666665,0.15881561238223418,0.030927835051546507,0.024390243902439046,0.2945736434108528,-0.07272727272727275,0.2297622395101073
30,2001-06-30,0.04216500415786872,0.08923927178153446,0.06295701681012389,0.3610133622068559,0.036050966658633055,0.1550971475816454,-0.0314259024168243,-0.0314259024168243,-0.036144578313252906,-0.03658536585365847,0.11812022488107245,-0.10482819383259913,-1.7390084190832549,0.056210515843406535,0.14479579380937113,-0.16422167889160544,0.1470588235294117,0.14775160599571735,0.03714859437751007,-0.17928286852589634,-0.3182346109175377,0.040000000000000036,-0.005952380952381042,0.2084921066956995,-0.058823529411764726,-0.1996900485251899
31,2001-09-30,0.0034836773866169235,-0.04890200084947138,0.07258673537381721,0.09588211363739084,-0.017364275484962888,1.67445189644189,-0.301926453495561,-0.301926453495561,-0.2875000000000001,-0.2911392405063291,-0.12906760868444125,0.7241196039448043,3.49873417721519,-3.115198040785569,-0.2675339838211992,-0.3110677718186251,0.012108262108262213,0.010261194029850706,-0.003872216844143405,-0.3349514563106796,-0.4162407722884725,0.03846153846153855,-0.020697734964852943,-0.213963963963964,0.29166666666666674,-0.1321227897527062
32,2001-12-31,0.005367506359439611,-0.19254281679601226,-0.06570422743543469,-0.3413929929632654,0.02877219850030732,-0.6387158934282541,-0.4472155306787586,-0.4472155306787586,-0.456140350877193,-0.4464285714285715,-0.4578775183929655,-0.10679667073880827,-0.8542085376637993,0.007258639116494381,-0.36790227875278536,0.060863411181882425,-0.1421534130893738,-0.13850415512465375,0.029154518950437414,0.06569343065693413,0.02723735408560324,0.03703703703703698,0.023261996543932014,-0.061318051575931176,-0.08064516129032262,0.2260141190241048
33,2002-03-31,0.012767607671790415,-0.1664119341855972,0.017389652333607675,-0.047058381452208864,0.0113852980698117,0.15248311011022886,-0.3032555754934633,-0.3032555754934633,-0.29032258064516125,-0.29032258064516125,0.3732455900824641,0.023762350926079808,-0.16625310173697272,-0.2743932092488616,-0.4223277237404148,0.15076717811874585,-0.2559474979491386,-0.2561629153269024,0.010387157695939564,0.11643835616438356,0.3172348484848484,0.03571428571428559,-0.0014289425824889346,-0.2777777777777778,0.035087719298245716,-0.12524613640432006
34,2002-06-30,-0.010138583189500672,-0.028578601239975018,-0.02340093118215314,0.1034831756046266,-0.006148680659978978,0.1921311770453027,1.5954746136865343,1.5954746136865343,1.5909090909090908,1.5454545454545459,0.158994651130421,-0.3375618039254857,-0.3617724867724868,-1.1005635948210206,0.07352056838682386,0.11478260869565228,-0.13230429988974635,-0.13112391930835746,-0.00747663551401867,0.10429447852760744,0.4708842559309849,0.034482758620689724,0.004032782620007724,-0.17497886728655954,0.05084745762711873,-0.11967939972714856
35,2002-09-30,-0.10757747625903467,-0.17509944899258867,0.05847804125649714,-0.13166890998534894,-0.15666714085317768,-0.8118641052046995,-0.687327237933234,-0.687327237933234,-0.7017543859649122,-0.6964285714285714,0.1900766894847908,1.0787469843184558,-18.483419689119174,-3.175401393517116,-0.0273236514522821,-0.12584503380135215,-0.20838627700127066,-0.2139303482587065,-0.15725047080979282,-0.12222222222222225,-0.003910068426197566,0.03333333333333344,-0.054936512049753805,0.2735655737704916,-0.3870967741935484,-0.05001743442718232
36,2002-12-31,0.09776479186645948,0.3326918450805869,0.3524506010965156,0.04838200798364856,0.0032664186690796178,2.247442180380019,-0.9312025388189958,-0.9312025388189958,-0.9411764705882352,-0.9411764705882352,-0.6103134100279676,-0.3752470758908333,1.8515840322437245,-8.568305249965185,1.1592261587355757,-0.2016656751933372,-0.2054574638844302,-0.23417721518987344,0.003351955307262733,-0.05063291139240511,0.04514229636898937,3.733870967741936,-0.08609816287359484,-0.2019308125502816,-0.02631578947368418,0.2712071778140295
37,2003-03-31,-0.0038736703973351046,-0.26172865418520697,-0.0006990095880072822,-0.07446418758014284,-0.0054615663839197035,0.11478824141978405,3.2405271828665567,3.2405271828665567,4.0,4.0,-0.5542525248788428,-0.03972193196331132,-1.0401679467060203,-2.0668837859718847,-0.5727790894093707,-0.03949329359165421,-0.1333333333333334,-0.16253443526170794,-0.005567928730512373,-0.040000000000000036,0.26056338028169024,0.006814310051107332,-0.0016501650165016144,-0.11895161290322576,-0.054054054054054064,-0.20234199550850174
38,2003-06-30,0.04359942238998804,-0.005566580050150427,0.08896329414804871,0.17422775146674208,0.020800748777694226,0.08474509183027235,2.1709401709401708,2.1709401709401708,2.2,2.2,1.2180263922317205,-0.24450254658666706,-2.808279430789133,-0.7193142817722435,-0.3763179800221975,0.11559348332040352,-0.4778554778554779,-0.5,0.01903695408734607,0.11805555555555558,0.3560521415270017,0.006768189509306355,-0.021788129226145814,-0.4393592677345538,-0.1142857142857142,-0.15311909262759926
39,2003-09-30,0.010880368071877866,0.12944560071358313,0.019957940216190462,0.06692832805596027,0.0060135911767027475,0.011683999270206248,-0.19995099240382266,-0.19995099240382266,-0.12499999999999988,-0.1875,0.14869971936389148,-0.2737202184480586,1.4070682501073115,-1.6891551459293397,0.4158232306380454,-0.02642559109874832,-0.1205357142857143,-0.14473684210526316,0.004395604395604602,-0.0434782608695653,0.971711068387806,0.006722689075630228,-0.004761904761904634,-0.2918367346938775,0.19354838709677424,0.05860562310030404
40,2003-12-31,0.017120639057517373,0.03950772283844062,0.03097572324823905,-0.00165880520887407,0.009589523478306328,0.0019332592731522442,-0.13797856049004598,-0.13797856049004598,-0.2142857142857143,-0.15384615384615385,-0.16166650379491188,-0.3117115628270809,-1.2044225167924865,-1.2400142653352353,-0.07049150278876115,-0.06857142857142863,0.2741116751269037,0.2615384615384617,0.008752735229759391,-0.07142857142857151,0.03788828527650079,0.006677796327211993,-0.007408550702268869,0.21902017291066267,0.05405405405405417,0.04122925078510531
41,2004-03-31,0.0075864104300122906,0.036652299900163055,-3.89083863135964e-05,-0.14058844141017954,0.011819054540428198,0.08849914323152919,0.07443595665304681,0.07443595665304681,0.09090909090909084,0.09090909090909084,-0.5556030463164439,-0.5706911040857978,0.6423378889211979,0.8346953937592867,-0.13913851874806327,0.10506134969325154,0.1394422310756971,0.12804878048780474,0.008676789587852562,0.09090909090909104,-0.1405180512682861,0.006633499170812574,0.004198413932514411,0.10165484633569744,0.02564102564102577,0.20625619371795406
42,2004-06-30,-0.0014583046175051795,-0.07298659688717046,-0.0035660923565391522,-0.2794707561190536,-0.00030203032683306935,-0.021906790311272184,-0.28125,-0.28125,-0.25,-0.25,2.2409722829413306,0.6318046234153616,3.5453257790368267,0.23729499898764936,-0.19998036520714704,-0.06592643997224146,-0.15034965034965042,-0.15135135135135136,-0.0010752688172044331,-0.0705128205128206,-0.1915990006246097,0.006589785831960571,0.001083926912356592,-0.16094420600858372,0.0,0.2865766538076868
43,2004-09-30,-0.02901543532815598,0.2460965412390725,-0.03795772929174601,0.09343969042056076,-0.02412595587316868,0.2373642425308033,-3.6834598573729007,-3.6834598573729007,-3.555555555555556,-3.555555555555556,0.6499851620039387,-0.21312692791043075,-0.7454035525085696,-7.684503354606448,1.6709207673743198,-0.01411589895988119,-0.8065843621399177,-0.8089171974522293,-0.027987082884822326,-0.013793103448275891,0.13926984740197001,0.00654664484451728,0.005104408352668344,-0.8209718670076727,0.07499999999999996,0.13959299258724567
44,2004-12-31,0.04708979815814685,0.4325297088894853,0.04097342582407548,-0.0260587950520007,0.05038671494677893,-0.04533430979264818,-4.36990998714102,-4.36990998714102,-4.391304347826087,-4.3478260869565215,-0.44937867887508176,-6.675716878402902,-1.0564565483476132,1.7473867169330952,1.7187576574369028,0.16428033157498126,7.638297872340425,7.7666666666666675,0.04761904761904789,0.19580419580419586,4.821125805357749,0.006504065040650486,0.003077870113881165,7.2714285714285705,0.046511627906976834,0.470874850780812
45,2005-03-31,0.02516136127275148,0.11552667365056113,0.01468836453034861,-0.04492475403654317,0.030756043988089617,0.0616616765610063,-0.4314423810735182,-0.4314423810735182,-0.4358974358974359,-0.4415584415584416,0.3188324028982064,-1.212040980775872,7.384823848238482,-0.7244092383362442,0.17422433023140527,0.1760517799352752,0.4088669950738917,0.4144486692015208,0.022198731501057004,0.1228070175438596,-0.8588821250691754,0.00646203554119551,0.005523166615526209,0.3575129533678758,0.04444444444444429,0.16800000000000015
46,2005-06-30,0.040016369158968335,0.10778200808282357,0.04582703278080613,0.17700687353062586,0.03696069516014955,0.11829064437853876,0.3344519015659955,0.3344519015659955,0.3181818181818181,0.3255813953488371,0.2515704861189292,0.7179394378091446,-0.7653522947640594,-0.10013256167351026,0.1335169078881091,0.16015410016510725,0.4353146853146854,0.4408602150537637,0.031023784901758056,0.13541666666666674,-0.17915376676986586,0.006420545746388395,-0.0030515715593530945,0.3536895674300253,0.06382978723404252,-0.058821861085113
47,2005-09-30,0.059061956413776213,0.1482116232428099,0.07312771445578603,0.3643724079043669,0.051601902015044665,0.12451600148514608,0.21109807208717515,0.21109807208717515,0.2068965517241379,0.19298245614035106,0.41335947900550507,0.06738061797752802,4.926997245179064,0.8851322219028457,0.2220496434390673,0.2893738140417459,0.5334957369062119,0.5317164179104479,0.04112337011033107,0.2522935779816513,-0.11239627860196144,0.006379585326953707,-0.007040097949188806,0.4981203007518797,0.040000000000000036,-0.1584300135603436
48,2005-12-31,0.05917275378002217,0.09494654829860916,0.06024700742323396,0.2989014427643857,0.058591339445052786,0.09509883795720596,0.4067716840619031,0.4067716840619031,0.4000000000000001,0.4117647058823528,-0.2302483357305601,0.6160400013158327,-0.6565187078782244,-0.7555415785160196,0.044418739956779474,0.05445180279617357,0.04289118347895138,0.04141291108404377,0.05394990366088615,0.01098901098901095,-0.3371104815864022,0.006339144215530945,-0.0004623921085081807,-0.010037641154328704,0.03846153846153855,-0.15701369617760266
49,2006-03-31,0.06938740758609918,-0.03489075396847152,0.03399789763653649,-0.005282765622445784,0.08857109846018107,0.13877707644838444,0.27077183453378995,0.27077183453378995,0.2551020408163265,0.2708333333333333,0.27866521149584944,2.904266579815169,4.44790257104195,-9.297442694526742,-0.3528871469404267,0.2173761339846476,0.2300076161462301,0.23274853801169584,0.08409506398537481,0.1557971014492754,0.12948717948717947,0.0062992125984251395,0.017887432536623168,0.16476552598225602,0.05555555555555537,-0.029775937134968733
50,2006-06-30,0.05354189445971902,-0.03560304985070728,0.035854943640900805,0.1794694368280383,0.0626488547531403,0.09959770312553727,0.23852074396419565,0.23852074396419565,-0.38211382113821135,-0.38524590163934425,0.03606807542094504,-0.14825782972977194,-0.7272727272727273,-0.2383789218496002,-0.4153314032435757,-0.04958440813986832,0.1975232198142413,0.20398481973434546,0.0590219224283306,-0.12225705329153612,-0.26825576995838063,0.0078247261345854,0.008635055294652139,0.1458106637649621,0.05263157894736836,-0.18234354136111894
51,2006-09-30,0.07547909359391491,-0.15836168629614433,0.13493075719338246,0.9400419471700328,0.04563944865826852,0.1219621258552328,0.2315848702719601,0.2315848702719601,0.2368421052631577,0.24,-0.020470573550521176,-0.1149266978851039,-7.435792349726776,-0.009943987958644821,-0.7033067194853682,-0.20868516284680336,0.19389865563598765,0.1930654058313632,0.06369426751592355,-0.25357142857142856,-0.3774560496380559,0.006211180124223503,-0.027786121958546017,0.13912630579297236,0.05000000000000005,-0.5661660375337991
52,2006-12-31,0.06431499893194026,0.10178426885565584,0.08085332483196518,0.11861741536507542,0.0553053350044721,0.07692329131352094,0.12477664067576355,0.12477664067576355,0.13829787234042554,0.13978494623655924,0.7562026122969099,-0.29546994951241445,-1.232434727234133,-1.4889218422889043,1.1589814787463446,-0.06821646341463418,0.13382416630576,0.1294583883751652,0.057634730538922214,-0.12440191387559794,-0.266611295681063,0.006172839506172646,-0.008342345125907591,0.08795331388078376,0.04761904761904767,-0.015057081147793916
53,2007-03-31,0.09354332691022817,-0.017578997512306186,0.12500860280598958,-0.16286393987726744,0.0759868560903727,-0.035877422043017686,-0.035428664271658916,-0.035428664271658916,-0.028037383177570097,-0.03773584905660377,-0.21601677574772526,1.0015019436918364,33.062100456620996,-0.5908754938192939,0.21962565674255696,0.09856850715746424,0.05614973262032108,0.04385964912280693,0.07501769285208759,0.0382513661202184,-0.0917327293318234,0.0076687116564417845,-0.01604611310172921,0.0559386973180076,-0.015151515151515138,0.1735480233068103
54,2007-06-30,0.08161882877976856,-0.0008512527423268912,0.09546911425094427,0.02534190173251738,0.07353879312817102,0.13082762471277953,0.0780733850516091,0.0780733850516091,0.06730769230769229,0.06862745098039214,0.29141947485816355,0.009657215445659116,-0.5732925804779523,-2.157363568402692,-0.2084137312093336,0.2390171258376769,0.023869801084990927,0.00896358543417386,0.07175773535220542,0.15263157894736845,0.10349127182044884,0.0060882800608828,-0.0075997466751108736,0.01705370101596504,-0.015384615384615441,-0.025572580214617502
55,2007-09-30,0.07369678810354685,0.0762185981403154,0.06686683971563599,-0.10786189520097632,0.0777626663453097,0.06688046259678981,0.010468386514357109,0.010468386514357109,0.01801801801801784,0.00917431192660545,0.2589619734258317,-0.09182543306551116,-0.3729317639173961,-2.004037033049844,0.26434908307587657,-0.031850961538461564,-0.02755210173083722,-0.033870072182121125,0.07739557739557723,-0.09589041095890403,-0.11186440677966092,0.00605143721633894,0.0038289725590299204,-0.01641098822689968,-0.015625,0.2063335524873986
56,2007-12-31,0.06010323116384764,0.08481172990436181,0.07002550817729157,0.02024164651474769,0.0542562004410867,0.016050764380385774,-0.07370500816081094,-0.07370500816081094,-0.07964601769911495,-0.07272727272727275,-0.3687467267800624,-0.2513813484528362,0.24779559118236485,-0.5554602476813382,0.09294401165723244,0.08783364369956548,-0.07155830003632402,-0.07701149425287357,0.05245153933865465,0.010101010101010166,0.04452926208651409,0.007518796992481258,-0.00556261919898271,-0.04787812840043526,-0.031746031746031744,0.06331183577073317
57,2008-03-31,0.03181945534654407,0.0049937001415159,-0.002386505586274956,-0.08738359594980949,0.05227795544349356,0.03718497009830002,-0.05356579801539463,-0.05356579801539463,-0.05769230769230771,-0.058823529411764726,0.3739978898197329,0.1561754240557882,-0.9282368371744426,-1.8165701881331404,-0.06944116832637659,0.15206847360913,-0.0700312989045383,-0.06724782067247825,0.04604550379198247,0.09499999999999996,0.1632155907429964,0.005970149253731405,0.019977625059932842,-0.06628571428571428,0.0,0.10123013839056873
58,2008-06-30,0.07046726389824465,0.12392621120067647,0.061566252611559236,0.28963582248004704,0.07551437877343492,0.10318509260119413,0.2284574832931585,0.2284574832931585,0.22448979591836732,0.22916666666666674,0.18356698432700647,0.07379987145894096,-0.3632972771353973,-2.2231575838133217,0.09127578910245117,0.5208023774145616,-0.03912494741270511,-0.03337783711615472,0.06628689798032106,0.452054794520548,0.5424083769633508,0.007418397626112626,0.004700720777185864,-0.03141574867401065,0.0,-0.12850050422775572
59,2008-09-30,0.062016485912030676,0.12961748383625096,0.09091606459856028,0.1354204948035338,0.04584215842509276,0.1171292034517537,0.00890172211631257,0.00890172211631257,0.008333333333333305,0.0,-0.0726045704335867,0.03478976507556486,19.537785588752197,1.7161313692344846,0.2271809166010221,-0.0661130109102751,-0.03283712784588433,-0.0324585635359117,0.045653229723166655,-0.12264150943396235,-0.08621860149355054,0.00589101620029453,-0.015283842794759916,-0.04507160909856778,0.016393442622950838,-0.005118162802082993
60,2008-12-31,0.05573118508825847,0.03720279679778527,0.059728362409277036,0.16544697158504262,0.05339765541339258,0.06858608337230754,0.14855516464402885,0.14855516464402885,0.14049586776859502,0.15254237288135594,0.5222375029897153,0.3832305356417858,-0.6964744138285128,-0.26601466992665035,0.13587846567856945,-0.4744551002615519,0.02354006337709369,0.02426837972876505,0.052484904784022346,-0.4982078853046595,-0.4843982169390788,0.007320644216691097,-0.0022172949002217113,-0.0008822232024702227,0.016129032258064502,-0.1100474188064775
61,2009-03-31,0.050634752644593606,-0.016016115230037098,0.06577856483390733,0.1902308698513913,0.041740748267820926,-0.16585705262010342,-0.2859198072620891,-0.2859198072620891,-0.28260869565217384,-0.2794117647058825,-0.07333676383362331,0.14624319988420198,2.5265482567427875,-1.705347949851614,-0.08437663015127805,-0.19674850696748505,-0.04776647501105702,-0.052264808362369235,0.04060017652250658,-0.23571428571428565,-0.2550432276657061,0.007267441860465019,-0.008412698412698316,-0.017218543046357726,-0.031746031746031744,-0.17326832210716805
62,2009-06-30,0.02513633796135295,-0.16002145082483532,-0.005253190106302319,-0.16281587605292014,0.04339602832919765,-0.2547241975783202,-0.4886733887292988,-0.4886733887292988,-0.4949494949494949,-0.4897959183673469,-0.06720387946199591,-0.2637531087655789,-0.8624420401854714,-2.3160741885625966,0.12127902008260928,0.2176786451879389,-0.18207152810032512,-0.18308823529411766,0.04325699745547085,0.16822429906542058,0.2127659574468084,0.00721500721500723,0.01776852889386915,-0.08984725965858043,-0.0983606557377048,0.003344074907277728
63,2009-09-30,0.01989531978350212,-0.11677932150373095,-0.0053145812134230965,-0.15854868558942226,0.03433654260580998,-0.06589008347796488,-0.029334137697006213,-0.029334137697006213,-0.02000000000000001,-0.040000000000000036,-0.1512303742246257,-0.3313211682309781,-10.036419992251066,-1.0142885104717163,-0.001545464168519084,0.14857530529172314,-0.20897217490062456,-0.2052205220522052,0.03333333333333344,0.10399999999999987,0.34290271132376393,0.007163323782234832,0.014155394778232244,-0.07847976307996052,-0.1454545454545456,0.04963034783662601
64,2009-12-31,0.017925875938230584,0.11007932197685366,0.0010940349049231024,0.061081926162448015,0.02719819426621384,0.10387695773528027,0.2281502486016158,0.2281502486016158,0.22448979591836732,0.22916666666666674,-0.356716066304022,-0.5562205644500495,-0.00743900870385461,-53.81735159817352,0.0817536717413736,0.21707028942705264,-0.25915290739411345,-0.2525481313703284,0.02557041699449236,0.17391304347826098,0.473871733966746,0.007112375533428139,0.00915012406947868,-0.12908409212640606,-0.12765957446808507,0.046186709774262535
65,2010-03-31,-0.007076896053323067,-0.0518969984289297,-0.04648993803864744,-0.42895360343627376,0.014083183417017862,0.0997441495787097,-0.2607416778682692,-0.2607416778682692,-0.2666666666666666,-0.27118644067796605,-0.2860424469413233,0.027599383469269826,0.0609300416855656,-3.3637070977781622,-0.17863746545314366,0.035670953652026105,-0.2325581395348837,-0.2212121212121212,0.013808975834292305,0.012345679012345512,0.3489121676067686,0.0070621468926552735,0.02120792992162301,-0.1697416974169741,-0.07317073170731703,0.6602836488052535
66,2010-06-30,-0.03138286476799368,-0.0020349946399694785,-0.030277621055198163,0.15330749509383226,-0.031940804245034086,0.08394337369947125,-1.7853979934541253,-1.7853979934541253,-1.7954545454545454,-1.8139534883720927,0.4817211069921428,0.17449182069590494,0.11125814332247552,-0.9030393913902198,-0.381785350642739,-0.10895032802249294,-0.4242424242424243,-0.4182879377431907,-0.03253878168747637,-0.12195121951219512,0.1362007168458783,0.008415147265077305,-0.0004514672686229959,-0.4496296296296296,0.05263157894736836,-0.13468058233065205
67,2010-09-30,0.04706241619931384,0.18853709604005453,0.06562110096504202,0.10266473281574373,0.037677687193659486,0.17271004978631546,-3.261882064551273,-3.261882064551273,-3.2285714285714286,-3.2,0.016883678848196304,0.4340902741748813,-0.33780342584959233,4.543945680875142,-0.18910920390648125,0.020247173284249083,0.23903508771929816,0.2474916387959867,0.03597966366836136,0.05555555555555558,0.7739221871713986,0.008344923504867818,-0.009033423667569984,0.12247644683714665,0.125,0.07785972190212775
68,2010-12-31,0.04694762705228395,0.08826539053069538,0.030435453613232744,-0.08948667027742674,0.05552233064348089,0.0638421202346513,0.254139322054308,0.254139322054308,0.2564102564102564,0.2467532467532467,0.846446062312864,0.08714124042225557,-0.7052232612183921,-8.53922569231816,1.7582354807997462,0.1481958762886597,0.2389380530973453,0.2439678284182305,0.05209513023782564,0.10526315789473673,-0.08298755186721997,0.008275862068965356,0.008204193254329972,0.14268585131894485,0.0888888888888888,0.19521756174049387
69,2011-03-31,0.05824343724800516,0.13113718005022346,0.06419654963764998,0.018544046832216,0.05522548527979554,0.01641996360835596,-0.051464234277484366,-0.051464234277484366,-0.061224489795918324,-0.05208333333333326,-0.10711277785925287,0.3313850302058089,-1.9199436884091976,-0.3965831558427494,0.38464768961708384,0.31604938271604954,0.2271428571428571,0.226293103448276,0.04879799067097235,0.25,0.04686489980607633,0.008207934336525334,-0.002863170584689545,0.1699895068205668,0.04081632653061229,0.11055785801604112
70,2011-06-30,0.03921610119279384,0.0983365833444294,0.057596148914317524,0.21395795094276648,0.029819053058624426,0.06566612508810299,0.11171171171171168,0.1083510476768903,0.10869565217391307,0.10989010989010994,0.14831152741538856,0.2745829407881666,-0.8407467863701286,-0.29136566907464745,0.19685481022913764,0.0876684291318437,0.5192083818393479,0.5149384885764499,0.0287375983578515,0.03809523809523818,-0.1401667181228774,0.009497964721845387,-0.009067553271875473,0.4762331838565022,0.019607843137254832,-0.09525599377131044
71,2011-09-30,0.018907415869075184,0.08350696627838605,0.02545898445586059,0.5911213436728024,0.015467490291090291,0.08796217949215568,0.1055669877806713,0.10891921018503292,0.11764705882352924,0.0990099009900991,0.1488091345996665,-0.017327292748784414,-7.083920563741192,0.6078725200506543,0.26445767448318946,-0.10616277246354087,0.056704980842911874,0.054524361948955935,0.014965081476554731,-0.12844036697247718,-0.4391382405745064,0.009408602150537515,-0.0033551929235930977,0.035844471445929615,0.01923076923076916,-0.3190302382860025
72,2011-12-31,0.05075969880239195,0.0492673423868546,0.04512228320425593,0.02908364908609662,0.053748768748583815,0.045432685789959626,0.18832152857848786,0.1844177236040192,0.17543859649122814,0.18918918918918906,-0.1581984212529659,0.2627884010213324,-0.34326629461935343,-1.2151061288247726,-0.04498882623282063,-0.15385964912280706,0.051486584481508224,0.04840484048404847,0.05144167758846674,-0.16842105263157892,-0.2259923175416133,0.009320905459387465,0.002907421576128666,0.035777126099706624,0.018867924528301886,0.019609552030678046
73,2012-03-31,0.034840041256116734,-0.0040541025365048436,0.014843171848468062,-0.10055987072372796,0.0453559803680299,0.051043697139456334,-0.1009592060213742,-0.10168136177787668,-0.1044776119402986,-0.1060606060606062,-0.14559791749423168,-0.1070473442793004,-0.15215648548981886,0.43247696344663455,-0.06748136457587706,0.2469417375077753,0.026896551724137963,0.028331584470094432,0.044873792458709705,0.18354430379746844,0.1439205955334988,0.00923482849604218,0.01007018614586519,0.002265005662513975,0.0185185185185186,0.10731686468928968
74,2012-06-30,0.014193710357076615,-0.056819364393211676,0.024326037968956715,0.07224077319534182,0.009020858966557244,0.064680732796351,0.15576746660088348,0.15581821981747668,0.16666666666666674,0.1694915254237288,-0.13862620187551933,0.2490220991968053,13.074886535552196,6.477166226463321,-0.5410823558425945,-0.2146657798470236,0.0470114170584286,0.04897959183673462,0.025648672830301145,-0.2459893048128343,-0.2610267534345625,0.009150326797385587,-0.005135951661631499,0.0163841807909606,0.03636363636363616,-0.12038287853641595
75,2012-09-30,0.03674754240480893,-0.05023356182041362,0.0012613399826193472,-0.07839908701633748,0.05513909409314399,0.011786017065450016,0.04795731198932796,0.04795103101413757,0.05714285714285716,0.05797101449275367,1.2241783228829326,0.11856260013733122,0.7768044284409092,-0.6993430910613665,-0.3544865852511655,-0.009739572305737744,0.023091725465041568,0.0301556420233462,0.054667054376272166,-0.03546099290780125,-0.0831702544031312,0.0090673575129534,0.017764955967203292,0.02056698165647597,0.0,0.030583589293549762
76,2012-12-31,0.03726618290062112,0.09405872023663253,0.030648639219717836,0.12086398505630115,0.0405207512494139,0.018235040936913416,0.015835534481112527,0.01529917752541876,0.0135135135135136,0.013698630136986356,-0.11728806208274603,-0.3701202737421277,-0.9777456822237682,-3.748687726213261,1.5094541859618085,0.0919392773145178,-0.011285266457680243,-0.0037771482530689626,0.035290874000551316,0.03676470588235281,0.0202774813233726,0.0192554557124518,0.003132925555721311,-0.008714596949891185,0.017543859649122858,-0.023928130455145413
77,2013-03-31,0.013171588571367021,-0.04845257251141477,-0.05456730385880293,-0.28718755339592217,0.0461701159910235,-0.007415590381873894,-0.053401251856168064,-0.05421311361905423,-0.06000000000000005,-0.06081081081081085,-0.5543106322494604,0.08438183243265551,2.4835202174651716,-1.4698554301590474,-0.2826213165468222,0.2253769336205209,-0.0025364616360178394,0.010426540284360186,0.04474034620505996,0.18439716312056745,0.19037656903765687,0.01889168765743077,0.032569898869720504,0.013736263736263687,-0.017241379310344862,0.3349182115594329
78,2013-06-30,0.03079592153084953,0.37395168974308346,0.03524120969409417,0.4213511001947219,0.02883894915767416,0.002252152845788391,0.7617090283293619,0.7617329961400239,0.7659574468085109,0.7697841726618706,0.754237454967813,-1.2597340840355316,0.4107491221225126,-5.511716285416637,1.7774534229708716,-0.026845637583892586,0.1398601398601398,0.15384615384615374,0.028039765485597726,-0.0718562874251496,-0.062390158172232035,0.06180469715698389,-0.001872389457007184,0.18048780487804872,-0.01754385964912264,-0.03336274221481539
79,2013-09-30,0.010845469326809852,-0.017398808268709653,-0.04282957888390915,0.044862701973413584,0.03462215810668345,0.028968206265911345,-0.3996182732877716,-0.3995648199215769,-0.40160642570281135,-0.4065040650406504,-0.11890921333183704,-4.372738923471257,4.8034294406416365,-1.1060597683804518,-0.06787379287379293,0.09786535303776688,-0.0329057445621862,-0.0186991869918699,0.028266798909000856,0.07096774193548372,-0.07685098406747892,0.05820721769499415,0.02352092352092372,-0.00688705234159781,0.0,-0.059563247921033076
80,2013-12-31,0.023266404642937392,0.1057684283478686,0.011462852122343659,0.05851333154974993,0.028103661633579247,0.02847307688748657,0.08376252370194681,0.08332389616599345,0.08053691275167796,0.08904109589041109,0.2942829728880625,-0.27949885733827673,-0.5403347828676952,-5.0949957071016785,0.2981816070806578,0.1497158241100809,-0.015570934256055382,-0.0008285004142501995,0.024354955389438,0.1144578313253013,0.14923857868020307,0.06930693069306937,0.004793458339207525,0.005085529357374163,-0.017857142857142905,0.04464414090582314
81,2014-03-31,0.01211963896597923,-0.0016574545925004402,-0.02267511774046882,-0.08407330120713462,0.02614820431238196,0.004811325847549064,0.008014689748357284,0.00781113885823803,0.0,0.0,-0.22864743585538186,0.41161756950199657,0.14623399512726132,-0.9733050783999521,0.006131603298166199,0.2344217510081956,0.0017574692442883233,0.011608623548922116,0.02048022598870069,0.2054054054054053,0.2146643109540636,0.06378600823045266,0.013750526168093248,0.014719411223550916,0.0,0.08998004266740067
82,2014-06-30,0.03156475497901523,0.044231611019277306,0.04098804138188483,0.14509633102844322,0.027946237185299868,0.06565371657544516,0.10144354700120296,0.10147808799377643,0.0993788819875776,0.10062893081761004,0.09666472466862007,0.2341965372216648,0.394966534008683,-10.831977559607294,-0.059918390232811765,0.16745705553799128,-0.12105263157894752,-0.11229508196721316,0.0272202998846598,0.14798206278026904,0.13454545454545452,0.06673114119922617,-0.0034602076124568004,-0.12375339981867628,0.0181818181818183,-0.08810809104397521
83,2014-09-30,0.004299812851538354,-0.11931363376564465,-0.02300486394040535,0.01078446797620436,0.01491776346847451,0.034609232139499964,-0.12269150557263142,-0.1226346490883884,-0.12429378531073446,-0.12571428571428567,0.2433187014316513,0.390647973569044,2.048613249906793,4.392684944794728,-0.3437159046275149,-0.026268279472828948,-0.01131071190951416,-0.005540166204986097,0.014596900965641037,-0.0546875,0.08205128205128198,0.06255666364460577,0.010555555555555651,-0.02017589239524054,0.017857142857142568,-0.12871287128712872
84,2014-12-31,0.011850587210892938,-0.05274447574148677,0.02698860222712085,-0.11835846833462715,0.00618383607201589,0.07263374610928719,0.20365408327800427,0.20323307732671853,0.2064516129032259,0.20915032679738574,0.21538711045684766,0.12539686982047948,-0.27123123059253906,-0.4218940953025886,-0.30277161278881937,-0.2689348289607861,0.02288021534320306,0.026926648096564417,0.01195219123505975,-0.27685950413223137,-0.2766587677725117,0.058873720136518815,-0.005634964266080234,-0.0026399155227032627,0.017543859649122858,0.07445963127781319
85,2015-03-31,0.07978085483551545,0.2961812970664268,0.2454277170042818,-0.1258470106557963,0.01649061960626863,-0.1642395074698202,-0.2635169078318772,-0.2636344264001149,-0.2620320855614974,-0.2594594594594595,0.08519548771850594,0.0672636942393563,-4.143461670351158,-5.278193149268346,1.857806514171264,-0.20403246259193508,-0.04934210526315797,-0.06329113924050632,0.016404199475065658,-0.21714285714285708,-0.2350532350532352,0.05560032232070911,-0.05860400829302004,-0.0317628374801483,-0.0344827586206895,0.4827675467790842
86,2015-06-30,-0.0011346445810611616,-0.042514229750779335,-0.01172871506814921,-0.11413158803001446,0.0038247824633734773,-0.2529386717882979,-0.3923911807780014,-0.3922699526882878,-0.3913043478260869,-0.3941605839416059,-0.20794198045836765,-0.4669188369100602,-1.1793285768000632,-0.8892149795397131,0.07201926780666001,0.1749243269077585,-0.15086505190311406,-0.16216216216216214,0.002797503765870513,0.16058394160583944,0.21520342612419707,0.0519083969465648,0.004991924827484786,-0.0721705850191362,-0.0892857142857143,0.08082898969997765
87,2015-09-30,-0.025055832227003468,-0.04174227587433098,-0.025816788430926274,0.013636245573631413,-0.024705123499728858,-0.14185971071436154,-1.2334800792427911,-1.228422404819384,-1.2261904761904765,-1.2289156626506024,-0.19032407338299173,-0.01634280552304268,0.5739746062151354,-2.022204630148095,-0.068672673358256,-0.21016949152542366,-0.30969845150774256,-0.3202764976958525,-0.02489270386266107,-0.21383647798742145,-0.08017621145374454,0.0500725689404935,0.0004382761139516411,-0.21803182086034167,-0.13725490196078427,-0.05461719507130003
88,2015-12-31,-0.003039424430495874,0.02617707905520961,0.020146281314314063,0.16388784493263642,-0.013713049152906498,-0.1382469838017346,-1.7543131894032244,-1.7631744800504192,-1.7894736842105263,-1.7894736842105263,0.13639497796869526,-0.4532823794288423,-0.3535071129018995,-3.244876371810128,0.1814166749074136,-0.07278969957081549,-0.4403778040141677,-0.4491525423728813,-0.015845070422535138,-0.048000000000000036,0.3400383141762453,0.0476848652384243,-0.010806074766355093,-0.3210248681235871,-0.18181818181818188,-0.11832759756901234
89,2016-03-31,-0.014749643562084747,-0.011037627753142876,-0.024772378554431485,-0.09164118496049313,-0.009977241546216709,-0.10178601077796934,0.32514685664291965,0.31635116249523576,0.26666666666666683,0.26666666666666683,-0.4019357811262961,-0.4560733315271381,-0.05483337573136604,-0.5811133736095451,0.058690449524303474,-0.03647472690242548,-0.5421940928270041,-0.5415384615384615,-0.010286225402504456,-0.02521008403361347,0.7219442458899212,0.04551451187335087,0.00487156775907871,-0.4528301886792453,-0.16666666666666666,0.08872463527392528
90,2016-06-30,-0.006916053212016049,0.0529281137678832,0.014289758605085634,-0.12042991640813515,-0.016862466280504362,-0.16363868723912633,-1.9997642065550576,-2.044831579963324,-2.052631578947368,-2.052631578947368,-0.3332664210806148,-0.33482209566819976,-0.006701745414418148,-0.8188337384247635,0.01004328445133873,0.2006149116064566,-1.0552995391705071,-1.0469798657718121,-0.01694532309082697,0.21551724137931028,1.6467413864674136,0.04416403785488976,-0.00998971646834135,0.0,-0.1333333333333333,0.19711147274206686
91,2016-09-30,-0.020712335191805487,0.022770785967358487,-0.0017419343779079275,0.010749856862486862,-0.02989219098229445,-0.09489584868180498,2.4356132075471697,2.394716179391252,2.4,2.4,0.12444972455713499,-0.4209869455607418,0.5778271531343566,-1.163100121964741,-0.0016217729914710375,0.012003841229193402,9.333333333333334,10.571428571428571,-0.03102735003447488,0.028368794326241176,0.0,0.04229607250755274,-0.009348568036800842,0.0,-0.11538461538461542,0.01189464740866586
92,2016-12-31,-0.022596834113019937,-0.08100981378355243,-0.030545631312486443,-0.13174603174603172,-0.018638762970230816,0.11118815343615474,-0.5185968284478616,-0.5168777806500768,-0.5147058823529411,-0.5147058823529411,-0.4886060193795364,2.5367935508902013,-0.4135976850619521,53.159075458871506,-0.08797640357745085,0.15593863672307462,0.9112903225806452,0.9382716049382716,-0.0220588235294118,0.193103448275862,0.0,0.04057971014492745,0.004044337926902397,0.0,-0.0434782608695653,0.0584382871536524
93,2017-03-31,-0.020883585016675758,-0.05631838193627125,-0.004965204508107779,0.051596494410873994,-0.02871390542492425,0.09954963509590598,0.3922938710321422,0.3873384212453181,0.3636363636363635,0.3636363636363635,0.0710788475689137,0.020196726107041485,0.11487268094826696,0.056220816388010235,-0.10188607967375918,-0.008345874948693429,0.6793248945147681,0.6751592356687899,-0.028862478777589073,0.01734104046242768,0.0,0.03899721448467952,-0.008056094286140514,0.0,0.0,-0.10262970014278916
94,2017-06-30,-0.003715557714496832,-0.08321730465940358,0.03341123521652012,0.10786385638500806,-0.02242492858940326,0.2301626271025432,-0.5534638862714573,-0.5482004750015224,-0.5333333333333334,-0.5333333333333334,0.186072320355128,1.1844086021505378,-0.003139037011741785,1.0079028367024372,-0.2277855222677304,-0.17604856512141287,0.027638190954773826,0.02281368821292773,-0.02247752247752244,-0.15340909090909094,0.0,0.03753351206434341,-0.018799819521732708,0.0,0.09090909090909084,-0.1724678998430904
95,2017-09-30,-0.011345446216401213,-0.012093046318422784,0.005039781588851877,0.031312045374914936,-0.020074100497328832,0.0676743607641146,0.03362539566035139,0.033113177876623164,0.0,0.0,0.34873851294903924,-0.4726939590341018,0.002450625172927268,-0.6957131611811149,-0.08975762368908513,-0.15606162089752176,-0.2616136919315403,-0.2713754646840149,-0.020183955033214133,-0.134228187919463,0.0,0.036175710594315236,-0.00873697118332295,0.0,0.16666666666666674,-0.04208839631459471
96,2017-12-31,-0.012095053593267568,-0.05579441529645013,-0.22134642877704414,0.03303570132264766,0.10223308843533484,0.05970836213892805,-23.19536658973904,-22.595590153953204,-22.761904761904763,-22.66666666666667,-0.4035909252331046,0.3364173840887874,0.06567654596832484,1.6785769859176844,-0.26413042435866696,0.14543650793650784,-4.0695364238410585,-4.214285714285714,0.09934810951760098,0.1705426356589148,0.0,0.034912718204488824,0.11566414102365853,3.077079107505072,0.10714285714285696,-0.08600741587443195
97,2018-03-31,-0.015765873385123363,-0.030319476381794105,-0.007397787267475086,-0.043784889898302766,-0.018995719280664902,0.0237498825535778,-1.0237529643715533,-1.0253660619168736,-1.026258205689278,-1.0263736263736265,0.7278820189711279,-0.2457390332495111,-0.05654769245948544,-0.6449085403489918,-0.1274552733641937,0.18066862982851206,0.08090614886731373,0.10158730158730167,-0.018975332068311142,0.07284768211920545,-0.7095357590966123,0.03373493975903608,-0.0033264033264034376,0.0044776119402984964,0.09677419354838723,0.014092240117130396
98,2018-06-30,0.0006515706685881195,0.0022060455373775767,0.03681369513584088,0.12194247247821033,-0.013471005759742137,0.1236190093578351,-0.32586918090748385,-0.3073197840584313,-0.3333333333333333,-0.3333333333333333,0.2937032673767221,0.1952624971702579,-0.037779259317358815,-0.42049079754601226,-0.08465067928451088,-0.004401408450704136,0.019960079840319445,0.0417867435158501,-0.014023210831721422,0.012345679012345512,-0.08639308855291561,0.033100233100233245,-0.014045334445834893,-0.035661218424962726,0.08823529411764698,-0.10671960536605908
99,2018-09-30,-0.008140127982186662,-0.015816804560829567,0.004799326087087774,-0.011790351824098377,-0.013451012056073908,0.07390209471205411,-1.3063186813186811,-1.3527793696275072,-1.375,-1.375,0.1529050282790363,0.12069767041443558,0.059722580732810775,-0.22115181029006992,-0.07202717785044355,-0.054081933392278285,0.04500978473581218,0.0636237897648686,-0.014467876410005019,-0.04268292682926822,-0.08392434988179676,0.03203971119133575,-0.005359661495063507,-0.012326656394453073,0.08108108108108114,-0.0040743484409725425
100,2018-12-31,-0.0113479500044007,-0.06526197839630676,-0.007657199372097635,0.02318595426971526,-0.012890809049600271,0.06281778064793886,6.728903383611902,4.907082521117609,4.666666666666667,4.666666666666667,0.12558164526355384,0.43442056261426654,0.10697024473417692,1.8813828100222008,-0.0765416468850556,-0.07851690294438385,-1.0,-0.9973992197659298,-0.016173177407315158,-0.06369426751592366,-0.12903225806451613,0.03104503716659357,-0.001559841179807342,0.0,0.07499999999999996,-0.0864523109172668
101,2019-03-31,3.596805580929896e-05,0.005041491368471984,0.004311636909460015,-0.031628890449401766,-0.0017608832431318386,-0.026640633650104384,2.211720027427607,2.305851941480585,2.235294117647059,2.235294117647059,-0.047479019677108325,-0.4330691372570021,-0.09486143120201053,-1.243997169588804,0.05909212079667925,-0.11631445477599313,-inf,59.0,-0.0017703591299949024,-0.1020408163265305,0.0,0.030110262934690542,-0.001846328646499029,-0.8653146125845034,0.046511627906976834,0.03786084381939303
102,2019-06-30,-0.04022792836983336,0.06510853012011397,-0.012934145772428685,0.04500584682652442,-0.05176792586520696,-0.04563110028465678,-3.540326156574863,-3.5863044237775967,-3.5818181818181816,-3.5818181818181816,0.2546758479672841,-0.231383958512417,-0.002175136905675834,4.8644712251079465,0.3272085923763155,0.07996938970728906,-2.042168674698795,-1.9916666666666667,-0.051938180896883616,0.08333333333333326,5.2407407407407405,0.02923013585837797,-0.01195219123505975,0.0,0.04444444444444429,0.019256142352815253
