Unnamed: 0,Quarter end,Assets,Current Assets,Liabilities,Current Liabilities,Shareholders equity,Revenue,Earnings,Earnings available for common stockholders,EPS basic,EPS diluted,Cash from operating activities,Cash from investing activities,Cash from financing activities,Cash change during period,Cash at end of period,Price,ROE,ROA,Book value of equity per share,P/B ratio,P/E ratio,Cumulative dividends per share,Equity to assets ratio,Net margin,Asset turnover,Current ratio
0,1994-01-31,-0.05035226171193974,-0.08899126997971762,-0.3770554441355629,-0.3998304161943609,0.3040598794452713,0.0,0.0,0.0,0.0,0.0,-1.1492797669358177,-1.5587749977580487,-0.8888778741854192,-2.7424498217970363,0.14803398867044315,0.10126582278481022,0.05783689994216324,-0.04851973684210531,0.296875,-0.2997737556561085,-0.04950235725510743,0.0,0.3731498853450073,0.02284263959390876,0.04861111111111116,0.5179404900816802
1,1994-04-30,-0.05035226171193974,-0.08899126997971762,-0.3770554441355629,-0.3998304161943609,0.3040598794452713,0.0,0.0,0.0,0.0,0.0,-1.1492797669358177,-1.5587749977580487,-0.8888778741854192,-2.7424498217970363,0.14803398867044315,0.10126582278481022,0.05783689994216324,-0.04851973684210531,0.296875,-0.2997737556561085,-0.04950235725510743,0.0,0.3731498853450073,0.02284263959390876,0.04861111111111116,0.5179404900816802
2,1994-07-31,-0.14633796840804536,-0.22907994484098915,-0.18711715813090024,-0.2153551925570772,-0.12520572134910826,-0.3662858861319468,-1.2357438674737178,-1.2357438674737178,-1.25,0.0,-1.1492797669358177,-1.5587749977580487,-0.8888778741854192,-2.7424498217970363,-0.22468132452894085,-0.09195402298850586,0.05783689994216324,-0.04851973684210531,-0.10843373493975904,-0.2997737556561085,-0.04950235725510743,1.0,0.024745711249430924,0.02284263959390876,0.04861111111111116,-0.0174882290765831
3,1994-10-31,-0.017843245399669083,-0.050894740549337736,-0.04287213814057522,-0.06073000337367851,-0.005790922817301758,0.1888376891334252,-0.577027027027027,-0.577027027027027,-0.6666666666666666,0.0,-0.5149434350735399,-0.7320772280087948,-1.3061320311766362,-1.2300570567337712,0.06666874649029753,0.05355404089581306,0.05783689994216324,-0.04851973684210531,-0.013513513513513488,0.1809369951534732,-0.04950235725510743,0.5714285714285714,0.01229629629629625,0.02284263959390876,0.04861111111111116,0.010464547677261573
4,1995-01-31,-0.025606394218390727,-0.09102414121075177,0.11179551864893744,0.11498631883964384,-0.08930268216658899,0.5504954962772697,-7.456869009584667,-7.456869009584667,-9.0,0.0,0.4730757941794044,2.6616449023601287,-3.392944785276073,11.076275152082358,0.7547892720306513,-0.1016635859519408,0.05783689994216324,-0.04851973684210531,-0.08219178082191769,-0.08891928864569076,-0.04950235725510743,0.3636363636363635,-0.06541782525976891,0.02284263959390876,0.04861111111111116,-0.1847657762291908
5,1995-04-30,0.2278462991078496,0.3654446932031576,0.2359223729326341,0.2983697579973794,0.2232757067769615,1.8880842045564783,11.789089559623948,11.789089559623948,11.125,0.0,-5.9845043222365275,-2.7946014477935464,1.4214844250737086,0.17216259154492966,0.5041834727824261,0.04732510288065828,0.05783689994216324,-0.04851973684210531,0.21641791044776104,0.14114114114114096,-0.04950235725510743,0.2333333333333334,-0.003758221108675186,0.02284263959390876,0.04861111111111116,0.05164430725394742
6,1995-07-31,-0.12774039505100931,-0.21006659239537506,-0.290277505080666,-0.32318217172040997,-0.034802767308435345,-0.7182160773183024,-0.9494520587694778,-0.9494520587694778,-0.9484536082474226,0.0,-1.3235703808935178,-1.404008222462272,-0.5365007940709371,-2.7061487603305787,-0.5718797092456342,-0.05304518664047142,0.05783689994216324,-0.04851973684210531,-0.030674846625766805,-0.22236842105263155,-0.04950235725510743,0.21621621621621626,0.1065702609242376,0.02284263959390876,0.04861111111111116,0.16713705125310452
7,1995-10-31,-0.09341517702846558,-0.229372381770048,0.020604741066488463,0.02064403456598929,-0.14135454195273378,0.02658701413022557,-2.587830080367394,-2.587830080367394,-2.6,0.0,-0.8157999771923823,-0.08879838445830845,1.019245045971104,-0.8191664567630932,-0.24155602143023525,0.025933609958506132,-0.042646254784034936,-0.04851973684210531,-0.13291139240506322,0.05922165820642977,-0.04950235725510743,0.1777777777777778,-0.05284090909090911,-0.09429280397022344,0.04635761589403975,-0.2449581660782512
8,1996-01-31,0.20659293737859066,0.2767007356628461,0.8051353720398917,0.9169269635261548,-0.0925303341373177,0.3937198822757053,-0.3406845022897084,-0.3406845022897084,-0.375,0.0,3.1389361811897025,-1.3543234944532487,-2.982804943578721,-4.361941497910641,1.0707411957411956,0.016177957532861553,-0.10908052541404913,-0.15903197925669832,-0.08759124087591252,0.17252396166134187,0.0859740975475336,0.15094339622641506,-0.2479004199160169,-0.14931506849315054,-0.006329113924050668,-0.33397386625672554
9,1996-04-30,0.7070588738545176,1.2722050912418736,0.09825988771078607,0.0068294305509648545,1.0154064475605002,1.965668179138148,-34.9446170718333,-34.9446170718333,-36.2,0.0,-6.180081022125273,14.89136207980991,1.2648766224504349,7.871912547407337,4.587498558032992,-0.07064676616915433,0.630769230769231,0.5909558067831449,1.008,0.01771117166212544,0.06521187515858927,0.13114754098360648,0.18065802592223346,0.6988727858293073,-0.06369426751592366,1.2567801500288516
10,1996-07-31,-0.11051995824342176,-0.2294864460756796,-0.22445305050526576,-0.2798574795032692,-0.059419407402704676,-0.7544489369012709,-1.2812218985412818,-1.2812218985412818,-1.2840909090909092,0.0,-1.5387345634450829,-1.0610362395801038,-0.9741010954685576,-1.6749911988907011,-0.5541873737299259,-0.19700214132762306,-0.3930817610062893,-0.4050387596899224,-0.06374501992031856,-0.5997322623828647,-0.5745593139590282,0.11594202898550733,0.05742273264651241,-0.3279620853080568,-0.11564625850340128,0.06993096394783938
11,1996-10-31,-0.0678959938021424,-0.08389238072659777,0.029746041340403595,0.091125009436537,-0.1099403674087589,0.11525226834698896,0.4193696626201509,0.4193696626201509,0.4199999999999999,0.0,-0.4479214589763403,4.243101087974639,3.671367781155016,-1.321229377328366,0.39931858026529055,-0.10399999999999998,-0.5900259067357514,-0.5971769815418024,-0.11063829787234047,-0.0434782608695653,0.3320268756998881,0.10389610389610393,-0.04520044721290528,-0.5571227080394923,-0.09230769230769242,-0.16039351575257887
12,1997-01-31,0.18067465867282875,0.3226180677933581,0.6949835021656188,0.8310838500226191,-0.053681466221006335,0.4324876701519038,-0.6583477228577596,-0.6583477228577596,-0.6619718309859155,0.0,0.9251219650326454,-1.215689373222114,5.6983238769455005,-1.198396262363525,-0.05661563773556355,0.06994047619047628,-0.4202211690363348,-0.4339622641509434,-0.05263157894736836,0.20279720279720287,1.417822614543926,0.058823529411764726,-0.19839411174305788,-0.3885350318471338,-0.07627118644067787,-0.2776565464895636
13,1997-04-30,-0.0068384442277572574,0.41264873666297297,-0.0713182890851588,-0.027748752730332504,0.21308670845884947,-0.30126919771720684,-8.874713732922688,-8.874713732922688,-8.916666666666668,0.0,-3.8319835929849915,7.623331528145009,-1.8221500371071209,-16.997995824634653,1.290675005888573,0.07232267037552154,0.4168937329700271,0.4095238095238094,0.21212121212121213,0.1308139534883721,0.7294853963838666,0.05555555555555558,0.2214106844741235,1.265625,-0.3761467889908257,0.452945425888225
14,1997-07-31,0.09917882110625408,-0.023603294394259792,0.32028741696223384,0.3372226681554358,-0.057498921526138114,-0.8266859557559799,-1.191215182891669,-1.191215182891669,-1.1947368421052629,0.0,-0.7912332198580718,-0.24049206671715395,-0.5829501254779268,-1.7994686181985218,-0.33508211928353737,0.12062256809338524,0.3096153846153846,0.2364864864864864,-0.05833333333333335,-0.07455012853470433,-0.2279855247285887,0.05263157894736836,-0.1426618827951478,0.5563218390804598,-0.2058823529411765,-0.2698427047550173
15,1997-10-31,0.006480625806747353,0.010519978825800802,0.052885808676897295,-0.2252681044562236,-0.03958264748048634,0.8875975163190575,0.081185262881867,0.081185262881867,0.05405405405405417,0.0,-2.88585442138186,-1.053245458303947,-2.887244458546757,-0.4266285363576414,-0.2889477494077389,0.09953703703703698,0.5168869309838475,0.4398907103825136,-0.04867256637168138,0.16666666666666674,-0.14687499999999998,0.05000000000000005,-0.04563571143882028,0.8818316100443135,-0.2407407407407408,0.30432091122941674
16,1998-01-31,0.30605785900296634,0.3897818206220667,0.3914931234726591,0.5558473263058263,0.21308702012545644,1.5144953730480046,-6.204288035701293,-6.204288035701293,-6.230769230769233,0.0,-0.4860272444233365,-2.7680643098565825,-0.7167793536610263,0.2360476900827857,-0.5022882606905041,0.0936842105263158,2.2875121006776378,2.1992409867172675,0.2186046511627908,0.1499999999999999,-0.2951770451770451,0.04761904761904767,-0.07120484443516395,3.4568288854003133,-0.2682926829268293,-0.10673943996203117
17,1998-04-30,0.17740143092349991,0.05602048503655199,0.1409490511022462,0.18413184758739387,0.2229028118072572,3.6536756707542057,0.19731752556180027,0.19731752556180027,0.19607843137254896,0.0,-4.2706771879904375,-19.030844742960475,-1.0354273114677637,-8.308413023050136,7.375614790297238,0.10683349374398454,0.07803297997644276,0.018386714116251486,0.2022900763358777,-0.09109730848861296,-0.6866608921611087,0.04545454545454519,0.03866906474820153,-0.4714688270517789,0.8999999999999999,-0.10817703628925136
18,1998-07-31,-0.1297266641483732,-0.17279614347562167,-0.10997336876484444,-0.13652055146402353,-0.15273115131422033,-0.9187689145676796,-1.1079683011700232,-1.1079683011700232,-1.1065573770491803,-1.1274509803921569,-1.7849245374823703,-0.44523721513981895,27.83782166367445,-1.2579683070317749,-0.2271683820721625,-0.05478260869565221,-0.01830101065282708,-0.041933605125218265,-0.10158730158730156,-0.21412300683371288,-0.1921216309606082,0.04347826086956519,-0.026406926406926545,-0.0003332222592469236,-0.0350877192982455,-0.042001787310098286
19,1998-10-31,0.016524844639396408,0.10948504929983027,0.2601697224912862,0.32791750183661805,-0.28154088551036616,0.1868622206447197,0.1237968203612243,0.1237968203612243,0.1923076923076923,0.1923076923076923,1.0009769670030821,-0.32862787634616875,-4.78139785838798,0.8972713857099577,-0.5576894902400138,-0.052437902483900456,0.045353366722314936,-0.04133738601823711,-0.2614840989399294,0.05507246376811592,-0.0795551753635586,0.05000000000000005,-0.2932414406402845,0.016999999999999904,-0.054545454545454564,-0.16449004975124393
20,1999-01-31,-0.1921330733211112,-0.3539711525361,-0.2489150723484824,-0.3011128854016264,-0.07029236343332658,2.1131926346819334,-0.25910242838353703,-0.25910242838353703,-0.22580645161290325,-0.22580645161290325,-1.5062329756676964,-1.0408828982697471,-3.5732199892436536,-0.6919635613453559,-0.38838933432053546,0.07475728155339811,-0.540590896992281,-0.5599239061509195,-0.06698564593301426,0.456043956043956,0.052044609665427455,0.05555555555555558,0.15067631330607112,-0.6004588659455916,0.09615384615384603,-0.07562337179010037
21,1999-04-30,-0.07965457945294119,-0.144275639340805,-0.3555857430803583,-0.4587581211348871,0.3986726934129876,3.0505691603598164,-13.875562868029096,-13.875562868029096,-13.708333333333336,-13.625,1.5851861252115058,9.549303726006775,0.8250623284501384,-1.0409695571107265,0.026016778167144542,0.038843721770551065,0.32213209733487824,0.3674351585014408,0.39487179487179497,0.11320754716981153,1.4929328621908131,0.04511278195488711,0.5199562602515035,0.07383100902378993,0.26315789473684226,0.5810451727192205
22,1999-07-31,0.2158659725595966,0.3778569865240908,0.5515810745010841,0.8407089552912541,-0.05226335162294826,-0.8970413359216985,-1.1246712893528017,-1.1246712893528017,-1.1245901639344262,-1.1254125412541254,-1.3862248242895494,-0.894789418291443,-1.779879123293306,61.740204081632655,1.5909076795694477,0.13478260869565228,-0.009202453987730008,-0.02212855637513178,-0.05514705882352955,-0.18644067796610173,-0.1669029057406094,0.043165467625899234,-0.22050359712230214,-0.0672268907563024,0.05555555555555558,-0.2514896867838045
23,1999-10-31,-0.02109908297804364,-0.2598677711985221,0.006704234085137539,-0.14834644186306578,-0.05745347168956483,0.7270977295162881,0.2066947186707666,0.2066947186707666,0.21052631578947367,0.21052631578947367,-0.9807685246642472,24.84231943031536,-1.259609218136594,-2.081508780946371,-0.6640841117948657,-0.0659003831417625,-0.09818664307828397,-0.03340517241379304,-0.06225680933852129,-0.012499999999999956,-0.012335176520629655,0.04827586206896562,-0.037148131056760514,-0.12612612612612606,0.10526315789473673,-0.130911070286453
24,2000-01-31,1.6045000802721776,2.677838205363817,2.7710462336689923,4.219339144536793,-0.024650611706220737,1.4411372448153337,-0.8418534993405906,-0.8418534993405906,-0.8478260869565217,-0.8478260869565217,70.4313408723748,4.820802005012531,-9.391410497639356,-1.241538716032302,0.4775065108037722,-0.08285479901558658,0.037273173124080516,-0.2519509476031214,-0.024896265560166,-0.021097046413502185,-0.01248923341946595,0.04605263157894735,-0.6254493170381021,-0.03467666354264298,-0.2261904761904761,-0.2953887105613404
25,2000-04-30,-0.03749470139511635,-0.05271304524786469,-0.10314771710797443,-0.2231113863221488,0.3170048191182495,2.1373815382033805,-49.166925795053004,-49.166925795053004,-51.28571428571429,-50.99999999999999,-3.7808033291116336,-1.1946922604387986,-1.9587008272352788,0.6363376002390795,0.5288381826230433,-0.004472271914132242,0.16217494089834505,-0.0745156482861401,0.3702127659574468,0.02155172413793105,-0.08416921064108153,0.04402515723270439,0.3678822776711452,-0.002912621359223211,-0.07692307692307697,0.2194444444444444
26,2000-07-31,-0.05678700202654685,-0.09107650671935064,-0.008281628946511521,-0.010904006846853886,-0.2351416269144068,-0.8108686323409602,-1.151845320014907,-1.151845320014907,-1.15625,-1.1571428571428573,-1.1924768357638649,-1.0898338447287674,-1.0829811276083612,-2.2189466635213186,-0.4216440598998161,-0.21922731356693625,-0.04068348250610243,-0.20772946859903385,-0.2080745341614908,-0.430379746835443,-0.3609523809523809,0.04216867469879526,-0.1889616463985032,-0.12366114897760473,-0.08333333333333326,-0.08109339407744875
27,2000-10-31,-0.012500881280413493,-0.022065886125242632,0.006822990003944929,0.0158058644561756,-0.10462980447358937,0.10971030219328526,-0.040408920496270206,-0.040408920496270206,-0.018181818181818188,-0.018181818181818188,-0.6114632310008912,2.062834310755945,0.5271567152565233,-1.1745566008877346,0.12725857690312134,-0.01150747986191025,0.007633587786259444,-0.15243902439024393,-0.10196078431372546,0.24814814814814806,0.05812220566318915,0.040462427745664886,-0.09342560553633217,-0.06555555555555559,-0.09090909090909094,-0.03728309370352001
28,2001-01-31,0.04408458133182625,0.04823659351279797,0.054596005518139146,0.05981087891517878,-0.012268012577169364,0.9597183783046992,-1.113684422515356,-1.113684422515356,-1.1111111111111112,-1.1111111111111112,4.825155466795851,-1.811471615536759,2.8716781593577685,3.765172919423483,0.5379503308718139,0.11874272409778808,0.08291245791245783,0.07194244604316546,-0.013100436681222849,0.2462908011869436,0.15704225352112688,0.04444444444444429,-0.0540712468193385,0.0011890606420927876,0.06000000000000005,-0.010917705221958895
29,2001-04-30,-0.25636321220498315,-0.3690796509835187,-0.3752146195408324,-0.4695693603254073,0.4239418165936746,1.5684232649987748,65.77023914968998,65.77023914968998,67.50000000000001,67.16666666666667,-3.115059988424924,6.340247886739615,-3.3957418807668125,-1.8188668482951689,-0.2864264749893678,0.2591050988553589,0.16090167120093302,0.2371364653243848,0.4115044247787612,0.2738095238095237,0.1929397443700549,0.037234042553191626,0.9152656355077338,0.11282660332541572,0.1132075471698113,0.1894199729251276
30,2001-07-31,-0.021056020636525785,-0.025038679890771687,0.004482538825319793,0.00411033583752185,-0.08519681940053214,-0.8091852467596079,-1.0816729368191491,-1.0816729368191491,-1.0413625304136254,-1.0415647921760391,-1.264645675167531,-0.9770810077574148,-1.1851510276029429,-0.8170294670271756,-0.07344387501701533,0.2842975206611571,0.03582189487780374,0.15009041591320085,-0.08150470219435735,-0.08971962616822426,0.0362244897959183,0.04102564102564088,-0.0656601123595505,0.06723585912486651,0.0847457627118644,-0.02897916301873593
31,2001-10-31,0.04084227400399376,0.03890056531568353,0.10968299923980873,0.17393836945769636,-0.14900227428935442,0.16846586964905508,-0.09007926195426197,-0.09007926195426197,-0.11764705882352955,-0.11764705882352955,-1.3963577705140722,-8.74583847102343,-0.12084510478099345,-18.38977107649151,1.3784077824101648,0.18854568854568848,0.05009696186166779,0.1383647798742138,-0.14675767918088745,0.29363449691991783,0.1122599704579026,0.03940886699507384,-0.1822623074032319,0.05699999999999994,0.0625,-0.11504823730953018
32,2002-01-31,0.2064078963127951,0.3665296371143898,0.24808491122162435,0.3334697182762081,0.05653612796469942,0.9223191252848342,-2.0572989182821035,-2.0572989182821035,-2.0666666666666664,-2.0666666666666664,-7.082544102571949,-0.6445129837827082,1.8807637360371068,-1.1287476379222934,-0.10132520425641313,0.09258256632376828,0.03755001538935043,0.10220994475138112,0.05200000000000005,0.28095238095238106,0.01814962372731288,0.03791469194312791,-0.12454044117647055,0.0510879848628194,0.0588235294117645,0.024758023433520068
33,2002-04-30,-0.16494271749076472,-0.28582103083338906,-0.30228433847282266,-0.3985840808763891,0.4184824717322759,1.5916834011411494,14.65316045380875,14.65316045380875,14.937499999999998,14.5,-3.182905755013848,-1.145479988804926,-3.306731505151848,-0.2400715963754335,-0.1897854016659607,0.11496531219028736,0.1925244734500149,0.24185463659147866,0.4372623574144488,0.0607187112763321,0.03782608695652168,0.0365296803652968,0.6992125984251967,0.17821782178217815,0.05555555555555558,0.1875124279180751
34,2002-07-31,-0.0721068471593137,-0.13673561105016474,-0.0984531540999053,-0.14788886749069796,-0.017056856187291025,-0.7713822658364974,-1.0205874232070131,-1.0205874232070131,-1.0196078431372548,-1.0201612903225807,-1.10446675086309,6.803001154290111,-1.0580536602211503,0.7121448549977918,-0.13333409760515424,-0.019111111111111082,-0.013184079601990084,0.05549949545913235,-0.015873015873015817,-0.31775700934579443,-0.20276497695852536,0.03524229074889873,0.05931417979610744,0.016042780748663166,0.039473684210526334,0.01306095110515737
35,2002-10-31,0.01357762979650623,0.02147767564153891,0.11528922416132348,0.21048688437081492,-0.1813475159390875,0.0927982270276284,2.913139145012573,2.913139145012573,3.2,3.2,-0.07060640322091383,-0.8695266272189349,-0.5257673839933128,1.0132581294172271,-0.309734068445893,0.026280018124150255,-0.058986639778169876,-0.007648183556405286,-0.17204301075268824,0.042808219178082085,-0.024172359432475088,0.03829787234042548,-0.19247594050743647,-0.04586466165413528,0.03797468354430378,-0.15611570247933892
36,2003-01-31,0.06790911540116372,0.19318115809895955,0.07114154797229255,0.11031510865949223,0.0594696526270988,1.033137744062317,-4.54280129595416,-4.54280129595416,-4.523809523809524,-4.476190476190476,-0.8995863820595443,40.709372637944064,0.6921705267472842,-2.5033097875756978,0.6745606806814479,-0.1854304635761589,0.1800160728636484,0.2909441233140655,0.05844155844155829,-0.016420361247947438,-0.16532040926225106,0.03688524590163933,-0.007583965330444142,0.1544523246650904,0.12195121951219524,0.07462540397610429
37,2003-04-30,0.08346653374865509,0.16303458377341795,-0.04593175427176677,-0.11870639278315075,0.4250306212472912,1.0018426294301102,2.7384232841822045,2.7384232841822045,2.7297297297297294,2.684931506849315,-63.50067962886354,-1.0720350117340052,-8.402877872118797,1.4910654932018206,1.0034720473864662,0.08130081300813008,-0.002270147559591429,0.033582089552238736,0.42024539877300615,0.021702838063438985,-0.12709677419354848,0.03557312252964428,0.31513828238719066,0.04778156996587035,-0.0217391304347826,0.3196937938576505
38,2003-07-31,-0.04316118599319496,-0.08146217406449319,-0.04715740039099437,-0.08148920828422579,-0.03609886103879945,-0.7420801295950363,-0.9786067499322744,-0.9786067499322744,-0.9782608695652174,-0.9776951672862454,-1.1019919173504644,-2.3748427672955974,-0.8302652698265185,-1.4577052470719718,-0.2292492285969203,0.32230576441102765,-0.013424345847554031,0.005776173285198416,-0.028077753779697567,-0.06862745098039214,0.2342941611234295,0.03435114503816794,0.007194244604316501,0.01758957654723137,-0.011111111111111072,6.90560044196431e-05
39,2003-10-31,0.012753351440742078,-0.050346039614749816,0.04423810584449138,0.0433875914942945,-0.042249841143740086,0.17179590294295366,-0.019467019467019453,-0.019467019467019453,0.0,0.0,2.2956871616109176,-10.361116193961573,-1.4285135916714864,1.0598034623319412,-0.6126602428710543,0.0170583775587565,0.0011531365313652842,0.05025125628140703,-0.04222222222222227,0.04561403508771922,-0.017365269461077748,0.03690036900368998,-0.05412087912087915,0.04993597951344442,0.0,-0.0898356580582792
40,2004-01-31,0.2973995018577229,0.5431520247827668,0.4738171082410778,0.90110394774618,-0.03862954351756665,0.6851747419613523,9.285851966075557,9.285851966075557,9.0,8.833333333333334,0.5142368475833086,0.03621099133086392,22.71149952760157,-1.9913148453244107,1.5679753568285308,-0.1714498695490122,-0.08684634876756514,-0.11619958988380052,-0.02088167053364265,-0.134228187919463,-0.2346130408287629,0.03558718861209975,-0.25907638687191403,-0.04451219512195126,-0.07865168539325851,-0.18830134284196945
41,2004-04-30,-0.07051620827039629,-0.19925287371862305,-0.1921792291112786,-0.2848320787735662,0.28474379066022104,1.2040623973424944,4.3427749564304845,4.3427749564304845,4.5,4.457627118644068,-4.582542867227703,-1.6251155420573091,-2.5123611217840165,-0.02238388906650001,0.5969208257027012,-0.0746738641475484,0.08123107971745712,0.07733952049497295,0.3364928909952607,-0.05620155038759689,-0.0366242038216561,0.034364261168384765,0.38220305762446105,0.05871091257179306,0.024390243902439046,0.11963734928497982
42,2004-07-31,-0.14224169176877588,-0.25531970935727866,-0.11006578492152064,-0.12981853470995453,-0.2013184966439273,-0.7758705306876722,-1.077309707074374,-1.077309707074374,-1.0787878787878789,-1.0807453416149069,-1.2665689023343654,-0.6468253968253967,-0.8344438617533259,-2.8836757059015894,-0.7041083312493701,0.2484200291686922,-0.0655622958469434,-0.08758076094759526,-0.18617021276595747,-0.06570841889117053,0.08016528925619837,0.033222591362126234,-0.06891661939875228,-0.07534659433393598,-0.011904761904761862,-0.14425244177310306
43,2004-10-31,0.061129046308346924,0.12598238453198118,0.15567372637479782,0.0607068112235174,-0.1322937141031717,0.11713841201049904,0.18410725222875035,0.18410725222875035,0.23076923076923084,0.23076923076923084,-0.6867646829966696,-0.9364719955568848,-2.5846983354741417,-1.3428362418099695,0.8158183538315988,-0.06074766355140183,-0.06516853932584278,-0.11644374508261213,-0.130718954248366,0.15384615384615394,0.022188217291507103,0.03536977491961424,-0.1821504721291501,-0.08865710560625817,-0.036144578313252906,0.06155497024680545
44,2005-01-31,0.25409415588526363,0.4583679682969264,0.3099443887832893,0.4911399938817924,0.10191402081287504,0.9137643600893826,-2.7565853751987586,-2.7565853751987586,-2.75,-2.71875,4.652385063003422,-50.20914593140552,1.3520151494864097,-0.9986470606426076,0.0006078541705742957,0.0016583747927030323,-0.021367521367521403,-0.0418521816562778,0.09774436090225548,0.15428571428571414,0.11976047904191622,0.03416149068322971,-0.12141527001862208,-0.0386266094420602,0.0,-0.0219628744716045
45,2005-04-30,-0.09820112647186073,-0.15203637703227613,-0.2352029453138869,-0.34316201572146354,0.3455755358437165,1.292664681538013,5.8544693102997005,5.8544693102997005,2.375,2.4,-3.3062261306753498,-0.8615628501926914,-2.5918827921048138,1493.28,0.9096079813102927,-0.025662251655629187,0.09361353711790388,0.09479553903345717,0.34018264840182644,-0.11386138613861375,-0.013368983957219305,0.033033033033033066,0.4921576939381094,0.05059523809523814,0.03749999999999987,0.2909893826928498
46,2005-07-31,-0.09427531971507697,-0.1563914813683428,-0.1028358320413465,-0.13703129950116255,-0.0785146013785688,-0.7400756367374092,-1.044540970564837,-1.044540970564837,-1.0423280423280423,-1.0427807486631016,-1.1479316298276738,-0.8207305034550839,-0.9009646749889522,-1.8937166107709784,-0.4248377359656721,0.1567544604927784,-0.01846768155727485,0.00679117147707986,-0.0579216354344122,-0.13594040968342647,-0.005420054200542035,0.03488372093023262,0.01732954545454546,-0.004249291784702458,0.012048192771084263,-0.02241630276564788
47,2005-10-31,0.05582148480628013,0.044589800931357226,0.1626514256466065,0.24297312138233784,-0.13567142591505954,-0.016179045940360348,1.9023719368436087,1.9023719368436087,2.125,2.125,0.26996763441379645,91.56773127753306,-3.07721126379118,-0.4858689978006555,-0.3797576173236136,-0.04443628351083362,-0.07907449783879983,-0.06323777403035402,-0.1428571428571429,0.015086206896551825,-0.06948228882833785,0.03651685393258418,-0.18123429209717945,-0.05903271692745383,0.0,-0.15961882072662292
48,2006-01-31,0.4487180019758488,0.7859928549228561,0.6253528185143769,0.9816314977763148,0.02281894151853181,0.9118426293668384,-1.1490849118142992,-1.1490849118142992,-1.16,-1.16,1.4970279755746252,-0.4982064567556795,5.6330090396602674,-5.442951009317095,2.720298606333919,-0.03881629515757101,-0.14770844837106578,-0.1863186318631864,0.021097046413502074,0.12101910828025475,0.008784773060029227,0.03252032520325199,-0.2939972714870397,-0.15343915343915338,-0.03571428571428559,-0.09868887313961727
49,2006-04-30,-0.21938623426669893,-0.4156648220310084,-0.3686569627052056,-0.3908891762180696,0.35255829360188873,1.157790770151122,47.5047469660695,47.5047469660695,43.75,43.25,-3.3106131079082917,4.147807428307233,-2.220004764287128,-1.7172699940994107,-0.5244709556356066,-0.09116353458616556,-0.10301263362487856,-0.09513274336283184,0.3780991735537192,-0.10984848484848486,0.044267053701016135,0.028871391076115364,0.7323671497584541,-0.10178571428571437,0.0,-0.04069195989777874
50,2006-07-31,-0.058917857086206886,-0.1541268302839961,-0.00433104524051009,0.014220117534999853,-0.15654630624187826,-0.7833433092229303,-1.2236059625079572,-1.2236059625079572,-1.2290502793296092,-1.231638418079096,-1.2014804637590963,-0.6061538390679658,-1.1247288844424361,-0.6026622374389872,-0.4382321511381737,0.001759788825340891,-0.21271217045864926,-0.2310513447432763,-0.15592203898050971,-0.274468085106383,0.06949270326615697,0.033163265306122465,-0.10373675404350237,-0.19781312127236586,-0.03703703703703709,-0.16598360655737698
51,2006-10-31,0.1012412823520812,0.15902869383819904,0.1970254391260593,0.3005164962221183,-0.1009842848933714,0.041536376227627285,0.1909238298941216,0.1909238298941216,0.19512195121951206,0.19512195121951206,0.5965380713981872,0.1745224270703598,2.0292545502635737,-1.171563311314864,0.13383563891424055,-0.05270092226613965,-0.20275229357798166,-0.22257551669316372,-0.10301953818827714,0.12316715542521985,0.21897335932423667,0.032098765432098775,-0.1835718730553827,-0.1871127633209416,-0.03846153846153855,-0.10884520884520887
52,2007-01-31,0.507997804375814,0.9892121320261376,0.7102131769654074,0.8525645812584453,-0.06045268750587152,0.6957501318263408,-0.6149047679918189,-0.6149047679918189,-0.6122448979591837,-0.6326530612244898,1.1697252407166778,3.0167373598582152,2.0989928422762576,11.595479360214537,1.4479586137973603,0.07371349095966617,-0.22554660529344084,-0.2801635991820041,-0.06138613861386132,0.1984334203655352,0.3566098081023452,0.03349282296650724,-0.3769054878048781,-0.19817073170731714,-0.10666666666666658,0.07375241246208986
53,2007-04-30,-0.1987702321522551,-0.3727770102077632,-0.22284210434897225,-0.2678695363210881,-0.07559597797374673,1.0543452313645671,0.4201022372701322,0.4201022372701322,0.3157894736842106,0.3888888888888888,-2.3813467743763743,-1.0252183224802127,-1.77688851846428,-1.2394520847939388,-0.14854812102716808,-0.08549222797927457,-3.0185735512630014,-2.715909090909091,-0.07805907172995785,-0.026143790849673217,0.20628683693516686,0.03240740740740744,0.15351681957186525,0.0,-0.16417910447761186,-0.14327898318140975
54,2007-07-31,-0.08419542494405953,-0.16376756799946268,-0.04901993329820864,-0.09002266461013475,-0.2355158964410721,-0.8057175387256146,2.5363003132158384,2.5363003132158384,2.72,2.72,-1.197025356273421,3.2044035975819534,-0.9420027849256412,2.0750328673682605,-0.5252191816783427,0.03682719546742218,0.5748987854251013,0.3377483443708609,-0.2379862700228833,0.12527964205816566,0.0,0.02914798206278024,-0.1654294803817602,0.0,-0.07142857142857151,-0.0810729806683651
55,2007-10-31,0.03475517867464961,0.3781919974132717,0.13406292489615868,-0.17710142509186655,-0.4966717898354113,0.14064463325892107,0.6599610020490451,0.6599610020490451,0.6666666666666665,0.6666666666666665,0.1799214684520214,-1.7342864156545523,-4.795522464026292,-0.8951684026379327,-0.11596838721322633,-0.06739526411657559,0.9443795279270856,0.5259900990099011,-0.4984984984984985,0.22266401590457247,0.0,0.030501089324618924,-0.5133418043202034,0.0,-0.07692307692307697,0.6749836921069796
56,2008-01-31,0.6287581237667571,1.0425218781155543,0.6931495982242109,0.978922647750307,-0.14762254721834345,1.2367923573675783,-0.9057122549380712,-0.9057122549380712,-0.9032258064516128,-0.9096774193548388,3.7570900220025023,-0.8190906775343861,5.628897973570981,-21.15710457876901,2.6442345217941927,-0.05419921875,0.0,-0.07948094079480937,-0.14371257485029942,0.8861788617886177,0.0,0.029598308668076,-0.4765013054830288,0.0,-0.06249999999999989,0.032129296076331526
57,2008-04-30,-0.514183801919464,-0.7071112572123659,-0.5828016738667079,-0.5963321266919954,1.1292301457972287,1.6888786986780944,-12.477722876810674,-12.477722876810674,-12.133333333333333,-12.928571428571427,-2.4773241433895064,-100.95793734600493,-2.561379395647427,-1.6677431399265366,-0.4845103825578418,0.017036654620547154,-0.5177884615384616,-0.6511013215859031,1.111888111888112,0.1879310344827585,0.0,0.030800821355235982,3.381546134663341,0.0,0.2666666666666666,-0.2744080747099331
58,2008-07-31,-0.12802571386654926,-0.2436571519747395,-0.122712516397529,-0.17611620810909268,-0.15295935081158674,-0.8701308831756099,-1.2441653390045662,-1.2441653390045662,-1.2455089820359282,-1.2455089820359282,-1.0882695007913494,-0.9858529018717834,-0.9869363101392268,-0.4571625554039733,-0.5102146950175072,0.14314720812182746,-0.5114656031904288,-0.5202020202020203,-0.1556291390728477,-0.4586357039187228,0.0,0.02788844621513964,-0.02902675014228795,0.0,0.05263157894736836,-0.08203328133125333
59,2008-10-31,0.10630507056006322,0.4764682663711748,0.1291753140091867,-0.04310963233236143,-0.004852268734418352,0.03483414694468824,0.023772029626504043,0.023772029626504043,0.0,0.0,0.10513820747559556,-5.036776602364655,-12.533443844660745,-2.0774686056513882,0.9483985865089132,-0.04618117229129659,-2.4882653061224493,-2.7421052631578946,-0.03529411764705881,0.12868632707774807,0.0,0.029069767441860295,-0.1002344665885112,0.011406844106463865,0.03333333333333344,0.5429825803710522
60,2009-01-31,0.3460336491268625,0.6593373538145002,0.4071793096164378,0.6405564916170268,0.00881870434822285,1.826553693213342,-1.3485803023389318,-1.3485803023389318,-1.3414634146341464,-1.3414634146341464,4.027620532330268,-1.5406884432180792,1.8231135494237398,0.4404693975614151,0.829808859529487,-0.1005586592178771,0.2639698320191979,0.6737160120845922,0.004065040650406582,-0.06769596199524941,-0.11368078175895754,0.028248587570621538,-0.250814332247557,0.4097744360902256,0.19354838709677424,0.011473152822395694
61,2009-04-30,-0.2659817482920865,-0.4173967486266422,-0.3881256357469575,-0.4011378550553246,0.6736317045731871,1.4148509330149803,13.925215885818044,13.925215885818044,14.0,13.928571428571427,-2.961732013147241,-0.4501496792587313,-2.3410133356076432,-0.33030680517115873,0.30370240221619405,-0.024844720496894457,0.3458096013018712,0.5252707581227438,0.7044534412955463,-0.028025477707006363,-0.3006247703050349,0.0274725274725276,1.2808695652173911,0.5853333333333335,-0.04054054054054057,-0.02713248638838484
62,2009-07-31,-0.15186608559175274,-0.2889579476329014,-0.15145061930572712,-0.2398193705488933,-0.15303455040654854,-0.8851595482162746,-1.1890414950848984,-1.1890414950848984,-1.1904761904761905,-1.1913875598086126,-1.1318378387941304,-0.20356735455771025,-0.9298448615058535,-2.682042235251388,-0.3918380963374415,-0.16188959660297242,-0.08464328899637241,0.014201183431952646,-0.15676959619952502,-0.5085190039318479,-0.4114555964266947,0.026737967914438387,-0.00152497140678598,0.014297729184188368,0.0,-0.06463949258464707
63,2009-10-31,0.09274506672368688,0.25864455027114897,0.16131334037545808,0.3070226632717652,-0.10045821246747756,0.18357561568755565,-0.03776733466034088,-0.03776733466034088,-0.05000000000000005,-0.05000000000000005,-0.2705856213578778,0.8177083333333333,-4.364555100228486,-1.6569498426799925,0.4232721158537736,0.15262824572514244,-0.03874944958168214,0.03617269544924162,-0.10140845070422533,0.3679999999999999,0.1446428571428573,0.02604166666666674,-0.17678503245513555,0.021558872305140968,0.014084507042253502,-0.037096130833665586
64,2010-01-31,0.4917643359378696,1.0533553876468609,0.6615058227603791,1.0898782852756783,-0.1256935646351357,1.86693183595487,-1.3937800866339525,-1.3937800866339525,-1.3947368421052633,-1.3947368421052633,4.859594360250321,-0.000931232091690548,2.037128988489725,-0.30639526693900554,0.2062736560765177,0.13516483516483513,-0.014429683921209246,0.00112612612612617,-0.10971786833855803,0.26315789473684226,0.1115444617784711,0.025380710659898442,-0.4137291280148423,0.0219155844155845,-0.01388888888888895,-0.017398508699254408
65,2010-04-30,-0.2936266021819593,-0.4393268457833253,-0.4139811439027864,-0.5338279749280207,0.5383670754014824,1.5008172416596426,12.64329021427866,12.64329021427866,13.066666666666665,13.000000000000002,-2.7069970327784048,-2.4275829927583,-2.449164901417631,-0.7415057170129369,0.0442027068717128,-0.08664085188770565,-0.039739716476876574,-0.026996625421822462,0.5704225352112677,0.024691358024691246,-0.09333333333333338,0.024752475247524768,1.1772151898734171,-0.017474185861795166,-0.014084507042253502,0.20267706576728486
66,2010-07-31,-0.15477737500854938,-0.305981496665202,-0.1040335947500164,-0.16464074166128584,-0.2884036844991428,-0.8825977567845249,-1.1891657547175274,-1.1847898463872342,-1.1943127962085307,-1.1952380952380952,-1.1050050715871715,-0.8492503955199517,-0.8910102824495599,-10.237311439346325,-0.3910296029201046,-0.14096449390567034,0.05009680542110352,0.011560693641618602,-0.2556053811659193,-0.4533132530120482,-0.14628482972136225,0.024154589371980784,-0.1580668604651163,0.012934518997574695,0.0,-0.1692226798703006
67,2010-10-31,-0.026305986848588758,-0.05597776424002432,0.008520110373087197,-0.011647112148380878,-0.14177674031138954,0.17639193511953774,-0.16553286246661714,-0.16349934982531455,-0.12195121951219512,-0.12195121951219512,-0.4264194503389797,0.7711144427786107,-1.1921914090597767,-0.8031512471028515,-0.12639972328669868,-0.19494139420111045,0.09149573634477992,0.07314285714285718,-0.1325301204819277,0.08264462809917372,-0.1894832275611968,0.023584905660377187,-0.11868795856711267,0.045490822027135065,0.02857142857142869,-0.04483122362869196
68,2011-01-31,0.3470354349407654,0.8864514515725705,0.4513084539365346,0.8065651653995529,-0.05924267309233301,1.6370734215163725,-0.8833460187622079,-0.957644260483584,-0.8888888888888888,-0.8888888888888888,3.79307634543179,0.8348382242287433,21.07947513606203,-4.643449706187348,0.5271644789350516,-0.0444444444444444,-0.08551520270270274,-0.055378061767838105,-0.05902777777777779,0.10178117048346058,-0.057046979865771785,0.02304147465437789,-0.3016650342801175,-0.08931297709923669,0.06944444444444442,0.04417448923246825
69,2011-04-30,-0.10249890784259497,-0.24322393504580397,-0.2445532227602847,-0.3604065003787584,0.7513637467484533,1.7310630171865051,-52.769593585409964,-146.32102586778691,-55.0,-54.75,-3.1076719966326065,2.7940332171416853,-2.170525270806883,-0.5806769128599212,0.14474684278394467,0.2213311948676824,-0.07619487416301074,-0.07215332581736189,0.7527675276752768,0.2979214780600461,0.4009489916963227,0.022522522522522515,0.9516129032258064,-0.0712489522212909,-0.012987012987012991,0.18328926493918551
70,2011-07-31,-0.1727948807604358,-0.32687406340720604,-0.18204937384042674,-0.27608610744240125,-0.1488002682167313,-0.8849109269556744,-1.2658796983119256,-1.2640505593447002,-1.2638888888888888,-1.2651162790697674,-1.1955225204554591,-0.8074283243710649,-0.851554896043137,-4.1351518236752565,-0.39642243259802457,0.06434668417596856,-0.15196200949762562,-0.10449574726609956,-0.14947368421052631,-0.3932384341637011,0.02455546147332765,0.022026431718061627,0.029105282069708863,-0.10740072202166062,0.013157894736842035,-0.07016446192348946
71,2011-10-31,-0.07695798472256142,0.010540074648119456,0.012854180389860748,0.1112463932276886,-0.30072284352492185,-0.5172735900520861,-0.1906018344013068,-0.1834152468641425,-0.17543859649122806,-0.17543859649122806,-0.5233063573852678,6.9188241072055,-0.4863677879476866,-0.3383328196531531,-0.4345749864966145,-0.13448488587291807,-0.09048040082522846,-0.0746268656716419,-0.2698019801980198,0.017595307917888547,-0.017355371900826366,0.02155172413793105,-0.2423184357541899,-0.04550050556117291,-0.038961038961038974,-0.09064692877054703
72,2012-01-31,0.22036291595173974,0.4949922985824171,0.2995316490942743,0.8205196712146692,-0.0653356080396652,4.133984550366116,-0.976369563376704,-0.9750007055967936,-0.9787234042553192,-0.9787234042553192,3.2542920793921706,-4.992752531740899,-8.516000151337444,-2.4687024253688947,1.1288169455354509,0.12259444048467573,0.007777057679844601,0.08211143695014678,-0.06779661016949158,0.5389048991354466,0.2380151387720775,0.028129395218002614,-0.2341013824884793,0.05932203389830515,0.0,-0.178752642706131
73,2012-04-30,-0.0418773616573892,-0.007410505995635973,-0.17859720142153154,-0.2210595248959739,0.6441114069209584,1.7645383548426006,-176.00836070468796,-166.42562799887105,-200.0,-198.0,-3.1806352114559524,-0.9371197159658272,-2.0559884100809747,0.1221848684892468,0.5950447257716263,0.010158730158730256,-0.18713826366559472,-0.18970189701897025,0.7563636363636363,0.08426966292134841,-0.017663043478260858,0.02735978112175097,0.7160048134777379,-0.07600000000000008,-0.1216216216216216,0.2741665594027545
74,2012-07-31,-0.2269652206323729,-0.4331857653397009,-0.1730226330793474,-0.21731511842015688,-0.3621856078775647,-0.9473790985584593,-1.1833141956277309,-1.1803829702287822,-1.1959798994974875,-1.1979695431472082,-1.2138558705195952,-1.2369693333803862,-0.40593332564265616,-2.384797683876749,-0.5166103148944574,-0.01885606536769336,0.3805379746835441,0.3076923076923077,-0.3540372670807453,-0.4421416234887737,0.17358229598893482,0.02663115845539288,-0.17496493688639547,0.33225108225108224,-0.015384615384615441,-0.2757854328720073
75,2012-10-31,0.08414849495461807,0.20411555030724493,0.16560879631987735,-0.02310866254980659,-0.1806135468437564,0.4225766667703055,-0.020457739596615787,-0.04218571171835839,0.0,0.0,-0.4803666184273999,7.542665673864483,-1.9171542745261672,-1.3196036090926198,0.34156815137396523,0.07559256886611143,0.17249283667621795,0.11381074168797944,-0.18269230769230785,0.6656346749226005,-0.10076605774896874,0.025940337224384047,-0.2443688907777305,0.1169780666125102,0.0,0.2326684335332683
76,2013-01-31,0.009178465020671213,0.017338497310705137,0.029281193533797545,0.06807054090123632,-0.08376711745580022,2.438501271282137,-0.8317417785505925,-0.8323474516852157,-0.8205128205128205,-0.8205128205128205,2.8416986425712762,1.0263056969527926,-0.967922336077048,-3.624415163691866,-0.6681856862672011,0.20488385944014292,0.011485826001955024,0.016073478760045834,-0.08627450980392147,0.4739776951672863,0.1231979030144168,0.02528445006321101,-0.09223847019122622,0.03709090909090906,-0.015625,-0.04752744143940257
77,2013-04-30,0.1539182748056196,0.4179519264932921,-0.0070887746512017236,-0.0247136236340354,0.9901888207053842,3.6616735066602537,-38.516376778857015,-41.55952170583731,-36.0,-35.285714285714285,-3.4285921411215083,-1.5968753495014496,-31.070423303512978,-2.5776543116095123,3.176975751998757,0.29658922392486403,0.3063541918337762,0.2293785310734464,0.9871244635193132,0.4199243379571249,0.3663943990665111,0.024660912453760897,0.7255266418835196,0.1213183730715286,0.1587301587301586,0.4538434121420933
78,2013-07-31,-0.17076437614083895,-0.30759768237000285,-0.1883369901705194,-0.27915694474469555,-0.12522842442742532,-0.9421896617235066,-1.1733856157991391,-1.164588231706166,-1.1714285714285717,-1.175,-1.1761945878297475,-1.4192911399703083,-0.5841186682654544,-1.4391426716390847,-0.33400855123416096,0.1242851696530689,-0.08544479378583314,-0.02849264705882348,-0.12742980561555073,-0.4342806394316163,-0.18744662681468827,0.02406738868832714,0.05457809694793525,-0.026891807379612283,0.0,-0.03947045844569752
79,2013-10-31,-0.12978728040802698,-0.2987086875019063,-0.12719688226814466,0.06632337895488671,-0.13601552498608993,0.05617359172923453,-0.08893364702614015,-0.09022164966646662,-0.0714285714285714,-0.0714285714285714,-0.45526162225248,0.2011687865245788,-0.2877756210333472,-0.3608036895159909,-0.3205702325677305,-0.015259409969481162,-0.06996966632962598,0.04068117313150421,-0.13861386138613865,0.1287284144427001,0.004203888596952199,0.02350176263219761,-0.007150153217568954,-0.003213367609254503,0.04109589041095885,-0.3423515399013102
80,2014-01-31,0.07352971266261576,0.25848364158862003,0.2194359393982768,0.32833770289360786,-0.2808618026649913,0.4870477891916034,1.0459773400798529,1.0642536394231237,1.0,1.0,2.6165719255202124,-0.8890447026501059,-2.7797722943882017,-0.052896779450233744,-0.4468645829644955,-0.0072314049586776905,-0.4377038486627528,-0.4472727272727273,-0.2816091954022989,0.15159944367176625,-0.007326007326007411,0.02296211251435132,-0.32990397805212635,-0.3720180528691166,-0.06578947368421062,-0.052522639068564025
81,2014-04-30,0.3351766157357849,1.0695043765879295,0.1090503611772624,0.12586686914705147,1.2665141629013963,11.829704159783752,-5.238245828113137,-5.363312174930346,-5.243589743589744,-5.256410256410256,-4.073343535860396,-21.273149342274948,-1.905004421840105,-5.94640997487039,3.996083712083109,0.029136316337148967,0.7950502706883218,1.0509868421052633,1.2719999999999998,0.43357487922705307,0.9309435951502374,0.02244668911335568,0.6970317297850563,0.6950718685831623,0.11267605633802825,0.8380666302566904
82,2014-07-31,-0.1710248301438001,-0.26391888776065303,-0.20508928969900986,-0.2720127308790393,-0.10237326290402682,-0.9478788446306852,-1.1277277532478094,-1.1173059052443084,-1.1268882175226589,-1.1265060240963856,-1.1977223725752022,-1.3350424305652744,0.3247641608079179,-1.4324141557054366,-0.3458635331328733,0.025952140208965302,-0.055364067212408496,-0.01042502004811552,-0.10563380281690138,-0.5484414490311711,-0.5195195195195195,0.021953896816685026,0.08293124246079597,0.0066626287098727754,0.0,0.011142475115138772
83,2014-10-31,-0.2054911832187516,-0.36418907746881657,-0.25705811513306565,-0.3612062100374187,-0.11345834526195253,0.00780021858577995,-0.03642714570858285,0.04024233523040199,-0.02380952380952384,-0.02380952380952384,-0.35534153596184337,1.0653148021569074,0.4261772801506276,0.06110068826093064,-0.5610389446858283,0.0075558475689880816,-0.077309007981756,-0.0032414910858994395,-0.11417322834645673,0.12686567164179108,0.00738636363636358,0.021482277121374738,0.11584516847674745,-0.020457280385078103,0.012658227848101332,-0.004628269174257961
84,2015-01-31,0.4165416379569695,0.9063779478393093,0.7448621245440226,1.2972546591588363,-0.0745077808886262,2.78133820601955,-0.670101251808068,-0.6874801454237407,-0.6829268292682926,-0.6829268292682926,1.518874597547888,-0.04434801794513499,-3.770367060916535,-1.864893846501056,1.1054263812969132,0.08412129116400391,0.2424616905585764,0.3065040650406505,-0.07555555555555549,0.2235099337748343,0.09644670050761417,0.02103049421661418,-0.3466433740953332,0.2340294840294841,0.03749999999999987,-0.1701970625138386
85,2015-04-30,0.031167124654111644,0.06226138899096888,-0.17017029248681226,-0.2398988468312139,0.598894786655443,3.520698366052873,-20.99677925733464,-21.99757171899707,-21.615384615384613,-21.0,-4.024109821617339,-0.6876635370170848,-1.8550788332790928,-0.010939329108303421,0.5192932738087128,-0.009022556390977376,-0.31131887805848424,-0.2576228998133168,0.6009615384615385,0.07171853856562938,-0.28189300411522633,0.02059732234809464,0.5504201680672269,-0.21403683424589331,-0.06024096385542167,0.39758071689050944
86,2015-07-31,-0.19549211369042085,-0.2846005880118633,-0.2681136161397458,-0.36630944439327495,-0.08921252037017946,-0.9401582535620088,-1.1348855843138104,-1.12990923149331,-1.1343283582089552,-1.1384615384615384,-1.2018595288311291,-2.9769619317481832,-0.7020179579825008,-2.0317058665764893,-0.35263627260000296,-0.03247344461305024,-0.021952628538417063,0.05280804694048613,-0.0930930930930931,-0.3952020202020202,0.39255014326647575,0.02018163471241153,0.13229859571322988,0.02343255224825836,0.012820512820512777,0.12893782218545158
87,2015-10-31,-0.3696416788546012,-0.6558103098525642,0.1802488101447386,-0.5240108413834358,-1.0163187728484084,-0.06755108264714849,0.4550316579536218,0.4762905379527362,0.5277777777777779,0.5277777777777779,-0.406558165849738,9.375334953573876,1.9856735158190049,0.3262085198245852,-0.7224211201940615,0.07496863237139295,0.0,-0.017515923566878918,-1.0198675496688745,0.1837160751565763,0.03703703703703698,0.01978239366963419,0.0,-0.05693069306930688,0.05063291139240489,-0.2769039968431141
88,2016-01-31,0.2550983734202892,0.6797104201412396,0.4719783871496759,0.03968595776527328,18.7017215431487,2.6953860530311884,-0.4363789334307999,-0.4477562754171925,-0.36363636363636376,-0.36363636363636376,2.6719695990947443,-1.1532767143363385,-1.6777693745929707,-0.8176522662700902,-0.4745744854871756,0.0,0.0,0.004051863857374327,18.916666666666668,0.0,0.08978174603174605,0.019398642095053376,0.0,-0.0820209973753282,0.0963855421686748,0.6155765182817494
89,2016-04-30,-0.005661356846758836,0.0013427173354720876,-0.16890799172036894,0.7649380678808622,-1.0430436678131068,3.841451670343889,-9.572991227104213,-9.89809677378398,-10.0,-9.714285714285714,-3.377162608767392,-1.3031799212367012,-2.7942770596315736,-5.132090903779868,3.7321844114589657,-0.1990078786110302,0.0,0.03712671509281695,-1.0418410041841004,0.0,-0.06736458807464729,0.019029495718363654,-0.9823759791122716,-0.0993566833452466,0.1428571428571428,-0.4326593639917
90,2016-07-31,-0.24292780222375798,-0.5022711319170938,-0.16627073608516266,-0.414047643095214,-9.648530493875256,-0.9455119681285168,-1.1765087874039124,-1.172868184976806,-1.1777777777777778,-1.1836065573770491,-1.2427727049322146,-0.6718366291844384,-0.9081562864880612,-1.8340708902995941,-0.6578159480196832,-0.20364298724954466,0.0,0.07081712062256806,-10.1,37.55379188712522,-0.4040995607613469,0.020541549953314583,0.0,-0.060317460317460325,0.14423076923076916,-0.15054860933911707
91,2016-10-31,-0.03760685024834276,0.15632021802413987,0.11691036744890405,-0.2861354753028356,1.7900473957368863,0.04910332707592757,0.1823114180136327,0.18496079240610808,0.2142857142857142,0.2142857142857142,-0.4741745939980029,-12.986805829066565,-3.0380281449310056,-0.8739494516298544,-0.2423200628277028,0.041628545288197705,0.0,0.01671511627906974,1.956043956043956,0.0,0.17280917280917274,0.02012808783165609,0.0,-0.0033783783783785104,0.016806722689075567,0.6198057474717131
92,2017-01-31,0.23794939721772115,0.7098485516166908,0.2798849392476046,0.27544687104036497,0.4365159802034546,2.4407608199068007,-0.2852277390233894,-0.2939787403000877,-0.26470588235294124,-0.26470588235294124,1.5992115847466437,-2.980203387602885,1.168986492155382,-0.8475276018342949,-0.048763494043266964,-0.01273605621431706,0.0,-0.036454610436025714,0.4386617100371748,0.0,0.07541899441340782,0.019730941704035658,0.0,-0.05593220338983052,0.024793388429751984,0.340607034678865
93,2017-04-30,0.04518761607072541,0.11905632863720172,-0.18453922763920816,0.6935040395790399,-0.923973796727338,4.151599311324638,-8.495187247641462,-8.754674165063394,-8.54,-8.36,-3.962545376238233,-0.7131325031319224,-3.2607036552085606,-70.69121538190156,3.5725996057367118,-0.006227758007117501,0.0,0.2752225519287834,-0.9250645994832042,0.0,0.1071428571428572,0.019349164467898028,0.0,0.2414721723518851,0.032258064516129004,-0.3391893761239452
94,2017-07-31,-0.20855140179977932,-0.3804488577225473,-0.14824549336095838,-0.4011306532663317,2.5203258709327727,-0.9408045396846534,-1.1666773047110366,-1.1628270619294507,-1.16710875331565,-1.171195652173913,-1.2124158233861717,-1.3749023917633107,-0.9765160012011488,-1.5687197133741435,-0.3393260960061543,0.2591763652641001,0.0,-0.0139616055846421,2.5517241379310347,0.0,-0.14956011730205288,0.02070750647109576,0.0,-0.02024584237165583,0.0078125,0.034470727792896394
95,2017-10-31,-0.19495246331571192,-0.4668489339760654,-0.09257829279767626,-0.30102612238802784,0.9258939569258332,0.022147719191303542,0.1761471122105891,0.1601447123724391,0.17460317460317465,0.17460317460317465,-0.4149762291776151,4.126282496335725,1.8928233151183969,-0.1399286571023568,-0.5784512691570881,0.0024884464984002985,0.0,0.02123893805309729,0.9126213592233008,0.0,0.040000000000000036,0.020287404902789463,0.0,-0.014760147601476037,0.03875968992248069,-0.2372344013490725
96,2018-01-31,0.492111261994185,1.8882024038721053,0.5306988006578583,0.6952364965397264,0.6911692382980477,2.467604753858605,0.5996053813995286,0.6373482047240913,0.5945945945945945,0.5945945945945945,1.9633077353744848,-0.3505387347258171,-10.296292564980858,-0.9708588401492376,-0.03998764476571215,-0.06453900709219862,0.0,-0.3564413633737724,0.6954314720812182,0.0,-0.03381962864721488,0.01988400994200501,0.0,-0.3550561797752809,0.0149253731343284,0.7037495578351609
97,2018-04-30,0.2263104673408034,0.4731349594787488,-0.157125811775224,0.2657397738729657,-1.5640001203319442,3.899102422884942,-5.652759062875288,-5.709833732342802,-5.635593220338983,-5.516949152542373,-4.112756681762553,-1.2436628203345843,-2.1135274993226765,-124.70407529077512,5.152678079430767,0.009476876421531388,0.0,1.3052064631956908,-1.5628742514970058,0.0,0.6177076183939603,0.01949634443541837,14.469135802469134,1.2984901277584204,-0.029411764705882363,0.16386380151562352
98,2018-07-31,-0.17062072641103054,-0.32224232745664905,-0.12165272903184945,-0.3314818568341649,-0.5123097906840297,-0.9393263009909943,-1.133578085039552,-1.1300811374970523,-1.1352833638025597,-1.1388367729831144,-1.1701147436431696,-1.6240015214910613,-0.7933007788264319,-1.397038927594545,-0.3325078530821469,-0.01877581674802853,0.0,-0.08138629283489085,-0.5053191489361701,-0.9364135407136324,-0.6011879507848961,0.019920318725099584,-0.4118116520351157,-0.035876705406771126,-0.045454545454545525,0.013825090309057542
99,2018-10-31,-0.1427011813263377,-0.30505731509379364,-0.06150278343111504,-0.22743955630891,-1.163143394320058,0.02540242314871577,0.15462107814239867,0.14866488965281088,0.16216216216216206,0.16216216216216206,-0.3286665619350149,10.679670832063396,-0.6682910751700921,-0.3000799007928617,-0.3486616742849116,-0.0007654037504783995,0.0,-0.0856295040271301,-1.1612903225806452,1.0201438848920863,0.04042553191489362,0.01953125,0.0,-0.03983228511530401,-0.04761904761904767,-0.10047068138829007
100,2019-01-31,0.15023086953095333,0.3856893699452975,0.22863693306738744,0.3486749548449581,5.81854748603352,2.1462407050399337,-0.2826363203158683,-0.2989344228757138,-0.2790697674418604,-0.2790697674418604,1.8547602804924481,-0.5295660342892929,-6.9732256919801285,0.0800416337367571,-0.5781467318119855,-0.00191497510532368,0.0,0.2086230876216968,6.000000000000001,0.0,0.04498977505112478,0.019157088122605304,0.0,0.2194323144104801,0.0,0.0274341043571813
101,2019-04-30,0.28462211626724643,0.6145108095236553,-0.008618108774556599,0.5706752024177821,-3.5353455904040896,3.979766601762656,-7.942516646369432,-8.371872368453964,-7.983870967741938,-7.822580645161291,-3.7147666252179534,-0.005075578976563633,-2.5270354164995794,-4.354077340456314,4.59673777320412,-0.03415195702225626,0.0,-0.3947065592635213,-3.5523809523809526,0.0,-0.2084148727984345,0.01879699248120304,1.2265943012211666,-0.3576544315129813,-0.033333333333333326,0.02789148024750121
