Unnamed: 0,Quarter end,Assets,Current Assets,Liabilities,Current Liabilities,Shareholders equity,Revenue,Earnings,Earnings available for common stockholders,EPS basic,EPS diluted,Cash from operating activities,Cash from investing activities,Cash from financing activities,Cash change during period,Cash at end of period,Price,ROE,ROA,Book value of equity per share,P/B ratio,P/E ratio,Cumulative dividends per share,Equity to assets ratio,Net margin,Asset turnover,Current ratio
0,1993-12-31,0.02260096855180671,0.054639152634119885,0.008597487344906618,0.008347645850346641,0.03459686382996652,0.14207604230535398,0.3891191201021309,0.3891191201021309,0.37777777777777777,0.18644067796610164,0.5455045812153979,-0.016836182644449305,0.9009602938077604,1.569021154535676,0.07879644017516596,0.08333333333333326,0.030503304524656768,0.024096385542168752,0.03237410071942448,-0.0677506775067751,0.0563847429519071,inf,0.011696992202005374,0.03860523038605247,0.007142857142857118,0.04589263420724099
1,1994-03-31,0.02260096855180671,0.054639152634119885,0.008597487344906618,0.008347645850346641,0.03459686382996652,0.14207604230535398,0.3891191201021309,0.3891191201021309,0.37777777777777777,0.18644067796610164,0.5455045812153979,-0.016836182644449305,0.9009602938077604,1.569021154535676,0.07879644017516596,0.08333333333333326,0.030503304524656768,0.024096385542168752,0.03237410071942448,-0.0677506775067751,0.0563847429519071,inf,0.011696992202005374,0.03860523038605247,0.007142857142857118,0.04589263420724099
2,1994-06-30,0.02265466017382045,0.052306043675936616,-0.010194097979571382,0.07153064911812401,0.05008696720587613,0.14207604230535398,0.3891191201021309,0.3891191201021309,0.37777777777777777,0.18644067796610164,0.5455045812153979,-0.016836182644449305,0.9009602938077604,1.569021154535676,0.1876440393882255,-0.03797468354430367,0.030503304524656768,0.024096385542168752,0.05226480836236935,-0.0677506775067751,0.0563847429519071,1.3333333333333337,0.02679390713892449,0.03860523038605247,0.007142857142857118,-0.01790488922841849
3,1994-09-30,0.007056503174301065,0.0047901764307500825,-0.0500582493966032,0.0023979271064051844,0.05201548295755787,-0.011498884275664478,0.00950132198453213,0.00950132198453213,0.016129032258064502,0.18644067796610164,0.4155459192223898,0.6546046839232261,0.4607905238487362,0.7648290300069784,0.2788374605834749,0.03542510121457476,0.030503304524656768,0.024096385542168752,0.04635761589403975,-0.014534883720930147,0.0563847429519071,0.4285714285714286,0.04468275245755149,0.03860523038605247,0.007142857142857118,0.0023822256794203693
4,1994-12-31,0.04851833943496575,0.03557465552811378,0.01609156957838609,0.06242519120620527,0.07156705249042973,0.07694471650949407,0.18687936805837624,0.18687936805837624,0.19047619047619047,0.18644067796610164,-0.29656295090458396,0.5635076890331507,-0.7669275632547753,0.4925266903914591,0.32543021691899154,0.04007820136852392,0.030503304524656768,0.024096385542168752,0.06962025316455689,-0.005899705014749236,0.0563847429519071,0.4000000000000001,0.02207014542343888,0.03860523038605247,0.007142857142857118,-0.025269182267921183
5,1995-03-31,0.06693165427758507,0.08422774604828609,0.0996990308736383,0.06603727048070351,0.044846615777534016,-0.009422948365697348,-0.11459488801302775,-0.11459488801302775,-0.12,0.18644067796610164,-0.17289041297624808,-0.6087193275022973,-0.2530697674418605,1.2171885762729824,0.5443818543718371,0.04135338345864658,0.030503304524656768,0.024096385542168752,0.04437869822485197,-0.02670623145400597,0.0563847429519071,0.2142857142857142,-0.02075661198526968,0.03860523038605247,0.007142857142857118,0.01701746529332726
6,1995-06-30,0.1067134241241603,0.08134333644683034,0.13507888412182445,0.2032367415846061,0.08659158738722739,0.17396470721193436,0.4160546973917447,0.4160546973917447,0.3787878787878787,0.18644067796610164,0.0737377591250159,6.374054101069844,-3.3406812379351143,-2.0703309833910857,-0.3772828357706045,0.1471119133574008,0.05032067094227921,0.024096385542168752,0.0566572237960341,0.09756097560975616,0.0563847429519071,0.23529411764705865,-0.018119658119657992,0.05635491606714616,0.0,-0.10127697049757813
7,1995-09-30,0.01943538276742518,0.00978597154976968,-0.012492886873138877,-0.014595180675062824,0.04309528135752827,-0.04178826143999381,-0.05865522174535054,-0.05865522174535054,-0.06593406593406602,0.18644067796610164,0.528651632159947,-0.5682682724007573,-1.6928090664822155,-1.6317763686701796,0.3827714950489691,0.1778127458693941,0.022076092062000896,0.024096385542168752,0.04021447721179626,0.1138888888888887,0.06227106227106227,0.19047619047619047,0.02315459610027859,0.03745743473325769,-0.014184397163120588,0.02471555337797371
8,1995-12-31,0.1805327341094056,0.024952831797621755,0.36080771705385206,0.07126697829472395,0.054062241173042036,0.04028574326354328,0.06295992641177417,0.06295992641177417,0.0117647058823529,0.18644067796610164,0.1262348811802172,1.1719168351456206,-2.094193994316873,-0.4918009612666101,0.1406769712385052,-0.00868403473613899,0.001838235294117752,-0.03294117647058825,0.012886597938144506,-0.047381546134663284,-0.07733990147783254,0.15999999999999992,-0.10719754977029083,0.021881838074398363,-0.050359712230215736,-0.04319183977049357
9,1996-03-31,0.03855012437899141,0.06422488890628975,0.015966435254917366,0.07163322098593072,0.059004166326705125,0.04569744618933491,-0.07109196429411269,-0.07109196429411269,-0.05813953488372081,0.18644067796610164,-0.11053091439461173,-0.9607970162208399,-5.3118792770661525,-0.8566063977746871,0.017684391080617482,0.022911051212938016,0.001376146788990784,-0.02108678021086785,0.05852417302798973,0.010471204188481577,-0.01174586225306984,0.13793103448275867,0.01982085000952916,0.009635974304068595,-0.03030303030303028,-0.006940588561910044
10,1996-06-30,0.05526966570055203,0.05851442810595775,0.045333605932880605,0.0874373688845218,0.06390303149268206,0.16525144205143372,0.3201863196800161,0.3201863196800161,0.2962962962962963,0.18644067796610164,-0.2530339477286966,15.418899406385368,-1.2298257465389404,7.989815712900096,0.1562168175152956,0.07641633728590258,0.002748511223087613,-0.011599005799502904,0.05288461538461542,0.0181347150259068,0.02971366828741196,0.15151515151515138,0.008222762100541958,0.005302226935312904,-0.015625,-0.026614481409002026
11,1996-09-30,0.009389206418719764,0.012070002189595865,-0.03942189504963867,-0.05243339182348072,0.0510605421137964,-0.06532231280193235,-0.057779482262703685,-0.057779482262703685,-0.05714285714285716,0.18644067796610164,1.073012125542336,-0.5309315119358211,-5.508499185494722,0.3771376166585747,0.18606549610419892,0.033659730722154224,-0.0041114664230242895,-0.011735121542330251,0.05022831050228317,-0.0178117048346057,-0.007345225603357708,0.10526315789473673,0.041149212233549504,0.009493670886076,-0.02380952380952384,0.06806824056522487
12,1996-12-31,0.18477475247768813,-0.026380178836447055,0.3556012396578005,0.2976705625429692,0.05149045900853744,0.04719279699514066,0.09362433044072872,0.09362433044072872,0.08080808080808087,0.18644067796610164,0.01584938835247285,6.599595867011082,-2.0217498880693734,-1.9804136634283918,-0.15380360972672025,0.15985790408525746,0.004587155963302836,-0.011026293469041605,0.04565217391304355,0.10362694300518127,0.11627906976744184,0.09523809523809534,-0.11251557771052156,0.016718913270637348,-0.024390243902439046,-0.24970420565773896
13,1997-03-31,-0.007256517778635008,-0.016437676504268972,-0.040811372963445613,-0.05166547064974469,0.026495967279139387,-0.051592583623943256,-0.08253500368459843,-0.08253500368459843,-0.07476635514018692,0.18644067796610164,-0.5736195112356788,-1.0524792289706175,-1.9116005535055351,-0.12418091737254278,-0.15918779366589442,0.06023481368044914,0.003196347031963587,-0.007718696397941648,0.02494802494802495,0.014084507042253724,0.0033143939393940336,0.10869565217391307,0.034102306920762215,0.031860226104830414,-0.04166666666666674,0.03712995484194681
14,1997-06-30,0.032949816883750094,0.051890169921046114,0.015539135279542647,0.04639514047917204,0.04931470089570689,0.07850557571243401,0.25263883818100696,0.25263883818100696,-0.3737373737373737,0.18644067796610164,0.7038621659958715,-8.40851397231653,-1.3168298462654222,-2.9036040145985402,0.3604021454667945,0.11892152142513245,0.002275830678197588,-0.0034572169403629394,0.04868154158215021,0.09027777777777768,0.06984426616328454,0.0980392156862746,0.01571290009699311,0.04681274900398402,-0.043478260869565084,0.005252609026193733
15,1997-09-30,-0.007985798515937614,-0.007541695810503569,-0.05304470462354839,-0.09718374579330502,0.033003332300062034,-0.00826030049519577,-0.03409458916797281,-0.03409458916797281,-0.03225806451612912,0.18644067796610164,0.3694220525628269,-0.7301601850023971,-4.487223848815543,-0.3853859611282863,0.16282554315391162,0.08519793459552494,0.009082652134423164,0.003469210754553309,0.03288201160541582,0.03609341825902335,0.0374944861049844,0.10714285714285696,0.041443850267379734,0.033301617507136116,-0.027272727272727337,0.099346854589206
16,1997-12-31,0.10341591702918773,0.0641023292241949,0.16424144665760454,0.05995499759242606,0.05269329232269615,0.025479174205633733,0.0740427814658351,0.0740427814658351,0.06666666666666665,0.18644067796610164,0.1044936934087224,1.4474172393070832,-0.05015456245468075,-0.8945644544958278,0.01476369354415996,0.061062648691514676,0.004950495049504955,0.015557476231633503,0.05243445692883908,0.026639344262294973,0.011479591836734748,0.09677419354838723,-0.04602970841738496,0.03499079189686927,-0.028037383177570097,0.003877423389618606
17,1998-03-31,0.02121189540361046,0.02458031186210153,0.004625426244696307,0.022041144160016568,0.0365090609003389,-0.005865507008287474,-0.07188522338486125,-0.07188522338486125,-0.0625,0.18644067796610164,-0.285156844319148,0.2718800042703107,-0.8691861399504999,6.650887573964497,0.1113119834710743,0.09828101644245146,0.00044782803403498045,0.005957446808510625,0.03558718861209975,0.04391217564870265,0.049180327868852514,0.08823529411764698,0.014994232987312728,0.022241992882562345,-0.00961538461538458,0.002491901320707645
18,1998-06-30,0.010860582201845048,-0.04592696216198045,-0.0305229371981568,-0.054666169793671004,0.04785323737544744,0.059262142698944364,0.18378425648131946,0.18378425648131946,0.16666666666666674,0.18644067796610164,-0.28304934082856537,0.5338979494195757,0.9593955402666012,-5.742942768754832,-0.4750658455341234,0.15107179312691388,-0.006714413607878278,0.004230118443316444,0.04810996563573866,0.11089866156787752,0.10657051282051276,0.08108108108108114,0.03655303030303037,0.01653611836379465,-0.009708737864077666,0.0092592592592593
19,1998-09-30,0.07135238467364657,0.07217805586316682,0.11321405875506675,0.15255441763675814,0.03673121364147569,-0.030447157648115675,-0.06880934656976112,-0.06880934656976112,-0.05714285714285705,-0.07142857142857129,0.9353269885619488,1.1164470516131857,-6.298147161175032,-0.9971056439942112,-0.0026193945878142393,-0.15814365947383968,-0.019378098242451517,-0.02611625947767482,0.03606557377049202,-0.1962134251290878,-0.18501086169442427,0.07499999999999996,-0.032340581034167815,0.011986301369862895,-0.03921568627450989,-0.06976171418016143
20,1998-12-31,0.025438686910080444,-0.05828164800313763,-0.009329339473785449,-0.05224554880550469,0.05631445056560325,0.09585524959120306,0.12453164093488732,0.12453164093488732,0.10606060606060597,0.0923076923076922,0.017635673778383376,-0.478286724858313,-1.2417704665818516,50.59507042253521,-0.1355027834803677,0.04073033707865159,-0.006893382352941235,0.00519031141868509,0.05537974683544289,0.004282655246252709,0.02087960906263886,0.09302325581395343,0.03021148036253773,0.00761421319796951,0.0,-0.0063542494042889705
21,1999-03-31,0.056145620204237856,0.12752981373942274,0.08892219671979018,-0.018775639131954014,0.028847211008872005,-0.023449783829448845,-0.10815782761820524,-0.10815782761820524,-0.09589041095890403,-0.08450704225352101,-0.14799921972672705,-0.2294605068836665,-4.0641734788780655,-11.720876271070766,1.6804086217040166,0.10290148448043167,-0.01804720037019892,-0.017211703958691867,0.02848575712143941,0.04477611940298498,0.07354221061792865,0.07446808510638303,-0.02584310850439886,0.0,-0.020408163265306145,0.14908073541167055
22,1999-06-30,0.042902686147698654,-0.017472248181343963,0.039992838602311835,0.11078715499159753,0.045467701396022735,0.10200334637415076,0.21595901330120595,0.21595901330120595,0.21212121212121213,0.2153846153846155,-0.1993349949786397,1.3726821926794912,-0.3113278379500942,-1.8341301012775872,-0.5229349743393275,0.08442948914041004,-0.007068803016022641,-0.013134851138353776,0.0437317784256559,0.055102040816326525,0.060397243615727625,0.06930693069306937,0.0024459078080905088,-0.0008396305625525402,-0.01041666666666663,-0.11547826086956525
23,1999-09-30,0.0225746276131702,0.025701144968491185,0.0003341364890385723,0.01603341376944023,0.04207683710167909,-0.018692008841439067,-0.06312112811377213,-0.06312112811377213,-0.0625,-0.06329113924050632,0.4573051452190471,-0.6107230277549627,-1.5695960287175683,-1.2438337556091457,0.26727844606916396,0.06544428772919607,-0.009966777408637828,-0.0035492457852706045,0.04189944134078205,0.021276595744681,0.031345565749235416,0.08333333333333326,0.019144144144144004,-0.003361344537815114,0.0,0.009568750819242357
24,1999-12-31,0.3147919589854682,0.5701163100289517,0.347795467549102,0.511431276006624,0.2870111491077907,1.9121206968705824,0.5473657223432893,0.5473657223432893,-0.1466666666666666,-0.17567567567567566,1.0795363833800846,0.8131079961283225,1.8249236408063527,1.0474789521454726,0.5377146138765487,-0.06221869208366426,0.03499520613614582,0.02760463045414085,0.07372654155495972,-0.10037878787878796,-0.09154929577464788,0.0769230769230771,-0.021178637200736542,-0.2403035413153457,0.34736842105263177,0.038821085432355185
25,2000-03-31,0.008979323880255574,0.02070834979411429,-0.01490540506158544,-0.04163568191629741,0.030033913946915906,-0.4818426455981747,-0.2436107199072156,-0.2436107199072156,0.140625,0.18032786885245894,-0.5370108661852977,-0.4871627460393663,-0.5861661332641352,-0.7714884055091029,0.06417174279790339,-0.1524562394127612,-0.029643353404353975,-0.024263431542461026,0.02621722846441954,-0.21052631578947367,-0.12199102407180752,0.0714285714285714,0.020884289746001983,-0.03107658157602655,0.0078125,0.06505436820397438
26,2000-06-30,0.018409987557995718,-0.009898500557366852,0.0002025557416900359,0.005995303542851049,0.033759747131530286,0.07172094338367385,0.2470827685974928,0.2470827685974928,0.2465753424657535,0.25,0.15778893541334724,1.1857784767467985,-1.5407406117188045,-3.391397417887484,-0.14420617824785598,-0.004330446369087193,-0.007159904534606244,0.000888099467140302,0.032846715328467065,-0.02933333333333332,-0.028810408921933095,0.06666666666666665,0.01511242167342419,-0.010309278350515427,0.007751937984496138,-0.01584228128850551
27,2000-09-30,0.02638328121504064,0.039206201400394214,0.019941603074971948,-0.0690351139200579,0.03163764634571353,-0.04077835190339585,-0.033618519277496366,-0.033618519277496366,-0.04395604395604402,-0.033333333333333326,0.2198894231923252,-0.10810745990468262,-0.5526493799323562,-2.5507566645220843,0.2613114120469662,-0.07226497156239542,-0.003846153846153833,0.0017746228926354137,0.03062426383981154,-0.10164835164835162,-0.10669856459330128,0.06944444444444442,0.005083514887436413,0.0011574074074072185,0.007692307692307666,0.11631789184999695
28,2000-12-31,0.005014788807787607,-0.03149517647469535,-0.014849913826569194,-0.009918733818530034,0.02103437969601796,0.02284756720550796,-0.23701081091315304,-0.23701081091315304,-0.2298850574712643,-0.26436781609195403,0.15315191226723868,0.25100071452169304,-11.609302995391705,-3.09776687470688,-0.4346035554260046,0.0028849621348718824,-0.11003861003860993,-0.09743135518157653,0.018285714285714242,-0.02752293577981646,-0.039100160685591856,0.06493506493506485,0.015895953757225408,0.10982658959537583,-0.19083969465648853,-0.021790215765862042
29,2001-03-31,0.002318019679582007,-0.003864152684495693,-0.03823204882653508,-0.003799494941158943,0.03386973529097559,-0.05219609550507365,-0.09298539906895488,-0.09298539906895488,-0.1044776119402986,-0.0625,-0.3249446855465751,-0.6976137176688071,-0.027161298204178008,-0.9844964573158148,-0.01191711556892161,0.0996044588277598,-0.06616052060737533,-0.05004906771344464,0.03142536475869795,0.07861635220125797,0.08918617614269775,0.060975609756097615,0.031472261735419504,-0.03750000000000009,-0.009433962264150941,-0.0001091941471936808
30,2001-06-30,0.02550968410976551,-0.006170622553485218,0.0334925033400959,0.02159657238289636,0.019731489561897183,0.047261929695590066,0.2736843257203514,0.2736843257203514,0.28333333333333344,0.26666666666666683,0.19541890827284325,2.0700395032140797,-1.3865215571368774,-16.218524681087075,0.18354828352018848,0.03400915631131474,-0.06852497096399535,-0.05785123966942141,0.017410228509249226,0.0029154518950436077,0.07523029682702154,0.057471264367816126,-0.0056886743664884545,-0.037878787878787734,-0.01904761904761909,-0.027137708856612368
31,2001-09-30,0.02859795288669154,0.01622734116284863,0.020480851868609703,0.057595676094126524,0.03455263135711095,-0.045602727845320164,-0.14486459085129055,-0.14486459085129055,-0.1558441558441558,-0.14473684210526316,0.42811529745941,0.045402823535638286,-1.8276478232618585,0.9090345858085208,0.2960589156224742,-0.08285895003162558,-0.09850374064837897,-0.08771929824561409,0.034224598930481236,-0.09883720930232552,-0.03807710613993343,0.0597826086956521,0.005894590846047265,-0.06636670416197976,-0.029126213592232997,-0.03911994162878152
32,2001-12-31,-0.03262056554723046,-0.05552674283376846,-0.11286473760193605,-0.22398446085823087,0.025445598439068684,-0.1692429387492721,-0.040114541207204035,-0.040114541207204035,-0.030769230769230767,-0.061538461538461535,0.04797745489003824,-1.1735750311667437,8.224228546505291,0.010098888931312278,0.2307370275562224,0.053103448275862115,-0.04011065006915626,-0.01923076923076916,0.020682523267838704,0.019354838709677358,0.14052449282533394,0.056410256410256425,0.059979317476732026,0.04457831325301198,-0.06000000000000005,0.21705607476635524
33,2002-03-31,-0.014212791665211609,-0.0019002644121035586,-0.011847067294864507,0.02494140926043276,-0.015693777813240658,0.10775555610268127,-1.1226932537813368,-1.1226932537813368,-1.126984126984127,-1.1311475409836065,-0.3338560872575199,-4.542027453196494,-0.8169805923253509,-1.0226417947118749,-0.004244855150518756,0.1568434839554682,-0.26729106628242083,-0.25612745098039225,-0.01621073961499475,0.13291139240506333,0.1700650759219089,0.05339805825242716,-0.0014634146341463428,-0.2399077277970011,-0.021276595744680767,-0.02620464580533699
34,2002-06-30,0.050483199703885706,0.09280784788452424,0.04669464061592632,-0.04197302996163943,0.05286417479098327,0.1043116062656544,-12.411124856033785,-12.411124856033785,-11.875,-11.875,-0.005662898470805367,-0.15989295180257845,-1.7478072158423004,-171.54507512520868,0.7270252574494886,0.010189640532125566,0.033431661750245915,0.049423393739703725,0.05252317198764156,0.027932960893854768,0.3641082684464221,0.05069124423963123,0.002279758996906134,0.06676783004552345,-0.010869565217391351,0.14070970921636272
35,2002-09-30,0.025191607739303068,0.07451201348076619,0.004668781394621124,0.018894997826542026,0.03801389813814526,-0.0137955537300406,-0.08214615473756215,-0.08214615473756215,-0.08045977011494243,-0.08045977011494243,0.3507600642748461,-0.6695173275666668,-3.133822767317326,0.15059736776416566,0.4843665973680253,-0.11768002241524235,0.04662226450999052,0.06593406593406592,0.037181996086105513,-0.16304347826086962,-0.16499048654525686,0.04824561403508777,0.012510154346059954,0.0725462304409672,-0.01098901098901095,0.05456902138690856
36,2002-12-31,0.018728878574579392,0.04625291381893293,0.011316788648092936,0.03178857565349191,0.023211054070025217,0.010988997258685629,-0.09183174768669357,-0.09183174768669357,-0.07500000000000008,-0.11250000000000004,-0.09302607130261764,-2.4501640499008284,-0.3070907574862176,0.4346738584834229,0.468151261554008,-0.009209272785011048,0.021818181818181737,0.026509572901325384,0.019811320754717032,-0.045454545454545525,-0.07682291666666663,0.05020920502092041,0.0043324775353017495,-0.0013262599469494596,0.03333333333333344,0.01405276958374313
37,2003-03-31,0.0210209805969086,0.04449742176013305,-0.011752050185831477,-0.05254147305766732,0.040608830917883136,-0.04681219548467652,-0.12382280660842734,-0.12382280660842734,-0.1351351351351351,-0.11267605633802813,-0.3698013998351769,-2.055488802536047,0.1699204374189478,-0.7987849353329419,0.06416170379327713,-0.017948717948717885,0.2588967971530247,0.2711621233859398,0.040703052728954685,-0.03741496598639449,-0.0606488011283497,0.043824701195219314,0.019172391755871487,0.2921646746347941,-0.021505376344086002,0.10237970183022904
38,2003-06-30,0.03838883449812736,0.06692392715022888,0.010221710593490084,0.031244843654554925,0.0543767222299143,0.10813427320543356,0.4131857895248674,0.4131857895248674,0.40625,0.4285714285714286,0.27237146251392885,0.4934300558293874,-0.28819517261351946,0.5990746061918866,0.09641330904890943,0.022519582245430717,-0.02897526501766778,-0.0169300225733634,0.05333333333333323,-0.017667844522968323,-0.21846846846846849,0.04580152671755733,0.015362909546950963,-0.005138746145940343,-0.01098901098901095,0.034634414513468936
39,2003-09-30,-0.041479153921896834,0.01968910886233144,-0.1440486899589184,-0.005639316254945404,0.014302047655489812,-0.012521499693836535,-0.026084374003998545,-0.026084374003998545,-0.022222222222222254,-0.033333333333333326,0.4295867924118613,0.31003024724896,0.10731221414742276,0.2788016734550951,0.11245166392775753,0.10181934248324298,-0.008005822416302655,0.016073478760045834,0.013502109704641274,0.046762589928057714,0.09077809798270886,0.04379562043795615,0.058205959549173965,0.011363636363636465,0.0,0.025469358838115408
40,2003-12-31,0.036839203013740995,0.08520483368798204,-0.02265249140008041,-0.02211773576280773,0.06414202712368966,0.03715532103551311,0.05353251370387735,0.05353251370387735,0.045454545454545414,0.057471264367816126,0.2156205066931287,-0.2793393954775332,0.14604634662409574,1.24569620891672,0.22700516665804704,0.09038238702201618,0.019075568598679427,0.049717514124293816,0.05911740216486261,0.07560137457044669,0.06605019815059454,0.041958041958042085,0.026407936971111656,0.04187946884576088,0.011111111111111072,0.10974472347922216
41,2004-03-31,0.051172748463123696,0.06526820318272164,0.06416413204440441,0.14095545512367158,0.0456968415930028,0.032137223824600485,0.024352534619145327,0.024352534619145327,0.021739130434782483,0.010869565217391351,-0.33424821275736194,0.9008177148648882,-0.15869944944391626,-0.8569672893897485,0.026462125174311568,0.05951115834218922,0.04535637149028071,0.06996770721205614,0.044811320754716936,0.0031948881789138905,-0.007847996695580341,0.04026845637583887,-0.005259417199715788,0.050980392156862786,0.0219780219780219,-0.06633256552325227
42,2004-06-30,0.00716421751480567,-0.01896988122407828,0.030650640232525506,0.053593419246373175,-0.002910209183353718,0.10770642452318868,0.2417469572289073,0.2417469572289073,0.24468085106382986,0.24731182795698906,0.17866124491710988,0.15447114059386258,2.837225193497944,-5.3039820527201345,-0.110956370462992,0.09829488465396173,0.044765840220385655,0.06136820925553321,0.02182091798344632,0.050955414012738835,0.007493755203996644,0.03870967741935494,-0.010002857959417022,0.031716417910447665,0.021505376344086002,-0.06887814635772628
43,2004-09-30,-0.038178935427460765,-0.11646188815007966,0.05889970375709841,0.1214192528278062,-0.0812221160799318,-0.011692149043174279,-0.08408214236159295,-0.08408214236159295,-0.05982905982905973,-0.06034482758620674,0.2009643912976556,-0.5940794031650103,2.2863850086812394,2.163539223351577,-0.3948229517410786,0.043835616438356206,0.04614370468029017,0.03696682464454981,-0.06038291605301915,0.02121212121212124,-0.02603305785123966,0.04347826086956519,-0.044745958429561083,0.010849909584086824,0.03157894736842115,-0.21214508217265204
44,2004-12-31,-0.004039226974831389,-0.021368156117459455,-0.0338140840218063,-0.07780351376814587,0.011175867560474506,0.02846788587636428,0.08497474632708267,0.08497474632708267,0.09999999999999988,0.07339449541284382,-0.15374603630578176,1.2259678896870931,-0.4789476207049624,-0.566844338262553,-0.28259465130503303,0.006780402449693801,0.06742281033396336,0.05575868372943327,0.02272727272727271,0.07121661721068251,-0.047518031395842215,0.04166666666666674,0.015261408280447197,0.02057245080500892,0.030612244897959107,0.061216142519541876
45,2005-03-31,0.057609654883476136,0.12355843022462175,0.15382603661765204,0.2811210980615039,0.010630197401283016,0.007423556602571102,-0.12787317402826606,-0.12787317402826606,-0.11570247933884292,-0.0940170940170939,-0.2089391280733638,0.25140354525133857,-1.7433573985560866,-2.4665700494117377,0.5776996958300245,-0.02129046274169033,0.03364817001180653,0.011255411255411296,0.016858237547892733,-0.04432132963988912,-0.07750556792873042,0.040000000000000036,-0.044351838071141625,-0.0140227870289219,0.029702970297029733,-0.1229925913237122
46,2005-06-30,-0.03138453004206676,-0.0595369835358287,-0.0221789798153319,-0.038348294071060884,-0.03651617725598877,0.07200131672636068,0.19684540162532893,0.19684540162532893,0.2149532710280373,0.21698113207547176,0.6448996702437029,-0.7254282935069699,-2.4764824415323066,-1.5038555210594708,-0.1844946677924024,-0.05371809100998881,0.035979440319817264,0.014554794520547976,-0.02110022607385076,-0.06956521739130439,-0.08112023177209071,0.038461538461538325,-0.005295125369879972,-0.014222222222222247,0.02884615384615397,-0.022022559695297428
47,2005-09-30,-0.03387256897880875,-0.11260738724394125,-0.05898097866829255,-0.1140076531037344,-0.0196675705962448,-0.011543722562266993,0.0920857612191064,0.0920857612191064,0.10769230769230753,0.10852713178294572,0.12235613777381782,1.2968052648831287,0.5750059219037553,1.6115967095983774,-0.5908307994023378,-0.02627257799671601,0.06615214994487317,0.06075949367088618,-0.0007698229407235857,-0.003115264797507677,-0.053599579611140265,0.042328042328042326,0.014717394708000597,0.0324616771866546,0.02803738317757021,0.001597763131615526
48,2005-12-31,0.018730050990604763,0.014503463633391613,-0.013993896432571762,-0.00973569108310679,0.03650108513435968,0.011252762770137537,-0.018674577782568424,-0.018674577782568424,0.0,-0.020979020979021046,-0.13111638360298727,0.28458979679214824,-0.7398895623331895,-1.03759259186256,0.05428282742034174,0.02649963864129124,0.032057911065149984,0.02704852824184556,0.034668721109399,0.024999999999999908,-0.0438645197112717,0.0431472081218276,0.017435580928868873,0.010480349344978102,0.0181818181818183,0.02447657028913275
49,2006-03-31,0.044111021110827986,0.058491756868668025,-0.0034364878160886288,-0.027405983113172102,0.0686742030994203,0.0008435893131593097,-0.08499946327690666,-0.08499946327690666,-0.0972222222222222,-0.07857142857142851,-0.2005354306080286,-0.014904454244009213,-0.6682752608591227,3.407141359060403,0.2269145314604893,0.06688570758038015,0.0240480961923848,0.03718048024786992,0.058823529411764726,0.030487804878048808,0.019163763066202263,0.038929440389294134,0.02350621777373374,0.019014693171996555,0.017857142857142568,0.08826821079266223
50,2006-06-30,0.04966009016175188,0.10665150157395288,0.016657186611244826,0.013479116850360741,0.06555904821372692,0.0856630015565496,0.2709846397293536,0.2709846397293536,-0.3692307692307693,-0.37209302325581395,-0.07101729423362535,-0.355627754450498,1.7077350066369013,-0.9438925439901016,0.010376922569146574,0.09810822701275844,0.020058708414872672,0.03958177744585512,0.06399437412095632,0.038461538461538325,0.0512820512820511,0.039812646370023685,0.015113350125944612,0.03647158608990675,0.0,0.09197406662195397
51,2006-09-30,0.05632045507703842,0.05720063169373391,0.1491649892698077,0.2391016201788119,0.013645814824602144,-0.0115816028629937,-0.04242101602648042,-0.04242101602648042,-0.03658536585365847,-0.03703703703703709,0.5880693782555689,2.4973780048602845,-1.4969076657208926,32.65691263782867,0.3456682041699877,-0.09635416666666674,-0.021582733812949617,-0.01939655172413779,0.015862524785194898,-0.15099715099715094,-0.14796747967479673,0.04729729729729737,-0.0404320537147862,0.002454991816693841,-0.02631578947368407,-0.14679387437556313
52,2006-12-31,0.04754322280969836,0.022517597580871573,0.07129983801399375,0.07894569922988692,0.035163975338381004,0.02897529517972508,-0.01529280955497969,-0.01529280955497969,-0.02531645569620256,-0.03846153846153855,0.2970605374359261,-0.27668760189321684,-4.9764725812398485,-1.1745460731071151,-0.04483648157019127,0.04677455109731765,-0.02058823529411757,-0.024908424908425042,0.050097592713077566,0.030201342281879207,0.023536895674300284,0.04516129032258065,-0.011712808031639654,-0.002448979591836653,-0.018018018018018056,-0.05231079330037913
53,2007-03-31,0.035529711992538626,0.057248331622299815,0.07277730241288638,0.04553240101585998,0.015442958298456766,0.03255351076725388,-0.08385503221253443,-0.08385503221253443,-0.06493506493506496,-0.053333333333333344,-0.4312599286282116,-0.33226092301797017,-0.5213523354625942,-0.43576971665764297,-0.02648562284079992,0.051037695891571484,-0.010510510510510551,-0.02479338842975209,0.019206939281288585,0.0,0.033561218147917904,0.04320987654320985,-0.01939356626135147,-0.011456628477905071,-0.01834862385321101,0.011191573403555031
54,2007-06-30,0.01828302387841818,0.02721791390004791,0.005961844349512635,0.023041869178135332,0.025302713349092176,0.10658250335657417,0.25636686669897,0.25636686669897,0.26388888888888906,0.267605633802817,0.25736544478843193,-0.3142203571528201,1.4775315312485269,4.953620777891505,-0.16197537310185794,0.08019343139230295,0.0005058168942844166,-0.015408320493066284,0.03404255319148941,0.061889250814332275,0.057125676488274164,0.041420118343195256,0.00674933291477009,-0.01655629139072845,0.009345794392523477,0.004106570512820484
55,2007-09-30,0.01679279057691785,0.00851230828028937,0.0472102979757405,-0.1468488223329807,-0.00020993867362217863,-0.01583916489910664,-0.02871405798190685,-0.02871405798190685,-0.02197802197802201,-0.011111111111111072,0.3852301754201166,0.3981648283957648,-0.18577336536978212,-2.295797651154545,0.2504548211036992,0.03133743704532743,0.006066734074823055,-0.0039123630672927,0.014697236919459122,-0.003067484662576669,0.0017064846416383614,0.05303030303030298,-0.016682257561583924,-0.011784511784511786,0.0,0.18209476309226927
56,2007-12-31,0.0432514416900851,0.08123594674115209,0.12352127599372675,0.2303679609778156,-0.0037458111316429617,0.015700560090458726,-0.04144878311015543,-0.04144878311015543,-0.0224719101123596,-0.033707865168539415,0.07734224466046835,0.08245670181505327,-0.11649593434743225,0.8692162260771501,0.374387149063949,0.007415445831072675,0.008040201005025116,-0.0109976433621366,0.02838933951332545,-0.0061538461538461755,-0.0266893810335036,0.05035971223021597,-0.04502933248771224,-0.015332197614991603,0.0092592592592593,-0.12121851398675144
57,2008-03-31,0.02956879302418125,0.04266570218411503,0.09108925900031052,0.3252778026440022,-0.011052230566256704,-0.0044886122867343605,-0.35500379195849874,-0.35500379195849874,-0.33333333333333337,-0.33720930232558144,-0.3774582524051581,0.2295632741765794,-0.7370973664497745,-0.5567518410078964,0.12074211744916165,-0.11131059245960506,-0.05533399800598205,-0.07783955520254182,-0.0033802816901408184,-0.13622291021671828,-0.14060676779463244,0.04794520547945202,-0.03951519176490115,-0.07439446366781999,-0.009174311926605559,-0.21327059727290187
58,2008-06-30,0.037848868150483835,0.018903460830520302,0.05251989358422349,0.0642355730016313,0.027161306284231745,0.1041350297409247,0.7393065697036767,0.7393065697036767,0.7413793103448276,0.7719298245614037,-0.08871810238012323,0.6193395268951518,1.42133726647001,-3.8750562967262834,-0.3097415361192788,0.02848484848484833,0.010026385224274348,-0.018949181739879358,0.0339174674957603,0.032258064516129004,0.07331975560081473,0.045751633986928164,-0.010198789974070864,-0.012149532710280296,0.0,-0.042597339191993266
59,2008-09-30,0.02589735776860147,0.06545055892591445,0.11745860408337805,0.20095497015838013,-0.04244996846562943,-0.09248825941828333,-0.14121077846579178,-0.14121077846579178,-0.12871287128712872,-0.13861386138613865,0.5302219042710129,0.2037091676260672,-1.905892939547762,-1.7917512279516965,0.35528465698388256,-0.08701630328029852,-0.013584117032392816,-0.052677787532923626,-0.027337342810278886,-0.11805555555555547,-0.11701454775458565,0.04843749999999991,-0.06671323786238215,-0.02365184484389781,-0.02777777777777779,-0.11282508924018365
60,2008-12-31,-0.10614285619437036,-0.15120320953311228,-0.0472082952459788,-0.027652656295931718,-0.15748214584121234,-0.2738940588853205,-0.4845320362146596,-0.4845320362146596,-0.5,-0.5057471264367817,-0.14324604106806593,-0.530421171860356,-2.7930435491347736,-1.5481261321468145,-0.14368996493848674,-0.22117039586919096,-0.09375,-0.13067655236329934,-0.13715570545250133,-0.20078740157480324,-0.21633237822349585,0.046199701937406745,-0.05744760479041911,-0.07267441860465118,-0.06666666666666676,-0.12702974565311098
61,2009-03-31,-0.02991346329997668,-0.040177300810065535,-0.02340028780302239,-0.33648420567723103,-0.03781678677101441,-0.03235469804373658,-1.1684276266821805,-1.1684276266821805,-1.181818181818182,-1.1860465116279069,-0.2422500029656141,-0.5448047627983146,-1.1334424282714988,-4.033248307504733,0.5089831078807456,-0.12872928176795584,-0.1823495032144945,-0.21108742004264391,-0.03778501628664499,0.00985221674876846,0.000914076782449813,0.04415954415954415,-0.008139765733571669,-0.16091954022988508,-0.061224489795918324,0.4465843621399177
62,2009-06-30,-0.0011066534932528962,-0.09738873834602102,-0.07722626440316592,-0.2432231590173183,0.07492296573740043,0.1642395277304627,-5.484304363285418,-5.484304363285418,-5.375,-5.375,0.3953764542230054,-0.2611227701993704,-24.634234617841177,-2.334648511565547,-0.4501796897508605,0.08845909955611919,-0.2644746247319514,-0.2783783783783783,0.07312119160460395,0.13170731707317085,0.4054794520547946,0.04229195088676674,0.07626100880704567,-0.2378580323785803,-0.05434782608695653,0.19264906690942185
63,2009-09-30,0.009669254002682814,0.029831874316298856,-0.02504482947162956,0.007531680521789097,0.03988948444409912,0.05524703602162862,0.7127856596720754,0.7127856596720754,0.7142857142857144,0.7142857142857144,-0.08773481938080285,-0.5060102859577403,-0.8020268444284299,-1.646830963589963,0.5296096871689462,0.15613166326827854,-0.16132167152575316,-0.15355805243445708,0.03785488958990535,0.07758620689655182,0.6426250812215724,0.040575916230366486,0.029942347033661942,-0.1470588235294117,0.0,0.02213529243392797
64,2009-12-31,0.08047236078809927,0.07369863640947716,0.09511928391359414,0.14959959556171953,0.06865977707902404,0.11428646441106105,0.6778101832562877,0.6778101832562877,0.7000000000000002,0.6833333333333333,-0.11048215377479807,3.587929689104275,-1.1480320334895573,0.15151645106646286,0.3986992711506317,0.15822625346434882,0.3568945538818076,0.3849557522123894,0.06565349544072951,0.1160000000000001,0.3987341772151898,0.03899371069182389,-0.011014806789454656,0.3065134099616857,0.057471264367816126,-0.06599458601698871
65,2010-03-31,-0.013395486527035485,0.02075143688668524,-0.019344839035983497,0.0017417597027546972,-0.008511266821953689,-0.09603889170180024,-0.4199231375640521,-0.4199231375640521,-0.4215686274509805,-0.4257425742574258,-0.4481523177499951,-0.6796435460986558,-2.1967848031229837,-0.7371912874152736,0.07491363177258847,0.0017402653904721175,0.2980358667805294,0.32907348242811496,-0.008556759840273931,-0.05734767025089616,-0.30740950226244346,0.037530266343825724,0.004929706043454552,0.28885630498533743,0.032608695652173836,0.0189386368179092
66,2010-06-30,-0.01226472685506208,-0.004468133923513973,-0.025758097924008738,-0.022536618440549216,-0.001279479615693524,0.13028627804709925,0.42965572773510097,0.42965572773510097,0.423728813559322,0.4310344827586208,0.21129109611103547,2.233712888578414,2.8708616925645307,-2.541885134724781,-0.10745813598802456,0.018023887079261725,0.16315789473684214,0.17307692307692313,-0.00345224395857302,0.02661596958174917,-0.2462229481420988,0.03617269544924162,0.011082848837209223,0.1376564277588168,0.03157894736842115,0.018488548869599386
67,2010-09-30,0.04031180786014055,0.0985646331291068,0.06813552264054024,0.16019138790445742,0.01815694083418795,-0.014176257993863016,-0.003602730089925621,-0.003602730089925621,0.0,0.0,0.4298757246441045,-0.980419350796922,0.20922686979139016,-3.51996665113012,0.3033929611606363,-0.061433447098976135,0.05712669683257921,0.052254098360655636,0.034064665127020666,-0.05925925925925935,-0.21072589382448534,0.03490990990990972,-0.02120395327942504,0.04599999999999982,0.0,-0.05311055469953774
68,2010-12-31,-0.0032784534379998176,-0.05784502844586448,-0.07337620238711595,-0.03965708690883707,0.05516016679372515,0.03752750427650753,-0.06316125893206381,-0.06316125893206381,-0.0714285714285714,-0.04819277108433728,-0.05149091810799078,65.03795233892322,2.70951740788499,-2.1959001104557867,-0.27837167038283284,0.13022727272727266,-0.08453718566078118,-0.07205452775073029,0.04969290898939138,0.09448818897637776,0.05010295126973241,0.03699673558215455,0.058564347347163766,-0.08030592734225628,0.010204081632652963,-0.018916857360793186
69,2011-03-31,0.08559443893650287,0.1052244981528554,0.057195436850080876,0.05041518079953655,0.1063573794411179,0.05236169697853499,0.5864295279459462,0.5864295279459462,0.6025641025641024,0.5696202531645569,-0.6849777347868902,1.0469587415297843,-1.4952317980714187,-0.7780326447568199,-0.0887097722929856,0.09370601246732367,0.16189362945645813,0.1825813221406085,0.10265957446808516,0.039568345323741205,0.1732026143790848,0.035676810073452137,0.01925078043704476,0.15904365904365925,0.02020202020202011,0.05214326439641327
70,2011-06-30,0.050164881017771716,0.14563286799527564,0.11598156626691836,0.25006462421327713,0.00401403547491741,0.0518133120793951,-0.2001315916166512,-0.2001315916166512,-0.2,-0.2016129032258065,1.1616332063153965,-0.5351880931471609,-0.9173558902857551,-2.4347036713544066,0.13480501996366878,0.019305019305019263,-0.003018108651911544,-0.0017746228926351915,0.02170767004341534,-0.0761245674740485,-0.1632311977715878,0.034447821681864436,-0.044070103794452975,0.008968609865470878,-0.00990099009900991,-0.08350165032760237
71,2011-09-30,-0.008793504325636525,-0.029463765034082656,0.05023413310043212,-0.10493371129363603,-0.054863017074431635,-0.007453660024867249,0.018431876090925448,0.018431876090925448,0.040000000000000036,0.05050505050505062,1.518399078606392,0.7970845010078875,-0.27294083631500954,-0.3965264857174127,0.07168743326762339,-0.0972222222222222,0.020686175580222118,0.016000000000000014,-0.03871576959395662,-0.11610486891385775,-0.13448735019973368,0.033300685602350555,-0.046457814168743394,0.01244444444444448,0.0,0.08428294990324647
72,2011-12-31,-0.0206799281064669,-0.06613652696962091,-0.06600741418187872,-0.18129523985546347,0.01833250215553916,-0.08229247534557238,-0.12887669246695832,-0.12887669246695832,-0.11538461538461542,-0.11538461538461542,-0.09592899173755297,-0.6677368987761052,-35.99681861112492,-2.598336034820852,-0.1069160692554696,-0.1104895104895104,0.007909045971329576,0.0,0.017190569744597317,-0.07203389830508466,-0.1561538461538461,0.034123222748815074,0.039947731939518505,0.022827041264267045,-0.02000000000000001,0.14069006543723986
73,2012-03-31,0.05340925027222165,0.07878912818829709,0.10812697733805487,0.2688432630872768,0.010003103478601227,0.0816985736423339,0.09905765982130132,0.09905765982130132,0.09782608695652173,0.08695652173913038,-0.5461334929594486,1.5701649140141622,-1.269874479958979,-1.8935536486773987,0.10707842513000099,0.18665768194070065,-0.06032368808239341,-0.08311461067366578,0.023660067600193013,0.1643835616438356,0.1494986326344574,0.03299725022914757,-0.04128522706874893,-0.07467811158798288,-0.010204081632653073,-0.14980443285528044
74,2012-06-30,-0.001214104729729715,0.02192448233861155,0.0012487228970370357,0.04209690230341545,-0.003360347894840854,0.023751924345722486,0.8127572016460904,0.8127572016460904,0.8415841584158417,0.8500000000000001,0.5758513931888545,-2.025171624713959,-3.6052631578947367,2.0793650793650795,0.2975460122699387,0.02801438576566362,0.20772442588726525,0.1917938931297709,0.014622641509434153,0.003921568627450967,0.09040444091990496,0.03194321206743589,-0.002059539412095357,0.1948051948051948,0.0,-0.01937330675254301
75,2012-09-30,0.005390835579514919,0.013110846245530494,-0.0066893424036280616,-0.25609756097560976,0.016759222530741802,-0.03308270676691727,-0.4052213393870602,-0.4052213393870602,-0.3924731182795701,-0.39459459459459456,0.2475442043222005,-0.8214285714285714,-0.204040404040404,-0.0670103092783505,0.21394799054373514,0.0233842754557172,-0.0034572169403629394,-0.0016012810248198224,0.02835890283589016,0.0078125,-0.15927272727272726,0.030954428202923486,0.011257035647279869,0.01164596273291929,-0.010309278350515427,0.36191618015012494
76,2012-12-31,0.015034432003364406,0.040522875816993535,-0.002511128866567791,-0.09460382513661204,0.030039988296108436,-0.06220839813374801,0.8683206106870229,0.8683206106870229,0.8849557522123894,0.857142857142857,-0.047244094488189003,10.95,1.2131979695431472,1.0027624309392271,0.3529698149951315,0.09337891327815773,0.2137901127493496,0.20850040096230948,0.05741410488245924,0.06589147286821695,0.07525951557093412,0.06338615512927448,0.014656771799628874,0.2287029930928625,-0.02083333333333337,0.1492325946339037
77,2013-03-31,-0.00533430006732616,0.018844221105527748,0.021512758896898854,0.05695963787250102,-0.027175456869614645,-0.05022506515043823,-0.6384065372829417,-0.6384065372829417,-0.6338028169014085,-0.625,-0.3950413223140496,-1.1401673640167365,-0.6502293577981652,-1.1613793103448276,-0.04210147535084563,0.031100872140858767,-0.049660593068953096,-0.049767750497677565,-0.024796921761436552,-0.0254545454545454,-0.16653258246178604,0.0,-0.021941854086670376,-0.016239850093691444,-0.03191489361702116,-0.03603543595550529
78,2013-06-30,-0.0003644694366343737,0.012700369913686728,0.0045928083342667856,0.32441113490364026,-0.004769320615145012,0.05238214018458477,0.3135593220338984,0.3135593220338984,0.3333333333333333,0.3205128205128205,0.7568306010928962,-0.6865671641791045,0.17704918032786887,-1.9059829059829057,0.03981968444778361,0.05138844557931699,-0.15488721804511285,-0.1550279329608939,0.0008768084173607082,0.07835820895522394,0.09073359073359087,0.029803921568627437,-0.004299869134417822,-0.13015873015873014,-0.03296703296703296,-0.2353510226644555
79,2013-09-30,0.02875149747382677,0.1666869596980396,0.03512488849241757,0.061977903530045834,0.0231784841075795,-0.15430196729082726,-0.027956989247311825,-0.027956989247311825,-0.02884615384615385,-0.01941747572815533,0.2612752721617417,4.261904761904762,0.2200557103064067,1.358490566037736,0.0903179190751444,0.11353976927747422,-0.03558718861209964,-0.03966942148760333,0.032413491020587104,0.11072664359861584,0.295575221238938,0.028941355674028783,-0.00544498685692829,0.02554744525547448,-0.05681818181818187,0.09859027652268204
80,2013-12-31,0.010885524783555313,0.0244207889793362,0.10492297748572654,0.5310834813499112,-0.07254826992926777,-0.3444506726457399,-0.09734513274336287,-0.09734513274336287,-0.07920792079207918,-0.08910891089108908,-0.12700369913686804,-0.7330316742081449,-0.91324200913242,1.4,0.19880715705765412,0.07633587786259532,-0.23800738007380065,-0.2598967297762479,-0.030971574034790006,0.04361370716510904,0.10040983606557363,0.031088082901554293,-0.08249952803473659,-0.1544483985765125,-0.1325301204819277,-0.3309204573496751
81,2014-03-31,0.010217369528197963,0.021597392013039896,0.12996002729843026,-0.11170036460059662,-0.11635576625785835,0.5258657545959813,0.15931372549019618,0.15931372549019618,0.20430107526881724,0.2065217391304348,-0.5564971751412429,0.11864406779661008,7.657894736842103,-1.1183333333333334,-0.01962410171365392,0.01557750759878429,0.11743341404358333,0.05697674418604647,-0.0901926444833625,0.047761194029850566,0.33085040347610195,0.03015075376884413,-0.12530864197530867,0.1052188552188551,-0.04166666666666674,0.15004917629702486
82,2014-06-30,-0.011601388200297436,-0.023633825289190225,-0.008110440034512556,-0.2680970149253732,-0.016211803125728896,0.04202857943401517,2.1543340380549685,2.1543340380549685,2.2946428571428568,2.297297297297297,0.8248407643312101,-48.57575757575758,5.0638297872340425,-25.647887323943657,0.493374682830561,0.061853098890136016,0.6468039003250272,0.557755775577558,0.023580365736284747,0.16809116809116809,-0.02425373134328357,0.02926829268292685,-0.004704775346977219,0.6306169078446306,-0.043478260869565084,0.33401036934095885
83,2014-09-30,-0.045545746388443,-0.06526401797569192,-0.02339944328462074,-0.012490440989038952,-0.07575577949021928,-0.00726001613336924,-0.6441018766756033,-0.6441018766756033,-0.6341463414634145,-0.6338797814207651,-0.5270506108202444,-1.040127388535032,-0.8721804511278195,-1.272571428571429,-0.0900509722484425,0.005871990604815025,0.1072368421052632,0.03742937853107353,-0.06252938410907373,-0.017073170731707218,-0.3891013384321225,0.028436018957346043,-0.031670999763649184,0.018215787015413376,0.015151515151515138,-0.05344979565670327
84,2014-12-31,-0.0709480765188144,-0.1175699300699301,-0.03322347911285295,-0.08802271553949402,-0.1253206772703951,-0.05092091007583965,-0.15254237288135594,-0.15254237288135594,-0.14074074074074086,-0.1343283582089554,0.6900369003690037,-0.15873015873015872,2.8117647058823527,0.7400419287211739,-0.17219917012448138,0.032457676590776474,0.106951871657754,0.04424778761061954,-0.09879638916750266,0.0992555831265507,-0.015649452269170472,0.032258064516129004,-0.058579448376861125,-0.06697247706422016,0.11940298507462675,-0.03238232306129374
85,2015-03-31,-0.09848399140174224,-0.17446755819712734,0.009305325225723138,0.05972261534106992,-0.26998093562105885,-0.046232876712328785,0.01777777777777767,0.01777777777777767,0.05172413793103448,0.0431034482758621,-0.034934497816593864,-0.4528301886792453,0.4372427983539096,0.5879518072289156,-0.3303258145363408,0.07746239963813184,0.12265163714439087,0.05280312907431538,-0.2465219810795771,0.19638826185101574,0.04213036565977735,0.030612244897959107,-0.1900440757065076,0.010816125860373615,0.053333333333333455,-0.22100704317774172
86,2015-06-30,0.025789044362176,0.05489725513724309,0.007941579187585646,-0.2665598290598291,0.06508638007231826,0.02752842609216044,0.0480349344978166,0.0480349344978166,0.07377049180327866,0.07438016528925617,0.013574660633484116,0.7758620689655173,-0.8124552612741589,-1.1411229135053111,0.0696107784431137,0.003988245172124261,-0.2629691608893139,-0.3108359133126936,0.06942392909896622,0.33207547169811313,-0.009916094584286772,0.030321782178217793,0.03809218950064008,-0.3321984435797666,0.025316455696202445,0.4383107766608636
87,2015-09-30,-0.0149253731343284,-0.009099957343949971,-0.0025357725049809376,-0.008011653313911179,-0.040739343643907966,-0.02329644729178804,0.06458333333333344,0.06458333333333344,0.06870229007633566,0.0692307692307692,0.5758928571428572,-1.0776699029126209,0.5076335877862594,-0.23118279569892475,0.05003498950314912,-0.09512858038887716,0.11060655205968196,0.033243486073674784,-0.03383977900552493,-0.1529745042492917,0.3312788906009245,0.028828828828828763,-0.02621029910576611,0.014566642388929463,0.024691358024691246,-0.0010932375449008713
88,2015-12-31,-0.02328614008941876,-0.03572965992251398,-0.04657708371163971,-0.13069016152716595,0.027133307117577662,-0.023553965414430555,-0.11937377690802352,-0.11937377690802352,-0.12142857142857133,-0.1151079136690647,-0.004249291784702569,-8.125,0.19493670886075945,-0.3776223776223776,0.02965678107297576,0.011783733826247644,0.07739485981308425,0.03043478260869548,0.026447462473195186,0.04682274247491637,0.0017361111111109384,0.0321074138937536,0.05161494616846096,0.017229002153625217,0.012048192771084263,0.10920888055034417
89,2016-03-31,-0.01856443511984229,-0.07127976190476193,-0.02723550138082087,0.14695945945945946,-0.0011485451761102938,-0.0003053435114503955,0.040000000000000036,0.040000000000000036,0.048780487804878085,0.048780487804878085,-0.3186344238975818,-0.1228070175438597,1.4639830508474576,-8.213483146067416,-0.2077669902912621,0.039735099337748325,-0.006234751965302321,0.012658227848101332,0.0111420612813371,0.012779552715654896,0.02541883304448312,0.03110859728506798,0.017765733212887547,0.009880028228652192,0.0,-0.1902530128973149
90,2016-06-30,-0.013927576601671321,-0.01185707418682902,0.005580029368575712,0.0397643593519883,-0.05212725182062095,0.04795357361026276,0.1217948717948718,0.1217948717948718,0.13953488372093026,0.13178294573643412,0.1169102296450939,0.30000000000000004,-0.586414445399828,-0.8551401869158879,-0.03799019607843135,0.14133538326378225,0.04146208401527551,0.04249999999999998,-0.04063360881542698,0.12933753943217674,0.12394366197183106,0.03017004936917167,-0.038757396449704,0.023759608665268942,0.011904761904761862,-0.049654031942207966
91,2016-09-30,0.031993167783471284,0.002918761148046123,0.06269470404984423,0.23441926345609065,-0.03194500606550743,0.018653453803555875,0.01904761904761898,0.01904761904761898,0.027210884353741527,0.027397260273972712,0.16635514018691588,7.030769230769232,-0.6777546777546777,-0.3978494623655914,-0.0237791932059448,0.09006061772346774,0.02697747511786286,0.018385291766586983,-0.0208183776022971,0.13547486033519562,0.057644110275689275,0.029286474973375887,-0.061865189289011975,0.0020477815699659896,0.0235294117647058,-0.1875629636413592
92,2016-12-31,-0.03233815010503538,-0.010024252223120422,0.002381824844265301,-0.2082616179001721,-0.1115288220551378,-0.02746781115879826,-0.0523364485981308,-0.0523364485981308,-0.03311258278145701,-0.033333333333333326,0.0641025641025641,-1.2011494252873562,1.941935483870968,-4.089285714285714,0.07525010874293181,0.057021802453879326,0.08084672277480243,0.037676609105180565,-0.09970674486803532,0.07995079950799489,0.035545023696682554,0.033626487325401085,-0.08169291338582685,0.019073569482288773,0.011494252873563315,0.2504227257355429
93,2017-03-31,0.02157752779422406,0.05013882083945776,0.008133796380917602,0.04166666666666674,0.056182416549130254,0.02118270079435125,0.05719921104536496,0.05719921104536496,0.06164383561643836,0.0620689655172415,-0.30271084337349397,-1.5428571428571427,-0.013157894736842146,-0.8786127167630058,0.008495145631068013,0.06931106471816295,0.0740915526191599,0.03177004538577899,0.059446254071661375,0.1879271070615034,0.027917620137299703,0.03253253253253252,0.033583422650946826,0.018716577540107027,0.011363636363636465,0.008113590263691517
94,2017-06-30,0.02530748921372905,0.0217729393468118,0.010606472667935796,-0.017043478260869604,0.06187402626307593,0.03687698069720535,0.0951492537313432,0.0951492537313432,0.096774193548387,0.09740259740259738,0.0021598272138227963,0.14035087719298245,-0.046666666666666634,-0.8571428571428572,0.001203369434416457,0.09511909410386554,0.03932337434094912,0.01832844574780057,0.06533435818601062,0.033557046979865834,0.04942119323241312,0.03150751333010193,0.035603180089871955,0.017060367454068137,0.011235955056179804,0.03948133243907903
95,2017-09-30,0.02462002261022489,0.052054794520547835,0.012558306422676637,0.014508138711960328,0.052819115489415314,0.004445679355376432,0.09028960817717202,0.09028960817717202,0.09411764705882364,0.0946745562130178,0.6810344827586208,0.10769230769230777,0.06060606060606055,95.33333333333331,0.1157852564102564,0.010340155458889113,0.035087719298245716,0.0381569474442045,0.05772005772005784,-0.051948051948051854,-0.027153160797624087,0.030545112781954712,0.027703604806408544,0.040000000000000036,-0.011111111111111072,0.03703544390915337
96,2017-12-31,0.028564423194801906,0.05295138888888884,0.07999645641389086,0.06487617718869898,-0.08719888512840934,0.003872752420470249,-1.11875,-1.11875,-1.118279569892473,-1.1189189189189188,-0.10897435897435892,-0.20833333333333331,-0.25274725274725274,0.0692041522491349,0.11095152603231596,0.1209768492377188,-0.269756994078007,-0.2753120665742025,-0.08458390177353348,0.0596868884540116,0.06061927605756656,0.035567715458276306,-0.11269892822344918,-0.2686104218362283,0.0,-0.011199137251648672
97,2018-03-31,-0.0367699642431466,-0.11747732893652107,-0.015667295545894522,-0.04192597445135937,-0.09291166848418753,0.03168917057040499,-9.578947368421053,-9.578947368421053,-9.727272727272727,-9.636363636363637,-0.22589928057553954,0.5614035087719298,3.7294117647058815,-4.73462783171521,-0.37297996121525534,0.04564916257398322,0.08780760626398232,0.05837320574162685,-0.08494783904619974,0.14219759926131115,0.405016447368421,0.034346103038308984,-0.058199121522694124,0.04834605597964381,0.011235955056179804,-0.07886236838793581
98,2018-06-30,-0.03959660954030808,-0.047329908142612516,-0.022083333333333344,0.21264957264957274,-0.08992546285164704,0.02323717948717952,0.021472392638036908,0.021472392638036908,0.03125,0.03684210526315801,0.15241635687732336,-0.1460674157303371,-0.5186567164179104,-0.7296360485268631,-0.16082474226804122,-0.10531703498524704,0.1025706940874036,0.05063291139240511,-0.08061889250814336,-0.021827000808407385,-0.16710564822944107,0.033205619412516096,-0.05246793626117363,0.0275080906148868,0.022222222222222143,-0.2143995628216221
99,2018-09-30,-0.013141789602525322,-0.029253145938878955,0.003238176395398363,0.03270369326191158,-0.06420079260237778,-0.05690420255807883,-0.042042042042042094,-0.042042042042042094,-0.03535353535353536,-0.035532994923857864,0.3612903225806452,0.2236842105263157,-0.01679586563307489,-0.875,-0.023955773955773974,-0.04556467896082928,0.09093028678013516,0.01462994836488818,-0.054030115146146966,0.0380165289256198,-0.0941672522839072,0.03213844252163178,-0.05168170631665303,-0.0007874015748030594,0.010869565217391351,-0.05999652194075712
100,2018-12-31,-0.029310007180625375,-0.027272727272727226,-0.013675358871995223,-0.033033033033033066,-0.08130999435347264,-0.00913368391918079,-0.048589341692789945,-0.048589341692789945,-0.036649214659685736,-0.03684210526315779,-0.04146919431279617,-0.27956989247311825,0.0788436268068331,1.1794871794871793,-0.05349276274386405,-0.07347859812425084,0.4864287240863434,0.40542832909245097,-0.07116104868913853,-0.0207006369426751,-0.08184639255236614,0.03992015968063867,-0.05363321799307952,0.3680063041765169,0.021505376344086002,0.005981746423285639
101,2019-03-31,0.030665770006724987,0.051401869158878455,0.044264553909748594,0.11829474872953134,-0.0178242163491088,-0.007821229050279377,-0.016474464579901205,-0.016474464579901205,-0.010869565217391351,-0.010928961748633892,-0.2385661310259581,0.07462686567164177,-0.6406820950060901,-3.952941176470589,0.1668882978723405,0.02572494101529821,0.04701653486700218,-0.007845503922751962,-0.011088709677419262,0.10487804878048768,-0.25095057034220536,0.03838771593090207,-0.04707495429616093,-0.008640552995391682,0.010526315789473715,-0.05982958376754732
102,2019-06-30,-0.009069555004567407,0.035226337448559734,-0.0028038924624773642,-0.44761423882857865,-0.032853566958698344,0.01604729729729737,0.04355108877721947,0.04355108877721947,0.05494505494505497,0.05524861878453025,0.11201298701298712,0.09722222222222232,1.288135593220339,-1.3107569721115535,-0.0444444444444444,0.09675743859909458,0.03488052732765734,-0.012165450121654486,-0.02548419979612637,0.10890360559234737,0.10998307952622666,0.0369685767097967,-0.02398081534772189,-0.0023242300987798004,-0.01041666666666663,0.8740953250309706
