Unnamed: 0,Quarter end,Assets,Current Assets,Liabilities,Current Liabilities,Shareholders equity,Revenue,Earnings,Earnings available for common stockholders,EPS basic,EPS diluted,Cash from operating activities,Cash from investing activities,Cash from financing activities,Cash change during period,Cash at end of period,Price,ROE,ROA,Book value of equity per share,P/B ratio,P/E ratio,Cumulative dividends per share,Equity to assets ratio,Net margin,Asset turnover,Current ratio
0,1993-12-31,0.034125193346335125,-0.03523923146779684,0.0455737755507466,0.2579788901661615,0.01686804433022071,0.1249589100100883,1.0214809640237514,1.0214809640237514,1.0,1.0,-0.05283242318573589,0.2104410290678249,-10.72680742162508,-1.526315789473684,-0.18495575221238936,0.06834532374100744,-0.04151624548736455,-0.40697674418604657,0.017937219730941756,-0.15413533834586468,0.028503562945368262,inf,-0.016549648946840526,-0.05389221556886215,0.007874015748031482,-0.2330891122848866
1,1994-03-31,0.034125193346335125,-0.03523923146779684,0.0455737755507466,0.2579788901661615,0.01686804433022071,0.1249589100100883,1.0214809640237514,1.0214809640237514,1.0,1.0,-0.05283242318573589,0.2104410290678249,-10.72680742162508,-1.526315789473684,-0.18495575221238936,0.06834532374100744,-0.04151624548736455,-0.40697674418604657,0.017937219730941756,-0.15413533834586468,0.028503562945368262,inf,-0.016549648946840526,-0.05389221556886215,0.007874015748031482,-0.2330891122848866
2,1994-06-30,0.0432057030541344,-0.049581641442106535,0.053214586788217014,0.3663936332823817,0.027692800329363054,0.1249589100100883,1.0214809640237514,1.0214809640237514,1.0,1.0,-0.05283242318573589,0.2104410290678249,-10.72680742162508,-1.526315789473684,0.11943539630836053,-0.1397306397306397,-0.04151624548736455,-0.40697674418604657,0.026431718061673992,-0.15413533834586468,0.028503562945368262,inf,-0.015043345232024554,-0.05389221556886215,0.007874015748031482,-0.3044508627712361
3,1994-09-30,0.05160537270248389,0.0956234099986406,0.0637318177439552,0.17019594968415808,0.03234367871092658,0.054330192956824064,0.05917926565874732,0.05917926565874732,0.06666666666666665,0.0,-0.5203876076687969,-0.15439502049491427,1.1955535091758205,-1.8272727272727272,-0.08826382153249268,-0.1428571428571429,-0.04151624548736455,-0.40697674418604657,0.030042918454935563,-0.1644444444444445,0.028503562945368262,inf,-0.01812063163344535,-0.05389221556886215,0.007874015748031482,-0.06367120954003412
4,1994-12-31,0.01561495511645794,0.07078161096110548,0.01392623278773275,-0.07561501493700484,0.018378885301742587,0.05536919700169785,-0.11655791190864595,-0.11655791190864595,-0.12499999999999988,0.0,-0.08425664421753931,-0.41935694467112783,-0.7121843074987267,1.4835164835164836,-0.2404255319148936,-0.07990867579908667,-0.04151624548736455,-0.40697674418604657,0.02083333333333348,-0.1063829787234042,0.028503562945368262,0.0,0.0026364355391510497,-0.05389221556886215,0.007874015748031482,0.15828974300659548
5,1995-03-31,0.009722259960007971,0.023853271755143846,0.009754774675585054,0.07928237813411565,0.009669275836336809,-0.06600823442763483,-0.5485181423691257,-0.5485181423691257,-0.5357142857142858,-0.5666666666666667,1.2208690838638252,0.050174274791994655,-2.5583428749869888,-6.657817109144544,1.7908496732026142,0.096774193548387,-0.04151624548736455,-0.40697674418604657,0.008163265306122547,0.0714285714285714,0.028503562945368262,0.0,0.0,-0.05389221556886215,0.007874015748031482,-0.05134498331042603
6,1995-06-30,0.024204672301068486,-0.016005949686348053,0.05419518565216275,0.19497258198065887,-0.02467029395731124,0.06397370598272922,-1.4374233128834355,-1.4374233128834355,-1.4615384615384617,-1.4615384615384617,-0.4346603047998861,0.7750060223227431,-3.1252421347939348,-1.7155891553701772,-0.4591836734693877,0.009049773755656076,-0.352165725047081,-0.40697674418604657,-0.02429149797570851,0.005555555555555536,0.028503562945368262,0.0,-0.04785695503549847,-0.3639240506329113,0.0,-0.17654972575804628
7,1995-09-30,-0.008897032635752034,0.05787957455664738,-0.016269849139673553,-0.059943259815136825,0.0040898696454818575,0.0786558491460092,-1.8602150537634408,-1.8602150537634408,-1.8333333333333333,-1.8333333333333333,-0.007369150343263797,-0.8254569033114181,-1.5911933871829524,-1.4134790528233152,0.35106712032168264,-0.0358744394618834,-0.4040697674418604,-0.40697674418604657,0.0,-0.016574585635359185,0.4821016166281755,1.0,0.013256006628003414,-0.4228855721393036,0.0234375,0.1252984793263794
8,1995-12-31,-0.0016897348363235087,-0.03145676506828743,0.023263062889824267,-0.1442339786381842,-0.0447517937381744,0.009444854328469088,-4.67445652173913,-4.67445652173913,-4.6,0.0,0.7726840101522843,3.1106695464362852,-0.5533227006911217,-1.0951541850220263,-0.02472527472527475,-0.13023255813953485,-1.1414634146341462,-1.1372549019607845,-0.024896265560166,-0.1292134831460674,0.4569536423841058,0.0,-0.043336058871627066,0.0,0.01526717557251911,0.13178467723922282
9,1996-03-31,0.011294456432155542,0.06458803279915326,0.021477836394415032,0.0712192373739835,-0.007530698522716818,-0.012425097916689887,-1.414583641473155,-1.414583641473155,-1.3888888888888888,0.4000000000000001,-0.6130469798657718,-0.2671654652067001,-2.0697452987383955,38.444444444444436,-1.0,0.2459893048128341,1.0172413793103452,1.0,-0.008510638297872353,0.2774193548387096,0.0,0.0,-0.018518518518518712,0.0,0.030075187969924814,-0.006118018551411032
10,1996-06-30,0.017646212166890773,0.02985022167994744,0.017885358634451842,0.08675270296238602,0.017191200589412592,0.05242448038778137,1.449518373171602,1.449518373171602,1.5714285714285712,1.5714285714285712,0.6410896813283382,0.20166910436204089,0.38173119715175785,-2.408450704225352,inf,0.09656652360515028,-2.11965811965812,-2.095238095238096,0.012875536480686513,0.10606060606060597,0.0,0.5,-0.0002902757619738239,-0.7155172413793103,0.02189781021897796,-0.052422557585385283
11,1996-09-30,0.0024244775714321602,-0.029769972599533845,-0.004712347136589523,-0.016472701383427713,0.016012610277487127,0.01654977682226044,0.03145936498689195,0.03145936498689195,0.05555555555555558,0.05555555555555558,-0.03607462938954964,-0.18297892651726688,-1.2439809968596505,-1.5103333333333333,-0.5103333333333333,-0.09589041095890416,1.1221374045801524,1.108695652173913,0.021186440677966267,-0.10502283105022836,3.11764705882353,0.0,0.013356562137049943,1.0606060606060606,0.007142857142857118,-0.013516345347862502
12,1996-12-31,-0.007648615565309269,0.015613065326633091,0.0012199104617940384,-0.07201423157536158,-0.02418938518645985,0.007084034123763239,-0.2425868398757413,-0.2425868398757413,-0.26315789473684204,0.0,0.5113151277703059,-0.3596132499853947,8.544224422442246,-1.2769431743958195,0.28863172226004075,-0.1948051948051948,1.212230215827338,1.1855670103092781,0.004149377593360981,-0.2142857142857143,-0.6283766233766235,0.0,-0.016618911174784978,1.1911764705882355,0.014184397163120588,0.09442379182156137
13,1997-03-31,-0.02152508586113311,0.03771269673984578,-0.01663960682785559,-0.007499745080044917,-0.030874305468083008,-0.04200334537598771,-0.8941088739746458,-0.8941088739746458,-0.8571428571428572,-0.8947368421052632,-0.7093248210485588,-0.8865118824978333,-0.8544555482554722,8.820754716981131,2.199683042789224,-0.045698924731182866,-0.09593495934959352,-0.09905660377358494,-0.02066115702479332,-0.045454545454545525,-0.5722523152192905,0.3333333333333335,-0.009615384615384692,-0.10738255033557054,0.006993006993007089,0.04561335403726696
14,1997-06-30,-0.020950026459987448,-0.11475284772253712,-0.03180751278458527,-0.1133667918363992,0.0001328615784532694,0.05417883366493248,2.283450704225352,2.283450704225352,1.5,1.5,4.679534109816972,13.446945337620578,12.345212639581847,-1.8140009606147933,-0.5596004622750537,0.04788732394366213,-0.2446043165467625,-0.24083769633507845,0.0,0.06802721088435383,0.1470588235294117,0.0,0.02147690497205068,-0.2631578947368421,0.02083333333333326,-0.001577872656394863
15,1997-09-30,-0.018927356217176228,0.06408958214389583,-0.02663194604476804,-0.02676129779837777,-0.0044444957850932046,0.008468372109927902,0.030563002680965123,0.030563002680965123,0.0,0.0,-0.6252885685826448,-0.9648063654573782,-0.5897454157023322,-2.13099277179525,1.4371134020618554,0.11021505376344076,-0.3357142857142857,-0.33793103448275874,0.0,0.10828025477707004,0.4707977207977208,0.0,0.01497695852534564,-0.346938775510204,0.027210884353741527,0.09333457283629244
16,1997-12-31,0.04457905340552615,0.01210259109844558,0.07951702639782199,0.22089998273614286,-0.019632642168409098,0.06892086701333477,2.647762747138397,2.647762747138397,2.8,2.8,-0.11183387540655487,38.40474308300396,-1.527078632181913,-2.2131211686448413,-0.7153514843870175,0.03631961259079919,0.18637992831541195,0.17708333333333326,0.0,0.04022988505747138,0.5944309927360774,0.0,-0.06157775255391595,0.140625,0.02649006622516548,-0.17098886149136971
17,1998-03-31,0.04936888344379553,0.041314915579739216,0.06900892602583507,0.2466160867530036,0.009622326638340171,-0.004255442125264629,0.3525887890457853,0.3525887890457853,0.42105263157894735,0.368421052631579,-0.2646830985915493,0.4969807611290549,3.890416598056974,-1.6087517471239652,1.5298567954606863,0.4018691588785046,0.7885196374622359,0.7610619469026552,0.012658227848101113,0.39779005524861866,0.1757023538344724,0.25,-0.037798609011188485,0.7397260273972601,0.012903225806451646,-0.16471794871794865
18,1998-06-30,0.0411593013605378,0.007612396920461339,0.03903691971869128,0.09432619120258456,0.04570711807183714,0.11492843426061627,0.6475798797848782,0.6475798797848782,0.6296296296296295,0.6153846153846152,2.2004022410573194,0.013146609488073002,-0.8575060186198421,-1.0535146591310491,-0.03236142262095487,0.32666666666666666,0.6655405405405403,0.6331658291457287,0.04583333333333338,0.31225296442687744,-0.2522603978300181,0.0,0.004399748585795171,0.5984251968503937,0.019108280254777062,-0.07919941060903735
19,1998-09-30,0.03628545429141572,0.05351814602617755,0.04061098123459917,-0.2659141760370575,0.02707588309810216,0.026905430762389267,-0.305747567844342,-0.305747567844342,-0.31818181818181823,-0.2857142857142857,-0.3324355866774397,-0.1410166532188728,0.9372637051039698,11.96039603960396,-0.4334437086092715,-0.16959798994974873,0.2423935091277891,0.20923076923076933,0.0239043824701195,-0.20783132530120485,-0.5035411988253584,0.0,-0.009073842302878663,0.20197044334975373,0.006250000000000089,0.4351246832911056
20,1998-12-31,0.012495883825790477,0.01920588528046485,0.006671321665477682,0.003198885989171396,0.02506050923260373,0.043095726972377735,0.0033188900156724266,0.0033188900156724266,0.03333333333333344,-0.09999999999999988,0.1326654115115653,-0.30113951339698186,-1.0644630115264988,-2.0425261013496305,0.7975842587180986,-0.3313161875945537,0.062040816326530475,0.05597964376590325,0.02723735408560324,-0.3460076045627376,-0.4742519137091162,0.2,0.012630249447426634,0.040983606557376984,0.012422360248447006,0.01588923991823066
21,1999-03-31,-0.003294980106344214,-0.012762406168570271,-0.016271226480293333,-0.08577904397668422,0.024194943791810086,-0.04768230965047826,-0.027290269227235098,-0.027290269227235098,-0.03225806451612912,0.07407407407407396,-0.4542000593647967,-0.18341265644279925,-4.919583727530748,-2.3031265266243284,-0.5781944293920017,0.251131221719457,-0.006917755572636297,0.00240963855421672,0.02272727272727271,0.21511627906976732,0.17140966247518194,0.0,0.027439975054568192,-0.003937007874015741,0.012269938650306678,0.07994146162992788
22,1999-06-30,0.0010945351180480234,0.013359053220381556,-0.01003738792882114,-0.05491938609204372,0.023745536015969067,0.05807623276426699,0.01879841299829965,0.01879841299829965,0.0,0.034482758620689724,0.7562540787470089,-0.008337830545062097,-3.977069756215303,-0.8792877225866916,-0.16546762589928055,-0.15370705244122973,-0.1222910216718267,-0.11057692307692313,0.022222222222222143,-0.1722488038277511,-0.17401129943502824,0.0,0.022761760242792084,-0.1185770750988142,0.0060606060606061,0.07224527822478177
23,1999-09-30,0.06152295711255995,0.18396215949983802,0.08795313639090853,0.3519452651919426,0.009518079018589365,0.05295304630251185,-0.5402874362540566,-0.5402874362540566,-0.5333333333333332,-0.5333333333333332,0.26644784376870834,0.8544801501999946,-1.5168639532998216,-0.3307453416149069,-0.13269704433497542,-0.23504273504273496,-0.15432098765432098,-0.15405405405405392,0.010869565217391351,-0.2485549132947976,-0.15595075239398082,0.16666666666666674,-0.04896142433234429,-0.16143497757847525,0.006024096385542244,-0.12424960505529226
24,1999-12-31,-0.09134912569279284,0.10611784458785878,-0.13888137764178465,0.1244577772607156,0.009443428706514378,0.056256811878580004,0.12545381202097627,0.12545381202097627,0.1428571428571428,0.0714285714285714,-1.027678163917324,-2.797913548727881,-18.41929411764706,-23.712296983758698,3.4749733759318424,-0.04469273743016766,-0.1564129301355579,-0.13418530351437707,0.010752688172043001,-0.05384615384615389,0.1085899513776336,0.0,0.1107644305772233,-0.16577540106951882,0.041916167664670656,-0.016325426174799373
25,2000-03-31,0.05849055934380165,0.06684262776096839,0.08948349901801178,-0.013172966781214157,0.002426591859207905,-0.035813030608593865,-0.1016129032258064,-0.1016129032258064,-0.12499999999999988,-0.06666666666666654,3.7420494699646634,-1.5269188395152409,-1.5754268424465097,-1.8905914802329145,-0.6915754402665397,-0.032163742690058394,-0.18417799752781205,-0.1771217712177121,0.007092198581560183,-0.048780487804878085,0.10014619883040954,0.0,-0.05280898876404505,-0.19871794871794868,0.02298850574712641,0.0810562992847974
26,2000-06-30,0.0023973320149823785,0.007574578634289121,-0.0025788508943809236,0.005691498324377875,0.01218063425787852,0.09360591952859676,1.2050668262517457,1.2050668262517457,1.2142857142857142,1.2142857142857142,-7.203427719821162,-0.39387603382585257,-1.1372926447574334,-1.2342280339527414,0.5252057613168724,0.1570996978851964,0.0030303030303029392,0.004484304932735439,0.021126760563380254,0.15384615384615394,0.3946843853820596,0.0,0.009489916963226541,-0.03200000000000003,0.033707865168539415,0.0018659881255300714
27,2000-09-30,-0.035061453466647574,-0.0848436899140752,-0.06545164193102747,-0.07300482156486776,0.02381519467859672,-0.12695458440445584,-0.17468789578433142,-0.17468789578433142,-0.16129032258064513,-0.16129032258064513,0.09615615615615614,-0.3890123929985946,2.148865838367719,0.5754162585700293,0.5424957841483979,-0.10182767624020894,0.14199395770392753,0.1741071428571428,0.02068965517241384,-0.11851851851851858,-0.11434016198189613,0.0,0.06110458284371334,0.16528925619834722,0.016304347826086918,-0.012783609888249337
28,2000-12-31,0.06721919593044601,0.13995460447686647,0.09025344197198693,0.3064419605023758,0.026484554873369204,0.04818598333012703,0.1931382220760716,0.1931382220760716,0.1923076923076923,0.1923076923076923,-0.4809051558818694,-2.158211701727238,1.1680723981900454,-2.1740752253652467,-0.41292226959658906,0.008720930232558155,0.1534391534391535,0.14828897338403044,0.023648648648648685,-0.01680672268907568,-0.13179128563743947,0.0,-0.038205980066445266,0.18439716312056745,-0.03208556149732622,-0.1274333247577394
29,2001-03-31,-0.01791998025847441,-0.0277154191756982,-0.03025059769777516,-0.13007187786297092,0.005240617472307418,-0.0721952023432072,-0.8488745980707395,-0.8488745980707395,-0.8387096774193548,-0.8387096774193548,-0.03599324466962217,-0.5529717628367155,-0.5671447414555958,-4.667990468625893,2.5798882681564246,0.2017291066282421,-0.10779816513761477,-0.0960264900662251,0.006600660066006681,0.17948717948717952,0.013011152416356976,0.0,0.023603914795624847,-0.07784431137724546,-0.02209944751381221,0.11764127764127764
30,2001-06-30,-0.008732523587732355,0.009297758220995878,-0.028886645570350918,-0.16318625978477908,0.02778642915913232,0.05262212389916422,4.208510638297873,4.208510638297873,3.8,3.8,0.4968064527902478,0.5775444264943457,1.2092574734811956,-0.7642558105962177,0.1698918019142739,0.0623501199040768,-0.095115681233933,-0.07692307692307697,0.026229508196721436,0.050724637681159424,0.16513761467889898,0.0,0.0368391451068617,-0.045454545454545525,-0.028248587570621538,0.20612029546253965
31,2001-09-30,0.032321059302248045,0.1445672588441762,0.040713056365319966,0.061527351355003874,0.017953374144337175,0.030042819695142112,-0.4690709617180205,-0.4690709617180205,-0.4583333333333333,-0.5,0.28860549608641595,-1.32452636968766,-0.8981056307289393,11.453459889773425,1.8084926634059584,0.06546275395033851,-0.16761363636363644,-0.16666666666666666,0.0,0.04137931034482767,0.15223097112860895,0.0,-0.013832384052074986,-0.16326530612244894,-0.005813953488372103,0.07822980460775741
32,2001-12-31,0.01797677300123901,0.0351182534217096,0.01786897355254835,0.057591164792845324,0.018165459634780223,0.016913149997393573,2.9971422290613323,2.9971422290613323,2.8461538461538463,3.083333333333333,-0.0474009877571101,6.859734932155254,1.4751542152159014,-1.3421926093477246,-0.2203505216661653,-0.01906779661016944,0.2627986348122866,0.28095238095238084,0.006389776357827559,-0.019867549668874163,0.1717539863325741,0.0,0.0002750275027503246,0.2764227642276422,0.0,-0.02123199675434451
33,2002-03-31,-0.031534605307633634,-0.1435840529731106,-0.06723226610106725,-0.13990685916775125,0.030930556798024037,-0.06594158988431842,-0.7330473519221251,-0.7330473519221251,-0.74,-0.7346938775510203,-0.9262246235747488,0.0947104285857674,-1.9676704742125304,1.6470038798677968,-0.7481165600568586,0.388768898488121,0.07162162162162168,0.09293680297397766,0.03174603174603185,0.3783783783783785,0.11119751166407467,0.0,0.06433874072037392,0.0891719745222932,0.005847953216374213,-0.00428324697754745
34,2002-06-30,0.05682005317253225,0.2344423270661633,-0.01990610403950477,0.009670139344477358,0.1782947048950989,0.0923266584480058,2.1889163576431807,2.1889163576431807,2.2307692307692304,2.0769230769230766,17.54281098546042,-0.4695322098545834,1.0017169838317357,-2.8435981650878097,5.475653015156403,0.1088646967340592,0.12105926860025228,0.17006802721088432,0.0923076923076922,0.07352941176470584,0.018194541637508888,0.0,0.11495737535520535,0.16959064327485374,0.0,0.2226462221605494
35,2002-09-30,0.006984224444087861,0.018726278735914814,-0.011853987678181466,0.35790308118153114,0.031792447407748003,0.045472325094020105,0.08249886943601004,0.08249886943601004,0.023809523809523725,0.049999999999999815,-0.2742057268978335,0.326085453539823,-1.2210864903502503,-0.9199499411071852,0.06768836213335994,-0.09957924263674613,0.20584926884139487,0.2674418604651163,0.030985915492957924,-0.1735159817351598,-0.22577319587628866,0.0,0.024559777571825814,0.26,0.005813953488372103,-0.2498013846328454
36,2002-12-31,0.015252718420590616,0.0452553652521801,0.005191309628975294,0.0378115071010221,0.02794219025269995,0.025734934465590387,-0.12109095249462876,-0.12109095249462876,-0.13953488372093026,-0.16666666666666674,0.036271606914212606,0.03255910951226504,1.799870675719366,-1.9440868125804671,-0.05985238045265329,0.004672897196261738,-0.11847014925373135,-0.07339449541284404,0.024590163934426142,-0.02762430939226524,-0.20461606746560126,0.0,0.012663952962460371,-0.08333333333333337,0.011560693641618602,0.007186081694402491
37,2003-03-31,-0.004219975612863358,0.003695914640762243,-0.02390966726674271,-0.06150389298218106,0.020063100457757832,-0.04426050670441351,-0.2409859441841516,-0.2409859441841516,-0.2432432432432432,-0.19999999999999984,-0.1902040658725409,-0.2089876293865186,-0.5980369515011548,-1.7112799532437166,0.04528203601726455,0.05271317829457356,0.05925925925925912,0.10148514851485158,0.021333333333333426,0.028409090909090832,0.16573660714285698,0.0,0.024341223760607544,0.09090909090909104,0.011428571428571344,0.06947052196770588
38,2003-06-30,0.018533875840242242,0.04573556402978962,-0.007890786673025452,0.2395028167168871,0.04971826262505519,0.05016167349132461,1.2480765789944537,1.2480765789944537,1.2857142857142856,1.2142857142857142,1.3092621289784243,0.5295225328737394,-0.2983338121229532,11.06628321007943,0.5227162163765589,0.21796759941089827,0.12887112887112906,0.1573033707865168,0.0443864229765012,0.1933701657458564,0.09191000478697944,0.0,0.03052103771528225,0.1428571428571428,0.011299435028248705,-0.15632022471910126
39,2003-09-30,-0.030064276587456806,-0.08326973367321577,-0.1185715095998412,0.055632918918204766,0.06865301978076199,0.036304774733023626,0.2997333757809701,0.2997333757809701,-0.359375,-0.3548387096774193,0.1593917119200512,-0.3645013876426768,22.952917093142272,-1.7982022063830754,-0.27400590650884804,0.4050785973397824,0.18495575221238925,0.23495145631067985,0.05499999999999994,0.34259259259259256,0.2200789127575624,0.0,0.10175587053099222,0.2152777777777779,0.016759776536312776,-0.13159647078408532
40,2003-12-31,0.03837307001518542,0.014867792527476718,0.035929800627733766,0.06545948800873091,0.040620758958633374,0.03072819813269323,-0.1889103211781636,-0.1889103211781636,-0.19512195121951206,-0.2750000000000001,-0.27425401376657377,1.6533245772451155,-0.7210922143406546,-0.09168467751109087,-0.3428178900707317,0.1299483648881241,0.09111277072442124,0.13364779874213828,0.03791469194312791,0.07241379310344831,-0.07941070786920579,0.0,0.0023041474654377225,0.11999999999999987,0.01098901098901095,-0.0474456052909038
41,2004-03-31,0.0054458896375915175,-0.05391911187601062,-0.04262697321934672,-0.10034300481616354,0.04947122605015242,-0.035970571802243057,0.24472462345702306,0.24472462345702306,0.2424242424242422,0.3793103448275863,-0.13749355844028366,-0.13892360810325846,-0.1991420254328176,-0.20410144020037568,-0.4151790818076402,0.04265041888804255,0.16769336071184116,0.21914008321775325,0.05022831050228317,0.006430868167202508,-0.062451209992193675,0.0,0.04367816091954002,0.20663265306122452,0.010869565217391351,0.051620044274501835
42,2004-06-30,0.02723996553473218,-0.02907325410548833,-0.01470593006167209,-0.05757836104444836,0.06228308992426013,0.09930095289283768,0.3836659186025353,0.3836659186025353,0.3902439024390243,0.375,0.6530812564015023,0.2144263520213852,-0.01186103458830734,-1.2312261516069392,0.16415326184092938,0.22498173849525194,0.11371629542790165,0.16268486916951064,0.05434782608695653,0.16613418530351431,-0.002497918401332177,0.1428571428571428,0.034140969162995694,0.13742071881606766,0.021505376344086002,0.03023634101999817
43,2004-09-30,0.010410400050025135,0.05202271972740435,-0.06523328174903686,-0.1563634348416415,0.06902578325026365,0.0582855695427047,0.049315068493150704,0.049315068493150704,0.035087719298245716,0.03636363636363616,-0.10722430188029776,-0.6626430456444302,1.9081158522419268,-0.9773732562095953,0.0031905195989061497,0.06499701848539052,0.05157894736842117,0.08904109589041087,0.0639175257731961,0.008219178082191858,-0.09098497495826374,0.125,0.058040468583599576,0.07063197026022294,0.015789473684210575,0.2469582985046903
44,2004-12-31,0.06111958798820584,0.1352015167268057,0.11088489527929046,0.012353018458910904,0.02740012100397493,0.07262869913472314,-0.5867989556135771,-0.5867989556135771,-0.5932203389830508,-0.6842105263157894,-0.0024483107619643896,1.3610692110709652,-0.32031156381066506,-112.75939849624059,-0.4299720222865204,0.13605823068309064,-0.09109109109109104,-0.06828391734052107,0.029069767441860295,0.06793478260869558,0.029384756657483857,0.0,-0.03170608958228471,-0.08854166666666663,0.020725388601036343,0.12133174437658267
45,2005-03-31,-0.008677983463229344,-0.04230651535852359,0.07546024136116025,-0.1195603154879129,-0.07031999535396949,-0.07995267291640185,1.4011222323324235,1.4011222323324235,1.4583333333333337,2.1666666666666665,-0.3608719598805693,-0.3047528488864457,-0.19223084156088388,0.4724165769644779,-0.9181139357328636,0.11779201577131593,0.07874449339207046,0.07521697203471556,-0.048964218455743835,0.08651399491094125,0.1900089206066012,0.3333333333333333,-0.06219681219681227,0.0647619047619048,0.01522842639593902,0.0878113583527067
46,2005-06-30,-0.00893585914153805,-0.03996534731441692,-0.07170750332054254,-0.021159302796919355,0.04426367552548194,0.07054364348583864,0.15015052948483132,0.15015052948483132,-0.423728813559322,-0.42105263157894735,0.14835812772133528,-0.013975852120953092,-0.3449496786710319,-1.1281641231837705,1.4369877049180326,-0.10493827160493817,0.0393057682491067,0.043049327354260036,0.045544554455445585,-0.05854800936768145,-0.18628185907046468,0.5,0.053574727507851534,0.02683363148479434,0.014999999999999902,-0.019234291994870808
47,2005-09-30,0.016726178007256058,0.014653731756080425,0.11346810436550148,0.19640625235291465,-0.05615807866844846,0.05523402080594719,-0.27068880306053344,-0.27068880306053344,-0.26470588235294124,-0.2424242424242425,0.8016772647682242,0.2399384495351207,1.9860797452889565,-1.3632798573975045,-0.2142106369560648,-0.052216748768473036,-0.03290766208251483,-0.06104901117798789,-0.03409090909090917,-0.0945273631840795,-0.10502072777521887,0.3333333333333333,-0.07171664036472036,-0.07317073170731714,0.00985221674876846,-0.1519113435437679
48,2005-12-31,0.03947089378951185,0.09653246354247268,0.04376592000136914,-0.1312559196221511,0.035653531888786734,0.07144194522804992,0.6398865547273047,0.6398865547273047,0.76,0.56,-0.613438070880526,0.09235824652170876,-1.0296440482537164,6.069676153091266,0.9828785446762976,0.09771309771309776,0.299136617572372,0.2692307692307692,0.03921568627450989,0.13736263736263732,0.1384457025218735,0.3750000000000002,-0.003588968643747692,0.2462406015037595,0.01951219512195124,0.2622228747614153
49,2006-03-31,-0.016768956028702098,-0.10515704986412187,-0.09485426638555217,-0.029621204986851942,0.05317585141213543,-0.09142274646861803,-0.2503596681869662,-0.2503596681869662,-0.2727272727272727,-0.2051282051282052,1.869057295703295,0.09179787506400404,-35.35131744040151,-1.1955857856746253,0.19009713977334064,0.11789772727272728,-0.011336982017201014,0.0,0.0509433962264152,0.07487922705314021,-0.14963833634719725,0.2424242424242422,0.07109004739336489,-0.015082956259426903,0.014354066985646119,-0.07787600325695021
50,2006-06-30,0.014198559197216463,-0.0107869379645128,0.24183989251694515,0.08094569777684879,-0.16105016903533065,0.07482241312988848,0.12972641894650885,0.12972641894650885,0.15625,0.16129032258064502,-0.35743464052287577,0.06728415869154225,-0.7039837338982637,-0.7239176721078779,0.04409930846842758,-0.0008470986869970607,0.03914590747330937,-0.010101010101010166,-0.1202872531418312,-0.04719101123595504,-0.02020202020202011,0.19512195121951206,-0.17274336283185832,-0.02143950995405819,0.014150943396226356,-0.08483128350678026
51,2006-09-30,0.10766164850788984,0.04546741838830437,0.22497058222874866,0.6516088040498076,-0.026017742266156163,0.023872239201960355,0.045180178552065575,0.045180178552065575,0.08108108108108114,0.08333333333333348,0.18825749031027628,1.6557728221465453,-4.552996339406902,21.79177377892031,0.9626492942453856,-0.055108096651123366,0.1160578386605784,0.04810495626822165,-0.00612244897959191,0.07311320754716966,-0.07650569723277267,0.16326530612244894,-0.12066752246469825,0.06729264475743357,-0.01860465116279076,-0.3669882839421088
52,2006-12-31,0.03463096428007795,0.0727231752622377,0.0025999801528233672,0.00090738789368916,0.08053789591955729,-0.007802951302919303,-0.0005187260089221102,-0.0005187260089221102,-0.025000000000000026,-0.02564102564102566,-0.5005867835631569,-0.605489028148332,-0.9106315984441564,-2.207421610647417,-0.5922217304713433,-0.02826379542395685,-0.015001704739174946,-0.06536856745479848,0.0924024640657084,-0.0219780219780219,-0.12220916568742655,0.14035087719298267,0.04428223844282232,-0.03079178885630485,-0.03791469194312802,0.0717474142623844
53,2007-03-31,0.0018807303945578282,-0.08873977968903513,0.07379147200886838,0.0806091116077956,-0.09374823129582999,-0.06354982808184427,-0.2358660300325237,-0.2358660300325237,-0.2051282051282052,-0.21052631578947367,1.6642764578833695,0.24321100917431185,-8.412564766839377,-1.1973843998131717,0.2866639533306199,0.1468144044321329,0.03669089650398072,-0.0580357142857143,-0.08270676691729327,0.049438202247190866,0.15461847389558248,0.1384615384615384,-0.09552656104380253,-0.027231467473525117,-0.029556650246305383,-0.15674522551808226
54,2007-06-30,0.03297928369796544,-0.014409966816091304,0.17559843410242482,-0.00408837856645794,-0.19174220385090768,0.07324462568860035,0.4457097577541318,0.4457097577541318,0.4838709677419355,0.5,-0.6339051201400824,0.22009972906585706,-1.9781564001747487,-2.5664931377188838,-0.3490088570223534,0.13204508856682784,0.10317195325542584,-0.0023696682464454666,-0.15573770491803274,0.2334047109207709,0.1397101449275362,0.12162162162162148,-0.21741370427614626,0.034214618973561484,-0.035532994923857864,-0.01036019756655815
55,2007-09-30,-0.003121944722090153,-0.0276629878767688,0.15015348426933262,0.03977251773565872,-0.3543978752767315,0.04180356600378565,-0.20473871306199787,-0.20473871306199787,-0.15217391304347827,-0.15555555555555556,1.698104517271922,-0.4941374692184733,-2.71188923626619,-0.3773413897280967,-0.3338192419825073,0.01955903271692749,0.1092615012106537,-0.04750593824228022,-0.3131067961165048,0.20833333333333348,-0.04069175991861651,0.10843373493975904,-0.35253456221198154,-0.04060150375939864,-0.005263157894736858,-0.06488131466828972
56,2007-12-31,0.020038857663546183,0.1879940417321744,0.03590757779963827,-0.021026851049849138,-0.04475123512629597,0.059791081133823365,0.06972805860228815,0.06972805860228815,0.1282051282051282,0.13157894736842102,-0.3772356015442393,0.21868274519181494,-0.8678918422508166,-6.2615235322658895,2.636518356430829,-0.08196721311475419,0.1945429740791269,-0.028262676641728983,-0.028268551236749095,0.3362068965517242,-0.07582184517497348,0.09782608695652173,-0.06354855109303514,-0.042319749216300884,0.010582010582010692,0.21348607133558967
57,2008-03-31,-0.002510809310555473,-0.035257131402717135,-0.02150440689967881,-0.1289433139091436,0.08158579474762306,-0.07044499708979313,-0.3297069435240409,-0.3297069435240409,-0.3409090909090909,-0.34883720930232553,0.23231982456880185,-0.1968352744957883,3.607156963425232,-0.8837144964957581,0.08430835060506793,0.0843465045592704,0.1509821836455003,-0.04790419161676651,0.08363636363636373,0.1161290322580646,0.049340218014916726,0.0990099009900991,0.08469055374592838,-0.05891980360065462,0.015706806282722585,0.10759493670886068
58,2008-06-30,0.0009396852323568793,-0.0112539408934883,-0.03585513749670444,0.10072240099822682,0.14832555220004462,0.11265700725082327,0.38972345041606027,0.38972345041606027,0.3793103448275863,0.3928571428571428,-0.2589230716583396,-0.14424570281825322,-0.099104968965399,-12.862014274385409,-0.9223085460599334,0.1433076384022427,0.016868426275054468,-0.06738544474393526,0.13758389261744974,0.054913294797687806,0.15855658829961738,0.09009009009009006,0.14714714714714705,-0.0956521739130436,0.02577319587628879,-0.10169491525423724
59,2008-09-30,-0.030101918739229405,-0.05894298047170676,-0.07856385501827623,-0.1326376583316926,0.1328828987343258,0.019537744835722348,0.1916054066872184,0.1916054066872184,0.2,0.20512820512820507,0.6873924939103933,-0.776504414853484,1.5506642305203455,-1.0795560903864152,0.9444444444444444,0.08611707018081494,-0.030444964871194306,0.052023121387283267,0.12979351032448386,-0.045662100456621,0.13025011798017916,0.08264462809917372,0.167975567190227,0.0211538461538463,0.035175879396984966,0.08495956873315369
60,2008-12-31,-0.0057533105928437855,-0.0970102150794898,-0.04276670901044266,-0.06475163254824268,0.09549448433102704,-0.1170644518352445,-0.11648424543946935,-0.11648424543946935,-0.10416666666666664,-0.1063829787234042,0.0636326941101617,6.755474452554744,-0.4736115567428013,-1.0647058823529412,-0.031428571428571465,-0.22968397291196385,-0.10728663446054754,0.004578754578754562,0.0966057441253263,-0.3177033492822966,-0.2739039665970772,0.07633587786259532,0.10197982816585728,0.013182674199623271,-0.009708737864077666,-0.03448275862068961
61,2009-03-31,-0.006733379687117513,-0.05953008804225224,-0.027095746582286855,-0.19791952692896086,0.04193674611681053,-0.1783977258131798,-0.422666866881898,-0.422666866881898,-0.4418604651162791,-0.4285714285714286,-0.528378830370237,-0.3721764705882353,-0.7341555035792756,-16.623376623376622,0.506953223767383,-0.1765567765567766,-0.11612175873731675,-0.01823154056517773,0.04047619047619056,-0.2496493688639552,-0.17136285221391612,0.07801418439716312,0.04881355932203402,0.013011152416356751,-0.029411764705882363,0.1724989707698641
62,2009-06-30,0.022178909910703933,0.03632451112971435,0.011027645525333307,0.06984677175318432,0.047066742138912376,0.06495119909799607,-0.21812211457181874,-0.21812211457181874,-0.2083333333333333,-0.2083333333333333,0.05447205477210115,0.6909959711421343,-1.6888130532153138,-1.0049875311720695,-0.0016778523489933141,0.2557829181494662,-0.19719387755102047,-0.13091922005571033,0.04118993135011429,0.20747663551401874,0.2886884108258154,0.07236842105263143,0.024563671622495058,-0.08256880733944949,-0.05555555555555547,-0.03133778089887651
63,2009-09-30,0.020434557682359026,0.040566081701766336,0.005382123534770411,-0.2327847775777835,0.05287287811081898,0.08309473826424041,0.6617322965611876,0.6617322965611876,0.631578947368421,0.631578947368421,0.2613430596513011,-0.2767065602836879,-3.4083449450379315,-191.16666666666663,0.3196078431372549,0.056323060573857615,-0.1693676517318079,-0.1282051282051282,0.05054945054945058,0.01393188854489158,0.2164781906300484,0.06748466257668717,0.03154574132492116,-0.07600000000000008,-0.053475935828877,0.35632079746261897
64,2009-12-31,-0.0006355972111221629,-0.023480848565073043,-0.029893453589573626,0.0025508969102494557,0.059571729964749576,0.051818952706390135,0.04258939519055116,0.04258939519055116,0.09677419354838723,0.0,0.11526629888640505,-0.4626015014554926,1.267847385169233,1.744960560911481,0.6648270006368076,0.08182427900737754,-0.12280030604437653,-0.08578431372549022,0.05857740585774041,0.03053435114503822,0.2310756972111554,0.06321839080459779,0.06024464831804278,-0.07792207792207795,-0.011299435028248594,-0.025990512460746903
65,2010-03-31,0.017350830463877198,0.06993744665129364,0.002932251552065335,0.8030258006522595,0.04451637252602692,-0.03680927028016323,-0.10039601584063362,-0.10039601584063362,-0.1470588235294119,-0.06451612903225812,-0.2030837692965438,0.3610730984148707,-0.4473814754446885,-1.0178799489144317,-0.007140124952186633,0.029138251704897918,-0.0017444395987789019,0.033512064343163665,0.04347826086956541,-0.02814814814814825,0.13700107874865175,0.06486486486486487,0.026824343813095064,0.011737089201877993,0.02285714285714291,-0.4065715461654548
66,2010-06-30,0.006250486334207217,0.008711328298957266,0.09309742252703801,0.08743178404926177,-0.15086057560054422,0.1161431701972242,0.3903473667360333,0.3903473667360333,0.4137931034482758,0.3793103448275863,0.40934525526391696,0.17835822458683315,0.6920235957937932,0.3035714285714286,-0.00937459869012458,0.07168674698795162,0.19921363040629106,0.18417639429312585,-0.12310606060606065,0.02743902439024404,0.023086654016445385,0.06091370558375631,-0.15617977528089902,0.13457076566125292,0.039106145251396766,-0.0723615766963357
67,2010-09-30,0.028968810710064075,0.14801296594903812,0.023813390962506453,-0.004984398888314257,0.040974750419834116,0.045873038770609435,0.0010745879147238122,0.0010745879147238122,0.024390243902439046,0.024999999999999908,-0.006123367852318817,-0.2638651877133106,-0.7097404959679865,-834.5068493150685,7.887736582836402,-0.03962900505902178,0.07686703096539138,0.05695509309967139,0.04103671706263512,0.09495548961424327,-0.1938176197836168,0.05741626794258381,0.011651131824234271,0.02658486707566476,0.032258064516129004,0.15364485981308418
68,2010-12-31,0.0028890460115469363,-0.04857433703844617,0.01989495802948249,-0.029068040577590937,-0.03606142065545426,0.03446974921502921,0.10895359313001984,0.10895359313001984,0.1428571428571428,0.12195121951219524,-0.1941074237894026,0.9464647928136772,3.0807875084860825,-2.0010354008480427,-0.8884043173862309,0.09891717881182303,0.12043301759133973,0.07357512953367862,-0.020746887966805128,0.05555555555555558,0.02108895705521485,0.05429864253393668,-0.03882856202698248,0.047808764940239,0.02604166666666674,-0.020090732339598127
69,2011-03-31,0.0401252000856418,0.027930702806687524,0.0665882205526418,-0.16662842754863727,-0.024004355861303558,-0.018854680141017988,-0.13409849100305948,-0.13409849100305948,-0.14583333333333334,-0.13043478260869568,0.3959689700636748,0.3938987929088045,-0.6610956835545091,-0.962928302878064,-0.29512482028493003,0.1379494007989348,0.11533816425120767,0.042471042471042386,-0.014830508474576119,0.1617458279845958,0.028539241457003376,0.05579399141630903,-0.06162273194111612,0.020912547528517008,0.020304568527918617,0.2334656084656084
70,2011-06-30,0.03944819866181271,0.06851610814038822,0.027962887193759167,0.04978387065652967,0.06986478706018251,0.14895881212654127,0.3114282862561133,0.3114282862561133,0.3414634146341464,0.325,0.2526449118850809,-0.12316879972943627,1.5229392440433491,-3.5491585473870684,1.0673094752456889,0.06716592557921852,0.051705468327016835,0.035185185185185215,0.07096774193548394,0.0839779005524861,-0.0029207740051113698,0.05284552845528445,0.0291864283108354,0.011173184357542,0.024875621890547484,0.01787310098302064
71,2011-09-30,0.019706619151373055,-0.0605351558887024,0.09359667709235064,0.09208219951853036,-0.16831261208111126,0.018624087384931043,0.04496468582562097,0.04496468582562097,0.05454545454545445,0.07547169811320731,0.05521070781460047,0.14738273835503812,0.06112399910199806,-1.5910354412786658,-0.3051394743923221,-0.08399122807017545,0.1194337194337194,0.046511627906976834,-0.14457831325301218,-0.14475025484199802,-0.15012815818381542,0.05019305019305032,-0.1843317972350232,0.02762430939226524,0.01941747572815533,-0.13977172958735729
72,2011-12-31,0.04840159507568465,0.0757284400594902,0.020878965781294667,-0.09995587163777796,0.14048963991391214,0.028744012909064587,0.05702840495265836,0.05702840495265836,0.06896551724137945,0.07017543859649122,-0.1830825984845128,0.07584992790098988,-0.6027165404307536,-0.324808935920047,-0.29650187169226794,-0.024898252334211283,0.06346286502644283,0.023076923076922995,0.13849765258215951,0.1394517282479142,-0.10469625161568286,0.04779411764705888,0.08778791829639299,0.017921146953405076,0.004761904761904745,0.1952439273321087
73,2012-03-31,0.02449134048299939,0.043899038442814835,-0.004249350948853037,0.2392278485342576,0.11056959560773373,-0.03237928621994346,-0.06726383242610079,-0.06726383242610079,-0.06451612903225812,-0.06557377049180335,-0.008211115857420848,-0.3112085056696241,1.2097844995917209,-1.1144971702220288,0.04825688073394496,0.2182666339307635,0.03524324324324324,0.03425229741019198,0.10927835051546396,0.07008368200836812,0.13185755534167454,0.04912280701754401,0.08389932081502183,0.02992957746478875,0.0047393364928911535,-0.15762957902826402
74,2012-06-30,0.01825937141336853,0.008093850613520859,-0.02396538746494969,-0.03507231975267744,0.13164767030093796,0.07651283705084899,0.1886265587140239,0.1886265587140239,0.18965517241379315,0.17543859649122814,-0.2185312294902647,0.03968197120550099,-0.5655254406117958,-0.33840304182509506,0.030456852791878264,0.13925836356307952,0.003550543024227082,0.025040387722132573,0.12825278810408935,0.027370478983382185,0.05399659863945572,0.04682274247491637,0.11168448212311087,0.030769230769230663,-0.009433962264150941,0.04470349721236677
75,2012-09-30,0.030891109536477,0.04224823055928195,0.003116822427077892,0.04636881842852536,0.0952188012163646,0.03239664417231691,-0.02747013710208701,-0.02747013710208701,-0.043478260869565084,-0.029850746268656688,0.37139457775989215,0.2464232403260995,0.7911104537218503,-2.3103448275862077,-0.03872940377102085,-0.02034318061206441,-0.07575442247658681,0.00315208825847102,0.08896210873146626,-0.13225499524262607,-0.07704719645018154,0.04472843450479247,0.062334217506631484,0.006633499170812574,0.0,-0.003881234232485986
76,2012-12-31,0.010785607597293634,-0.015490264657163631,0.009431241069014716,-0.08368341914612476,0.013658648984242072,0.032678084136960266,0.07332472744469021,0.07332472744469021,0.07575757575757569,0.07692307692307687,-0.16620949221740244,-0.16917393667492694,-0.16204554369593493,-0.6929824561403508,-0.012369676621311164,0.012459371614301109,-0.0416572843954065,0.0164964650432049,0.01966717095310133,-0.07017543859649111,-0.019667832167832192,0.08868501529051986,0.002808988764044784,0.01153212520593083,0.004761904761904745,0.07442041691018897
77,2013-03-31,0.04928831420072943,0.10940035922183022,0.022457213466676063,0.4464575543002625,0.105968226706741,-0.03478644920994578,-0.12656886327371453,-0.12656886327371453,-0.12676056338028166,-0.12857142857142856,0.5818752151792204,0.2759045095191104,1.2551246673893761,-3.2571428571428567,0.028269815709429214,0.21080791867308712,-0.06062030075187962,-0.008500772797526923,0.10534124629080124,0.1875,0.16852429781542574,0.0,0.05384375972611277,-0.00651465798045614,-0.004739336492890933,-0.2330009066183137
78,2013-06-30,0.02714376252600914,0.059109424933111,0.02556791107301626,-0.03866087475471691,0.030221336146851074,0.07066577783765249,0.1956127554567888,0.1956127554567888,0.20967741935483875,0.19672131147540986,-0.5801295227777268,-0.16031111497349435,-1.109110574559439,0.11392405063291132,0.030624673742822406,0.06922963617616729,-0.034767383691845836,-0.00623538581449723,0.034899328859060434,-0.03277060575968227,0.053033193437619135,0.042134831460674205,0.003248670998228009,-0.0016393442622950616,-0.004761904761904856,0.10165484633569744
79,2013-09-30,0.0211262515453734,-0.005417749960863305,-0.012610620856439048,-0.012541731868986994,0.08671538250951237,0.038320637404563485,0.02024014504487037,0.02024014504487037,0.013333333333333421,0.027397260273972712,0.3553080219324518,0.2622874470881673,-0.564033243216181,-0.7443181818181819,0.007597501266250139,0.030858244937319142,-0.02332210417206537,0.007058823529411563,0.07911802853437089,-0.0030800821355235763,0.007971014492753614,0.04043126684636112,0.06417427141595522,0.008210180623973828,0.0,0.0071888412017167
80,2013-12-31,0.039436904271219035,0.049644153375141935,0.04330072859776535,0.03180760728802423,0.032611677785404414,0.026761848382491186,0.02673462088698142,0.02673462088698142,0.039473684210526334,0.040000000000000036,0.38642834680469496,-0.10727579817326137,-13.489205328433625,-4.044444444444443,-0.022955764075067053,-0.002672724842977425,-0.03634916423454493,-0.010124610591900285,0.03846153846153855,-0.07621009268795054,-0.038461538461538436,0.03886010362694292,-0.006639004149377682,-0.0016286644951140072,-0.009569377990430672,0.017257909875359582
81,2014-03-31,0.10510058154134704,0.2379657249379965,0.13317896656911746,-0.0694823500342554,0.0549882858644164,-0.04569564993257702,-0.25254724375163284,-0.25254724375163284,-0.25316455696202544,-0.2564102564102565,-0.024999540224248,0.4530592751786338,-3.1616830335797563,-865.094890510949,20.302006516892472,-0.00026798874447264703,-0.06167400881057272,-0.05979543666404408,0.05439814814814792,-0.03678929765886285,-0.028037383177570097,0.04987531172069826,-0.04539125591757165,-0.03425774877650889,-0.024154589371980558,0.3305058121269242
82,2014-06-30,-0.007820330741641235,-0.12213146681740672,-0.01824477436999417,-0.22355025014936547,0.012163370392042072,0.10019063080172974,0.3603635092624957,0.3603635092624957,0.3559322033898307,0.3620689655172416,-0.10744757772957336,0.2301911359441761,-1.5586398747745602,-1.9996705552411282,-0.9527420861108428,0.002010454362685987,-0.02699530516431925,-0.020920502092050097,0.01866081229418226,-0.04976851851851849,0.012307692307692351,0.04750593824228022,0.02012835472578777,-0.010135135135135198,-0.00990099009900991,0.13057851239669427
83,2014-09-30,0.021854142466145143,-0.002092732253373475,-0.005543113714667203,0.5356389200868967,0.07279693132195675,0.03442737651232308,0.09641572456320667,0.09641572456320667,0.08749999999999991,0.10126582278481,0.3057848910930148,-0.3507663219117201,-0.1013142065268704,-0.9999070490611957,-0.0018739352640545488,0.013376136971642529,-0.005428226779252143,0.0,0.0668103448275863,-0.006090133982947664,-0.0075987841945288626,0.04535147392290262,0.05004289390906491,0.008532423208191142,-0.010000000000000007,-0.3501810080757448
84,2014-12-31,0.07540524951898098,0.19310864631993896,0.09679110439252893,-0.02432265542356493,0.03854394521903859,0.005217480370432348,0.07705977698361544,0.07705977698361544,0.08045977011494254,0.057471264367816126,-0.13460003021082845,0.4282650501341394,-1.3416985799979666,-10.272727272727273,0.017409114183307706,0.03313093980992598,0.006973923590054554,0.0042735042735042575,0.04444444444444429,-0.03063725490196078,-0.007656967840734995,0.04338394793926237,-0.03431372549019607,0.028764805414551512,-0.025252525252525304,0.2228412256267409
85,2015-03-31,0.009384428031180558,-0.08705304898140043,-0.018688822463255872,-0.011333601359150292,0.06048618415754613,-0.105205932240247,-0.16657298787010674,-0.16657298787010674,-0.15957446808510636,-0.15217391304347827,0.5930218060767762,-0.10601350864653114,-5.686982395239277,-4.088235294117647,-0.05284348263714145,0.07295259997444759,0.01505570611261664,0.03659574468085114,0.059961315280464327,0.0265486725663715,0.0254629629629628,0.043659043659043606,0.050479413423575765,0.05592105263157876,-0.015544041450777256,-0.07657263010338178
86,2015-06-30,0.01643425176516633,-0.021010264936926933,-0.002543203553420525,0.018724150008329717,0.048399849692339014,0.069280923217931,0.12495105077666092,0.12495105077666092,0.12658227848101267,0.1282051282051282,-0.2252028034420821,-0.02073210035700124,-0.5761852866801392,-0.8063492063492064,-0.01062699256110522,0.045248868778280604,-0.02788490062296056,-0.00492610837438423,0.05109489051094873,-0.013546798029556606,-0.017306245297215802,0.04183266932270935,0.031409395973154286,0.02647975077881637,-0.03157894736842093,-0.03899430740037968
87,2015-09-30,0.00973044314057403,-0.023465924259181592,0.05774633121247641,-0.2994533900760361,-0.06721749097412266,0.030219674964950368,0.11332540442278495,0.11332540442278495,0.1235955056179776,0.125,0.2294463468589958,-0.16827321691909447,1.7974585580187736,-0.2786885245901639,-0.007876834944504084,-0.10435178856231486,0.013121757705218284,0.004125412541254203,-0.05381944444444442,-0.14856429463171028,-0.12748851454823895,0.0401529636711282,-0.07600208224882876,0.033383915022761716,-0.027173913043478267,0.3940171783986575
88,2015-12-31,0.033331685261463795,0.11871835828220535,0.029134694550008614,-0.021378628356321545,0.04095863949913015,0.02175930069700871,0.01394835807154826,0.01394835807154826,0.010000000000000007,0.02020202020202011,-0.2755491469581757,-0.04288040665997017,-0.548909017892999,-1.5454545454545454,0.004330566582461115,-0.04973289239379308,-0.003614457831325413,-0.0016433853738702098,0.05779816513761449,0.004398826979472137,-0.08161474330846863,0.03860294117647056,0.007323943661971866,0.013215859030837107,-0.016759776536312887,0.1431303116147311
89,2016-03-31,0.002857365201851092,-0.05170899045460209,0.010556819470810773,0.09071273081062392,-0.010975489713554444,-0.05694148419354539,-0.14259283052807406,-0.14259283052807406,-0.1188118811881188,-0.12871287128712872,0.7289450404881257,-0.08997670480294484,2.7590757117138507,16.75,0.07653611210923472,0.007361798955963117,0.017533252720677298,0.003292181069958877,-0.0095403295750216,-0.046715328467153205,-0.017677974199713398,0.038938053097345104,-0.013982102908277285,0.005797101449275255,0.0,-0.13059909547116044
90,2016-06-30,0.013821382094337142,0.014820904862994366,-0.01818772507516276,-0.048213061851444916,0.07258102139835776,0.056461910418705415,0.049081899738256496,0.049081899738256496,0.04494382022471921,0.045454545454545414,-0.4449189231738036,0.2537567709243405,-0.8923635598126415,11.406103286384974,0.8820093457943925,0.09712994950837084,-0.0041592394533571655,-0.011484823625922843,0.07180385288966717,0.10719754977029106,0.06809338521400797,0.03747870528109032,0.05813953488372081,-0.008645533141210415,-0.005681818181818232,0.06627235801325447
91,2016-09-30,0.008825206282097264,0.018612879198266485,0.011636199226985777,0.0870772693390458,0.0041017090454356095,0.04683082501458191,0.042033691708487586,0.042033691708487586,0.043010752688172005,0.05434782608695653,0.2397927228465748,-0.2975436395944392,4.613876393506748,-2.096688741721854,-0.5139664804469274,-0.006176577449436782,-0.038186157517899666,-0.026556016597510286,0.008986928104575131,-0.07330567081604432,-0.016848816029143898,0.036124794745484363,-0.004824443848833959,-0.02906976744186052,0.005714285714285783,-0.06302212123237327
92,2016-12-31,0.02653998907236854,0.12260194372988642,0.029858702526449843,-0.04612004759963051,0.020921489903493073,0.01798292855034633,0.0743066026959105,0.0743066026959105,0.08247422680412386,0.07216494845360821,-0.18894316692481827,0.2560462670872765,-0.6283847929277533,-1.1545893719806763,0.16347381864623234,0.08810626370948094,-0.018920595533498785,-0.011082693947144008,0.02834008097165985,0.07910447761194027,0.094025011579435,0.03486529318542009,-0.005386479935362232,-0.013473053892215536,0.0,0.1768901569186876
93,2017-03-31,-0.015302476790211903,-0.05534635886731365,-0.0069674983964318465,0.023364518594255482,-0.029536915309877013,-0.05339958699919002,-0.1263568001633264,-0.1263568001633264,-0.11428571428571432,-0.11538461538461542,0.6784169702667764,-0.2538600661838458,3.342348887899313,5.566964285714287,0.9226909204955308,0.0636129465785642,-0.009800822004426337,-0.002586206896551757,-0.017322834645669194,0.03457814661134173,0.05546147332768836,0.03522205206738116,-0.014351475764960762,-0.009104704097116945,0.005681818181818121,-0.07690909090909093
94,2017-06-30,0.0021183456905709,0.0168020946088896,-0.011442387122143738,0.03677081113337022,0.02581589659358708,0.06000461588133255,-0.04705847987380962,-0.04705847987380962,-0.043010752688172116,-0.0434782608695653,-0.4474938119895109,-0.2158477464699282,-0.5211496424234247,-1.8475526852481303,-0.4067368077644564,-0.06581025587027478,-0.02139208173690932,-0.021607605877268843,0.030448717948717837,-0.049465240641711206,-0.07581227436823113,0.034023668639053366,0.023626373626373542,-0.03215926493108712,0.011299435028248705,-0.019237082266430283
95,2017-09-30,0.07292565971360232,0.10815202493309296,0.08912788458577592,0.121137919920012,0.045640435853411265,0.0674144355686297,0.02570783394128884,0.02570783394128884,0.033707865168539415,0.03409090909090917,0.1729124158819877,2.8815501741313683,-2.1596614028562087,-1.0868257469420493,0.059527082760516985,0.12962128043282228,-0.03588907014681897,-0.041519434628975234,0.04276827371695191,0.09563994374120943,0.14149305555555558,0.03290414878397696,-0.025496511003757383,-0.04272151898734189,0.0,-0.011581202302851869
96,2017-12-31,0.10148836078040956,0.32996221901447553,0.017068862213990732,0.35216316712015305,0.2495669069342445,0.07965295491755707,2.8382925735916715,2.8382925735916715,2.8152173913043472,2.824175824175824,0.2242115158129032,-0.3212625150841758,-1.2383849772559388,14.946882217090067,0.8959387569741792,0.08311714228696876,0.5252115059221658,0.5741935483870968,0.6070096942580165,0.03851091142490359,0.10076045627376427,0.03185595567867039,0.13439823740016532,0.578512396694215,0.0,-0.016457839485269243
97,2018-03-31,-0.009784677524645846,-0.07668772147889635,-0.05614190883251635,0.1851419546040327,0.05640003805743965,-0.021061612603201496,-0.6933821601995291,-0.6933821601995291,-0.6923076923076923,-0.6925287356321839,0.15451624860990987,-0.0811024065828777,2.661583625540243,-2.0905141202027515,-0.5153298658636737,0.09580838323353302,-0.06523186154870197,-0.01697892271662771,-0.17865429234338748,-0.3176761433868974,-0.3360967184801382,0.032214765100671235,0.06676377761592622,-0.020942408376963373,0.005586592178770999,-0.2209062112656659
98,2018-06-30,0.03790117596186216,0.05772921143241772,0.0311817909669756,0.060430236261986174,0.04647250243558743,0.09792505562698728,0.2836417192869598,0.2836417192869598,0.2870370370370368,0.28037383177570097,0.022158261281716163,-0.018199660986707108,-0.07324840764331209,-2.0768924302788845,1.1450155323354982,0.009667927700714564,-0.015665796344647487,0.026801667659321016,0.05084745762711873,0.23007246376811602,-0.014568158168574262,0.03120936280884257,0.008420573509330788,0.02032085561497321,0.005555555555555536,-0.0025631960403039718
99,2018-09-30,0.02885617519054895,0.02681691666265107,0.03333958036387452,0.04671667801718882,0.023220656233371214,0.0330678387883836,-0.13545485717300132,-0.13545485717300132,-0.13669064748201432,-0.13138686131386867,-0.07047099078211773,0.31094388914129945,-0.6954917934299378,-1.937723517079788,-0.5005595418339807,0.024646128226478048,-0.03954666023631548,0.002320185614849146,0.02473118279569886,-0.025036818851251863,-0.04857444561774027,0.03026481715006302,-0.0056420672534416285,-0.00524109014675056,0.005524861878453136,-0.0189632255206027
100,2018-12-31,0.07835700539067636,0.11955393070447128,0.13220662808920405,0.1151913974238452,0.010000105739847331,0.04891119397581645,-0.3236137594386393,-0.3236137594386393,-0.325,-0.32773109243697474,0.248091080983224,0.3018961924524868,-0.6169751016059661,-1.0017096265123622,0.0017134572294714714,-0.14456362749878116,-0.3974391162440372,-0.39814814814814825,0.2712486883525709,-0.16616314199395776,-0.17813540510543835,0.029375764993880168,-0.06332274171584196,-0.4014752370916754,0.005494505494505475,0.0038840213169542
101,2019-03-31,0.0462787384907084,-0.043128955056650715,0.04456296987923802,-0.2618475422006762,0.04872027197313766,-0.09846011936965504,0.3486654413008423,0.3486654413008423,0.3580246913580247,0.3625,-0.19177857000109588,0.03389480829767266,-11.788709178943028,3442.3076923076924,5.889868421052633,-0.0260283081599696,-0.02791666666666659,-0.04230769230769227,-0.16343375980189856,-0.2336956521739129,0.5624577987846049,0.030915576694411362,0.0024230676035861265,-0.01232394366197198,-0.02732240437158473,0.2962929638294045
102,2019-06-30,0.017543092331136156,-0.03740546073139338,0.051821375769244726,0.06339463795744305,-0.031041436378850037,0.08232091181823352,0.11732343375055394,0.11732343375055394,0.1272727272727272,0.12844036697247696,0.4194726829676838,-0.15284322055718624,-2.31956725168535,-2.0161964122154457,-0.8687050016232836,-0.0687603628206378,-0.048435490784397794,-0.07630522088353409,-0.013320177602368031,0.11347517730496448,-0.07260155574762317,0.02998846597462501,-0.047860768672951526,-0.049910873440285115,-0.02808988764044951,-0.09481502047615742
