Unnamed: 0,Quarter end,Assets,Liabilities,Shareholders equity,Revenue,Earnings,Earnings available for common stockholders,EPS basic,EPS diluted,Cash from operating activities,Cash from investing activities,Cash from financing activities,Cash change during period,Cash at end of period,Price,ROE,ROA,Book value of equity per share,P/B ratio,P/E ratio,Cumulative dividends per share,Equity to assets ratio,Net margin,Asset turnover
0,1993-12-31,1.2762644744516924,1.280430398953636,1.2252399457270875,0.014672481859192562,0.06292268389595335,0.0641526214711905,0.04705882352941182,0.06000000000000005,0.4722039161729392,0.06501255072792023,0.05868670216552641,4.6694433500309565,1.057753999033181,0.018433179723502446,-0.01328168234643057,-0.040000000000000036,1.1943127962085307,-0.5340599455040872,0.07279693486590033,inf,-0.0225165562913906,0.02433817250213499,-0.16666666666666666
1,1994-03-31,1.2762644744516924,1.280430398953636,1.2252399457270875,0.014672481859192562,0.06292268389595335,0.0641526214711905,0.04705882352941182,0.06000000000000005,0.4722039161729392,0.06501255072792023,0.05868670216552641,4.6694433500309565,1.057753999033181,0.018433179723502446,-0.01328168234643057,-0.040000000000000036,1.1943127962085307,-0.5340599455040872,0.07279693486590033,inf,-0.0225165562913906,0.02433817250213499,-0.16666666666666666
2,1994-06-30,0.03059352491098988,0.031934803895982355,0.013757998458229448,0.014672481859192562,0.06292268389595335,0.0641526214711905,0.04705882352941182,0.06000000000000005,0.4722039161729392,0.06501255072792023,0.05868670216552641,4.6694433500309565,0.10675198243285576,0.0219780219780219,-0.01328168234643057,-0.040000000000000036,0.017278617710583255,-0.5340599455040872,0.07279693486590033,1.0,-0.016260162601626105,0.02433817250213499,-0.16666666666666666
3,1994-09-30,0.018051305514734217,0.01770882371126481,0.02242716179208548,-0.005385577140213371,0.034103668297522205,0.03473009895988799,0.033707865168539415,0.06000000000000005,-0.5247992715473286,-0.4298378600478919,-0.5896603830607079,-1.4176685297514453,-0.04028630104892361,0.006325110689437086,-0.01328168234643057,-0.040000000000000036,0.03397027600849256,-0.011695906432748536,0.07279693486590033,0.5,0.004132231404958775,0.02433817250213499,-0.16666666666666666
4,1994-12-31,0.03562550532749875,0.03848425004438672,-0.0007318332134879091,-0.035894101933091616,-0.15509663015418962,-0.15784988993822335,-0.14130434782608692,0.06000000000000005,-1.5894546264960034,-0.2533058352541551,1.920212481932592,-4.998415389734895,0.16784314560223934,-0.14330609679446882,-0.01328168234643057,-0.040000000000000036,-0.007186858316221789,-0.17159763313609466,0.07279693486590033,0.3333333333333335,-0.03566529492455428,0.02433817250213499,-0.16666666666666666
5,1995-03-31,0.013636030747220085,0.01275066685556725,0.02533793059413214,-0.0639669062615954,0.08227188274153585,0.08400611298482286,0.08860759493670889,0.06000000000000005,-3.4272439545362414,-1.954418807667592,-2.020212083113176,-1.4124354015408516,-0.059275473262842326,-0.009537784299339713,-0.01328168234643057,-0.040000000000000036,0.04860392967942096,0.0,0.07279693486590033,0.28125,0.012802275960170695,0.02433817250213499,-0.16666666666666666
6,1995-06-30,-0.0033640006164619147,-0.0013469395036840304,-0.02969632168060643,0.09127972764336413,-0.05120147257285368,-0.05219712106406872,-0.03488372093023262,0.06000000000000005,-1.74704042240222,-0.16086110348892746,-0.8136075914162708,-0.4895694202884625,-0.032162459168753044,0.07703703703703701,-0.03140773976444189,-0.040000000000000036,0.012820512820512777,0.021428571428571352,0.07279693486590033,0.2195121951219512,-0.026685393258427004,-0.02209253855773241,0.0
7,1995-09-30,0.007199917274727462,0.0012239288592446054,0.0874946009540829,0.013327860187361429,0.05368810438069205,0.054789602182967016,0.08433734939759052,0.06000000000000005,-3.333443680137575,-2.090457951706911,-0.2775722006697835,-2.3868505271084337,0.0460867878848541,0.12654745529573594,-0.043427909669947806,-0.040000000000000036,0.04576436222005853,0.1118881118881121,0.14761904761904754,0.17999999999999994,0.07936507936507953,-0.023870417732310245,0.0
8,1995-12-31,-0.023952061712961492,-0.026986770769230173,0.01358827955561459,0.07063163607427403,-0.014104728923995726,-0.014379078610816663,-0.044444444444444516,0.06000000000000005,0.08181255400647425,-2.3842888121926635,8.509686658068544,-0.32474769069967896,0.0297491664247147,0.07631257631257626,0.001210653753026536,0.01666666666666661,-0.002793296089385389,0.03144654088050314,0.0819502074688796,0.15254237288135594,0.0066844919786095405,-0.010480349344978213,0.0
9,1996-03-31,-0.01940183089610803,-0.0205698633360899,-0.005531295487627319,-0.04839206247026229,0.006342862948681249,0.006468037239317326,0.023255813953488413,0.06000000000000005,-0.23275203584691484,-0.9117445888401032,-0.2963123485116861,-5.713994230633928,-0.13613371198262392,0.028360748723766264,-0.017533252720677073,0.008196721311475308,0.03174603174603163,0.030487804878048808,0.007670182166826578,0.13970588235294112,0.04648074369189903,-0.030008826125330963,0.2
10,1996-06-30,-0.004427227448810189,-0.0026698705112802035,-0.024980483996877467,0.030501089324618706,0.04326923076923084,0.0441176470588236,0.045454545454545414,0.06000000000000005,-0.7869034406215316,-8.022727272727273,-1.3511659807956105,-1.1833688699360343,0.028907563025210026,0.061776061776061875,0.0061538461538461755,0.03252032520325199,-0.019004524886877868,0.029585798816567976,0.056137012369172234,0.1225806451612903,-0.021573604060913576,0.006824385805277443,0.0
11,1996-09-30,0.009140880736211443,0.010239593093294141,-0.004003202562049668,0.02748414376321362,-0.04608294930875578,-0.028169014084507005,-0.0217391304347826,0.06000000000000005,0.14583333333333326,-0.4093851132686084,-0.62109375,-0.4302325581395349,0.01600784057497551,0.04727272727272736,0.006727828746177389,0.007874015748031482,0.01845018450184499,0.06896551724137945,0.02072072072072073,0.1091954022988506,-0.012970168612192023,-0.017171260732037896,0.0
12,1996-12-31,0.03465634371748584,0.030804902285525005,-0.019091639871382626,-0.004115226337448541,-0.2705314009661836,-0.2705314009661836,-0.25555555555555554,0.06000000000000005,0.5636363636363637,4.465753424657534,9.231958762886595,5.816326530612245,0.1073954983922829,0.2142857142857142,-0.05710814094775207,-0.0703125,-0.000905797101449224,0.19354838709677424,0.21359223300970864,0.0984455958549224,-0.05124835742444156,-0.06344827586206903,0.0
13,1997-03-31,0.004022419070998762,0.007696015424164537,-0.04240934234787952,-0.02066115702479343,0.4039735099337749,0.4039735099337749,0.4328358208955223,0.06000000000000005,-0.10755813953488368,-0.7192982456140351,-0.9743073047858942,-1.6047904191616766,-0.05865272938443665,0.07271241830065356,0.03350515463917514,0.0,-0.03173164097914771,0.07207207207207203,0.13309090909090915,0.09905660377358494,-0.047091412742382266,0.002454590083456054,0.0
14,1997-06-30,0.02620299589059249,0.02214639901784144,0.029952931108258474,0.03797468354430378,0.05188679245283012,0.05188679245283012,0.0625,0.06000000000000005,-2.006514657980456,1.7982142857142858,29.294117647058826,0.6386138613861385,-0.10209747069710053,0.012185833968012094,0.02244389027431426,-0.01680672268907568,0.037453183520599335,0.046218487394958034,-0.010911424903722766,0.09012875536480693,0.004360465116278967,0.002938295788442735,0.0
15,1997-09-30,0.03451888850614315,0.03342796530854186,0.05442459493144991,0.11483739837398366,0.05829596412556048,0.05829596412556048,0.058823529411764726,0.06000000000000005,-1.3074433656957931,0.19527760051052967,0.16957928802588995,-1.0876132930513596,0.009962212298179285,0.13506395786305506,0.03109756097560968,0.01709401709401703,0.042418772563177054,0.09236947791164662,0.10902011680726796,0.08267716535433077,0.01881331403762676,0.00439453125,0.0
16,1997-12-31,0.022503711308739183,0.02289776758086681,0.020685579196217496,-0.02370100273473108,0.05084745762711873,0.05084745762711873,-0.4814814814814815,0.0,0.6000000000000001,-0.194874532835024,0.14388489208633093,23.517241379310345,0.24183673469387745,0.0788863109048723,0.101123595505618,0.09243697478991586,0.022510822510822592,0.03676470588235281,0.03218256290228205,0.07636363636363641,-0.0014204545454545858,0.08945065629557614,0.0
17,1998-03-31,-0.006797921274372731,-0.009709597450123895,0.03030303030303028,-0.04761904761904767,-0.05241935483870963,-0.05241935483870963,-0.0535714285714286,-0.5,2.8421052631578947,-0.9011936339522546,-1.3865505563618772,-1.5119549929676512,-0.09969871268145714,0.08786482334869428,-0.008592910848550073,0.007692307692307888,0.02709568162574083,0.06382978723404252,-0.03004535147392296,0.07770270270270263,0.0369843527738265,0.007585899152164233,0.0
18,1998-06-30,0.03524686466843363,0.0319773506183878,0.035031847133758065,0.03921568627450989,0.059574468085106476,0.059574468085106476,0.07547169811320731,0.05660377358490565,-1.5496575342465753,16.778523489932887,-4.420525657071339,-0.3489010989010989,-0.07210222087009432,0.12002259248799785,-0.007042253521126751,0.0,0.03544929925803797,0.09000000000000008,0.09351256575102296,0.07523510971786851,0.0,0.0093002657218777,0.0
19,1998-09-30,0.02524479400353674,0.027217858380501392,0.005067873303167493,0.030188679245283005,0.012048192771084263,0.012048192771084263,0.0,0.017857142857142568,-3.2647975077881624,-0.1328803322008305,-0.5353091840468349,0.2658227848101267,-0.09836065573770493,-0.18986384266263226,-0.006001091107474044,0.0,-0.02866242038216572,-0.21712538226299694,-0.21218599679315875,0.06705539358600587,-0.01920438957476012,0.0175515577007459,0.0
20,1998-12-31,0.02997773229846445,0.0241070550034439,0.1105708625967945,0.05494505494505497,0.03174603174603185,0.03174603174603185,0.017543859649122858,0.0,0.11829436038514453,-0.4000870700914237,-0.12519685039370074,-2.8200000000000003,0.19854545454545452,-0.1061313414254592,-0.03183315038419321,-0.007633587786259666,0.12786885245901636,-0.08203125,-0.12211668928086836,0.06284153005464478,0.07832167832167848,-0.006899525657610983,0.0
21,1999-03-31,-0.00034991252186955535,0.01415120237180201,-0.010053510621047534,0.12326388888888885,0.12692307692307692,0.12692307692307692,0.12068965517241392,0.14035087719298267,-0.7355473554735548,-0.9542815674891146,-1.4203420342034203,-1.5769230769230769,-0.0955703883495146,0.11211699164345412,0.023809523809523947,0.030769230769230882,-0.009447674418604612,-0.01276595744680864,0.10664605873261213,0.06683804627249358,-0.01037613488975353,-0.004776378636561107,0.0
22,1999-06-30,0.011213621362136106,0.010380716499519549,0.02129402129402136,-0.05486862442040186,-0.04436860068259385,-0.04436860068259385,-0.030769230769230767,-0.04615384615384621,0.6465116279069767,11.507936507936508,-2.0985010706638114,-1.2507936507936508,0.026501174102650186,0.052911709455228495,-0.0011074197120709561,0.014925373134328181,0.019075568598679427,0.06465517241379337,-0.0006983240223463749,0.06265060240963849,0.010484927916120546,-0.00567190226876091,0.0
23,1999-09-30,0.02086810320315502,0.020440967664157258,0.025982357658380195,-0.02780049059689293,-0.0357142857142857,-0.0357142857142857,-0.04761904761904767,-0.03225806451612912,-0.4858757062146892,0.8895939086294415,1.46588693957115,-1.5316455696202531,-0.013725490196078384,-0.12756467439785912,-0.017738359201773912,0.0,0.029517638588912883,-0.14574898785425114,-0.1495457721872816,0.05895691609977316,0.005188067444876765,-0.003949100482667722,0.0
24,1999-12-31,0.009905906002882105,0.010842740876870538,-0.0012505862122870193,0.15643397813288473,-0.022222222222222254,-0.022222222222222254,-0.01666666666666672,-0.033333333333333326,5.06043956043956,0.8596373404969779,0.15731225296442686,3.8095238095238084,-0.06693174287607684,-0.13496932515337426,-0.005643340857787838,-0.007352941176470562,0.011888111888111784,-0.16113744075829373,-0.14543960558751026,0.055674518201284766,-0.011612903225806435,-0.04008810572687227,0.0
25,2000-03-31,0.0013070327957311893,6.49300054540447e-05,0.016277977774299623,0.07418181818181813,0.3901515151515152,0.3901515151515152,0.4067796610169492,0.4310344827586208,-0.970988213961922,-1.1433730588660167,-1.3333333333333333,-0.7079207920792079,-0.020951704545454586,-0.2549251379038613,0.05107832009080604,0.05925925925925935,0.03178991015894938,-0.25988700564971745,-0.2576923076923078,0.05679513184584172,0.015665796344647376,0.02983019733822845,0.0
26,2000-06-30,0.014550201187967016,0.015595174715300475,0.00215616818111819,-0.22274881516587675,-0.3242506811989101,-0.3242506811989101,-0.3132530120481928,-0.3132530120481928,16.34375,-3.808564231738035,-3.0102459016393444,-8.135593220338983,0.15270221254987315,0.057641459545214165,-0.037796976241900704,-0.034965034965035,0.012056262558606923,0.02290076335877856,-0.015544041450777256,0.053742802303262886,-0.012853470437018007,-0.013368983957219194,0.0
27,2000-09-30,0.009218711269018742,0.009819465043727328,0.0019978484708775834,-0.05139372822299648,-0.5120967741935484,-0.5120967741935484,-0.5087719298245613,-0.5087719298245613,-1.291891891891892,-0.2771300448430494,-0.5096839959225281,-2.156769596199525,-0.15324103209565765,0.1140000000000001,-0.13355780022446684,-0.1376811594202898,0.013236267372600974,0.09701492537313428,0.1368421052631581,0.05100182149362476,-0.006510416666666519,-0.1124661246612466,0.0
28,2000-12-31,0.020701754385964888,0.021106609268169096,0.015797546012269903,0.11111111111111116,1.1983471074380163,1.1983471074380163,1.25,1.1785714285714284,-8.148148148148149,1.2332506203473947,1.37006237006237,-2.02258726899384,0.18506131549609808,0.12208258527827652,-0.007124352331606355,-0.008403361344537895,0.02024820378837356,0.10884353741496587,0.28009259259259256,0.04852686308492205,-0.0052424639580603855,0.03562340966921118,0.0
29,2001-03-31,-0.009315916122378807,-0.011060547819509714,0.011928129246564943,-0.055371900826446274,-0.1842105263157895,-0.1842105263157895,-0.19047619047619047,-0.16393442622950816,-0.96286701208981,-1.2744444444444445,-2.0894736842105264,-2.415662650602409,-0.2210724365004704,0.00439999999999996,-0.15655577299412915,-0.16101694915254228,0.010883482714468595,-0.012269938650306678,-0.008137432188065064,0.04958677685950419,0.02108036890645581,-0.08796068796068801,-0.16666666666666666
30,2001-06-30,-0.007159628485836843,-0.004814745157043498,-0.035064159952253086,-0.027996500437445282,-1.7373271889400916,-1.7373271889400916,-1.7450980392156863,-1.7450980392156863,8.837209302325583,-0.7186234817813766,-0.786634460547504,-1.421276595744681,0.11956521739130445,-0.03345280764635605,-0.4779582366589327,-0.4848484848484849,-0.03673210892970225,-0.0434782608695653,0.1230628988149498,0.04566929133858277,-0.028387096774193488,-0.4746767241379309,0.0
31,2001-09-30,-0.016531140054521276,-0.01923876478814679,0.016700170094325006,0.06030603060306027,-2.55625,-2.55625,-2.552631578947368,-2.526315789473684,-0.6052009456264775,18.02158273381295,9.524528301886793,-0.9259259259259259,0.007910823444803983,0.03708281829419047,0.2859259259259259,0.3137254901960784,0.02103879026955946,0.0714285714285714,1.0032467532467533,0.04518072289156638,0.03452855245683928,0.26358974358974363,0.0
32,2001-12-31,-0.04123479311529399,-0.03932223421201375,-0.06387832699619768,-0.050933786078098515,-1.6987951807228916,-1.6987951807228916,-1.6949152542372878,-1.7068965517241383,5.3532934131736525,-0.4829803328290469,-0.16098960200788814,3.0,0.0313949339992865,-0.1060786650774732,-0.7649769585253456,-0.7611940298507462,-0.06761107533805533,-0.12121212121212124,-0.3091572123176661,0.0417867435158501,-0.024390243902439046,-0.7646103896103896,0.0
33,2002-03-31,0.005201512268650178,0.0023267320112860808,0.04012997562956944,-0.01878354203935595,-2.3793103448275863,-2.3793103448275863,-2.3658536585365857,-2.3658536585365857,-0.6889726672950047,-1.7454279444038039,-1.12008547008547,-5.636363636363638,-0.14112763749567625,0.11511111111111115,0.18627450980392127,0.1875,0.0379834254143645,0.193103448275862,3.9049853372434016,0.04149377593361003,0.03552631578947385,0.18620689655172407,0.0
34,2002-06-30,0.017441217320763425,0.016396067078458417,0.02967822555451427,0.03099361896080222,0.024999999999999908,0.024999999999999908,0.03571428571428559,0.017857142857142568,-0.4363636363636364,-0.5309126594700687,1.6263345195729542,-2.0931372549019605,0.17962142569472414,0.1028298126743723,2.603305785123967,2.5789473684210527,0.02794411177644717,0.06358381502890187,-0.054645462154729096,0.03984063745019917,0.011435832274459878,2.6046511627906983,0.0
35,2002-09-30,0.008939573316581795,0.008899272832278982,0.009405339805825141,0.0008841732979663064,-0.004065040650406471,-0.004065040650406471,-0.017241379310344862,0.0,1.3870967741935485,-1.2322175732217573,-1.602981029810298,-0.7533632286995515,0.03755547968589967,-0.12685218648355626,-0.010321100917431214,0.0,0.013592233009708687,-0.15217391304347827,-0.7649886162408298,0.03831417624521083,0.0012562814070349315,0.003225806451612856,0.0
36,2002-12-31,0.02016331808711902,0.019554017485428732,0.027201683198076358,0.0229681978798586,0.0,0.0,0.017543859649122858,0.0,0.12387387387387384,-8.99099099099099,-2.602247191011236,1.9545454545454544,0.10694307337940101,-0.006622516556291425,0.7079953650057937,0.7205882352941178,0.03192848020434225,-0.019230769230769273,0.0010764262648010892,0.03690036900368998,0.006273525721455453,0.7363344051446945,0.0
37,2003-03-31,0.015117016032487609,0.015631579618972324,0.009217264081931242,-0.06908462867012087,-0.11428571428571432,-0.11428571428571432,-0.1206896551724137,-0.10526315789473673,-0.7915831663326653,0.7576099210823001,0.6339410939691446,-1.8923076923076918,-0.08620689655172409,0.029583333333333295,-0.04138398914518315,-0.03418803418803429,0.00990099009900991,0.0,-0.4145161290322581,0.03558718861209975,-0.004987531172069848,-0.019444444444444486,0.0
38,2003-06-30,-0.011689212625737078,-0.01384561262438433,0.013192229631777241,0.04823747680890533,0.03686635944700467,0.03686635944700467,0.03921568627450989,0.03921568627450989,7.865384615384616,-1.6375881975625401,-2.494420600858369,-1.6034482758620692,0.05692908262849716,0.011331444759206777,-0.036093418259023465,-0.03539823008849552,0.017769607843137303,0.0,0.03397612488521573,0.03550973654066425,0.02506265664160412,-0.02171860245514634,0.0
39,2003-09-30,-0.011921056633793059,-0.01282965982927764,-0.0017169838317355743,0.008849557522123908,0.008888888888888946,0.008888888888888946,0.018867924528301886,0.0,-1.3036876355748372,-0.317907444668008,-0.2825962090752441,-5.862857142857143,-0.2619267466912897,0.055222088835534366,-0.03083700440528625,-0.01834862385321101,0.0024081878386512656,0.03921568627450989,0.07460035523978692,0.0331858407079646,0.009779951100244544,-0.0212355212355212,0.0
40,2003-12-31,0.0003196779540610706,0.0004517119884361875,-0.0011466246237638036,-0.002631578947368429,0.03083700440528636,0.03083700440528636,0.0185185185185186,0.03773584905660377,-2.821428571428571,-1.2020648967551621,-0.9527622097678142,-1.3689776733254997,0.13094245204336952,0.04209328782707611,-0.01666666666666672,-0.009345794392523256,0.010210210210210402,0.03773584905660377,0.06115702479338836,0.032119914346895095,-0.001210653753026647,-0.007396449704141994,0.0
41,2004-03-31,-0.00046160947838125305,-0.0008901158440620672,0.0043047783039174,-0.0395778364116095,0.06837606837606837,0.06837606837606837,0.09090909090909084,0.07272727272727253,-0.9352941176470588,-1.8102189781021896,11.593220338983052,-2.9076433121019107,-0.22087020648967548,0.12554585152838427,0.03235747303543923,0.03773584905660377,0.014268727705112784,0.11515151515151525,0.13629283489096575,0.03319502074688807,0.00484848484848488,0.033283656234475816,0.0
42,2004-06-30,0.020995168624478918,0.025087476920296004,-0.02428918416916704,-0.009157509157509123,-0.04400000000000004,-0.04400000000000004,-0.033333333333333326,-0.016949152542372947,-6.606060606060606,-15.378378378378384,-3.666218034993271,-1.333889816360601,0.09465215333648837,-0.021985127707727092,0.020895522388059584,0.0181818181818183,-0.0158264947245017,-0.038043478260869616,-0.05757368060315283,0.03112449799196781,-0.04463208685162845,0.02596153846153859,0.0
43,2004-09-30,0.025910161097644442,0.026665155179363083,0.017132815932054513,0.01109057301293892,0.05439330543933063,0.05439330543933063,0.06896551724137945,0.05172413793103448,-2.4648648648648654,-0.18170426065162906,-0.1388187783947501,2.355,0.2900994379593602,0.008595041322314145,0.027777777777777686,0.017857142857142794,0.017272185824895647,0.028248587570621538,-0.01381818181818173,0.03018500486854925,-0.008838383838383871,0.03701968134957823,0.0
44,2004-12-31,0.0258210389463569,0.025923517648357874,0.024618485459257045,0.019195612431444298,-0.15476190476190474,-0.15476190476190474,-0.16129032258064513,-0.14754098360655732,4.564575645756458,1.3070444104134764,-0.4284876905041032,-1.7898658718330849,-0.1776139410187667,0.07899049491969845,-0.027027027027026973,-0.043859649122807036,0.025761124121779888,0.06043956043956045,0.042035398230088505,0.02930056710775042,-0.001273885350318471,-0.016267510167193855,0.0
45,2005-03-31,-0.005245814919714764,-0.006230417832627788,0.0063228888576647435,0.02959641255605372,0.23943661971830976,0.23943661971830976,0.25,0.23076923076923084,-0.8812997347480106,-1.023564553601062,-0.7056410256410257,-2.013207547169811,0.21882640586797075,-0.0118469015795869,0.008771929824561429,0.0,0.0028538812785388053,-0.03626943005181338,0.0007077140835103357,0.029384756657483857,0.011479591836734748,0.0018373909049149704,0.0
46,2005-06-30,0.008331209908821968,0.006762854839291954,0.02652890254118967,0.027003484320557547,0.10227272727272728,0.10227272727272728,0.0923076923076922,0.09375,-0.4692737430167597,-8.070422535211268,0.3379790940766552,-1.042830540037244,-0.00768973587428956,0.003996311097448357,0.034782608695652195,0.03669724770642202,0.022196926579396647,0.0,-0.016973125884017004,0.02943800178412115,0.018915510718789497,0.031178358551123383,0.0
47,2005-09-30,0.014371257485029876,0.013602189737398795,0.023122959738846482,0.03816793893129766,-0.044673539518900296,-0.044673539518900296,-0.0422535211267604,-0.04285714285714271,11.48421052631579,3.5776892430278884,1.09375,12.391304347826088,-0.10377358490566037,0.020514390691978024,0.004901960784313486,0.017699115044247815,0.02728285077950998,0.0,-0.029496402877697836,0.02772963604852685,0.008663366336633782,-0.0031124944419741447,0.0
48,2005-12-31,0.008697724294054465,0.008573012110706156,0.01010369582557824,0.0759803921568627,0.06474820143884896,0.06474820143884896,0.0588235294117645,0.07462686567164177,-0.4030354131534569,-0.6026979982593559,-0.18781094527363185,-2.4545454545454546,0.16842105263157905,-0.0375037503750375,0.062020905923345186,0.06956521739130439,0.016260162601626105,-0.06451612903225812,-0.060044477390659774,0.02698145025295107,0.0012269938650306678,0.03434433541480808,0.0
49,2006-03-31,0.002845607027038621,0.0026307174258721755,0.005264543300868675,-0.08200455580865608,-0.023648648648648685,-0.023648648648648685,-0.01388888888888895,-0.02777777777777779,-0.9110169491525424,-0.2628696604600219,-1.0183767228177645,-2.388392857142857,-0.2001287001287001,0.09632169576059857,0.0059055118110236116,0.016260162601626105,0.008000000000000007,0.08045977011494254,0.015772870662460692,0.028735632183908063,0.002450980392156854,0.009486847779215156,0.0
50,2006-06-30,0.015022860875244959,0.015206465079938837,0.012961508248232613,0.05624483043837891,0.0657439446366781,0.0657439446366781,0.07042253521126772,0.0714285714285714,-8.507936507936508,-0.4011887072808321,-101.33333333333331,-1.5273311897106108,0.1319388576025744,0.03156098947967023,0.001956947162426559,0.0,0.014814814814814838,0.021276595744680767,0.009316770186335257,0.02713487629688749,-0.0024449877750610804,-0.005126014523707867,0.0
51,2006-09-30,0.014357448783678397,0.0132212228769657,0.02714230321830157,-0.0031323414252153463,0.01298701298701288,0.01298701298701288,0.013157894736842035,0.013333333333333421,-0.7906976744186046,1.2034739454094292,-0.061461794019933576,-0.5640243902439024,0.05081734186211806,0.0008269018743110035,0.014973958333333481,0.024000000000000014,0.031803962460896784,-0.015625,-0.016153846153846185,0.0271950271950272,0.01225490196078427,0.019321597252039524,0.0
52,2006-12-31,-0.03970672351931781,-0.04051786686014869,-0.03070341009185862,-0.0706991358994501,-0.532051282051282,-0.532051282051282,-0.5194805194805194,-0.5263157894736843,-16.292929292929294,-3.347972972972973,-4.798230088495576,-5.8461538461538485,-0.2343591477849172,0.023960341503717952,-0.1276459268762027,-0.125,-0.016675088428499185,-0.005291005291005346,-0.007818608287724738,0.025718608169440268,0.009685230024212954,-0.10067396798652062,0.0
53,2007-03-31,0.009551967250398086,0.010232294349788562,0.002077112813189564,0.12679628064243453,1.3972602739726026,1.3972602739726026,1.3783783783783785,1.416666666666667,-1.2159841479524438,-1.3232613908872901,-1.1838303821062441,-0.6940836940836941,-0.09363957597173143,0.0199031737493276,0.055147058823529216,0.0625,0.01130524152106882,0.037234042553191626,0.16233254531126873,0.02654867256637173,-0.007194244604316612,0.031850117096018815,0.0
54,2007-06-30,0.009193404777995795,0.010233918128655041,-0.0023319082782743412,0.0015003750937734315,-0.045714285714285714,-0.045714285714285714,-0.03409090909090917,-0.034482758620689724,-0.6850152905198776,-0.3100890207715133,-0.5766793409378961,0.10377358490566048,-0.11403508771929828,-0.03612869198312252,0.024390243902439046,0.02521008403361336,0.002540650406504197,-0.0461538461538461,-0.0955932203389831,0.02658045977011492,-0.010869565217391242,0.011802088061733995,0.0
55,2007-09-30,0.03497172498830725,0.036712011577423986,0.015452538631346656,-0.15205992509363295,-0.37125748502994016,-0.37125748502994016,-0.3647058823529411,-0.3571428571428571,0.6407766990291262,4.193548387096774,7.329341317365269,-1.8461538461538465,0.10891089108910902,-0.06347469220246238,-0.08571428571428574,-0.09836065573770504,0.019260010136847416,-0.06989247311827962,-0.0929535232383808,0.02519244226731998,-0.01953601953601957,-0.06370569762225209,0.0
56,2007-12-31,0.02687796561428013,0.03005159359435372,-0.00946291560102297,0.05830388692579502,-0.8809523809523809,-0.8809523809523809,-0.8703703703703703,-0.8888888888888888,-3.3905325443786984,-0.0654244306418219,-0.4065420560747664,-2.02020202020202,-0.10019841269841268,-0.19544259421560028,-0.11755952380952372,-0.12727272727272732,-0.033814022874191885,-0.20809248554913284,-0.12809917355371891,0.024573378839590317,-0.03486924034869232,-0.11883085769046475,0.0
57,2008-03-31,0.015092565736175125,0.007188004813686533,0.10921766072811767,0.035893155258764686,7.7200000000000015,7.7200000000000015,6.857142857142858,8.000000000000002,-0.2846534653465347,-0.8666371289322109,-1.043609933373713,-0.5841584158415842,-0.0463065049614112,-0.16049382716049376,-0.16694772344013487,-0.16666666666666666,0.1044776119402986,-0.13138686131386867,-0.05118483412322283,0.02531645569620267,0.0929032258064515,-0.1277868406742796,0.0
58,2008-06-30,0.0005123556536474894,-0.0006673842841765643,0.0132681564245809,-0.2643029814665592,-6.165137614678898,-6.165137614678898,-5.909090909090909,-6.0,-2.602076124567474,1.362126245847176,-19.83333333333333,-3.1666666666666665,0.10520231213872824,-0.21885813148788927,-1.8461538461538465,-1.8375,-0.2409133271202237,-0.2941176470588235,-0.08891108891108901,0.02404158544509416,-0.06375442739079107,0.0,-0.20000000000000007
59,2008-09-30,-0.002501378712676305,-0.002143518817725454,-0.006317482196186552,0.190580503833516,-0.9680284191829484,-0.9573712255772646,-0.962962962962963,-0.962962962962963,-2.9827213822894167,0.4233473980309424,-0.9122418879056048,-0.8626373626373627,0.013075313807531463,-0.35825027685492794,0.37559808612440215,0.3582089552238805,-0.008594229588704816,-0.15476190476190474,0.0,0.012055837563451854,-0.005044136191677096,0.0,0.0
60,2008-12-31,0.031997235659986245,0.015241960729282413,0.21142064501213745,-0.04507819687212511,13.555555555555555,9.916666666666666,10.3,10.3,-2.0501089324618738,3.3952569169960483,38.76470588235294,-28.2,-0.3510583376355189,-0.12942191544434856,0.6060869565217389,0.5824175824175823,-0.0730650154798761,-0.12676056338028166,0.0,0.003761755485893525,-0.10139416983523444,0.0,0.0
61,2009-03-31,-0.06406711884512728,-0.06795249385971436,-0.04885496183206106,0.06551059730250475,-0.06870229007633588,0.02290076335877856,-0.035398230088495415,-0.035398230088495415,-1.0383817427385893,-2.0618255395683454,-2.1369399830938294,-0.08823529411764708,-0.4932378679395386,-0.2973240832507433,0.5939361126150513,0.4930555555555556,-0.08350033400133605,-0.2419354838709677,0.0,0.0037476577139288203,-0.007052186177715082,0.0,0.0
62,2009-06-30,-0.0004292986078459071,-0.010586356376910744,0.088583467094703,0.18173598553345394,-0.5368852459016393,-0.2723880597014925,-0.3761467889908257,-0.3761467889908257,13.891891891891891,-1.3510480626720305,-1.2217472118959107,-1.1387096774193548,0.13500784929356358,0.0028208744710860323,-0.3311820652173913,-0.40930232558139534,-0.3250728862973762,0.1063829787234043,0.0,0.000622277535780924,0.18181818181818168,0.0,0.25
63,2009-09-30,-0.008211305628272214,-0.010734215745053729,0.010966731176849986,-0.2547819433817904,0.7566371681415929,0.12307692307692307,-0.2352941176470589,-0.2352941176470589,0.5952813067150635,-1.6025331724969845,-2.5624476110645427,-0.8372093023255813,0.002766251728907321,-0.19268635724331928,0.24987303199593724,0.299212598425197,0.01403887688984895,0.1923076923076923,0.0,0.0006218905472636925,0.022836538461538547,0.0,-0.20000000000000007
64,2009-12-31,-0.03816927692831151,-0.04017435694222682,-0.0279854147675479,0.05544147843942504,-0.4357682619647355,-0.3949771689497717,-0.4230769230769231,-0.4230769230769231,-0.0295790671217292,1.5475475475475475,0.9592274678111588,-19.142857142857142,-0.3503448275862069,0.05749128919860636,-0.1519707436001626,-0.1636363636363637,-0.037273695420660384,0.04838709677419351,0.0,0.0006215040397763437,0.0,0.0,0.25
65,2010-03-31,0.021610728182919425,0.02461325497243605,-0.0020632092281721573,0.04571984435797671,-0.7544642857142857,-0.6377358490566039,-0.6333333333333333,-0.6333333333333333,-0.011723329425556872,-1.0785854616895874,-0.8644578313253012,-1.5826771653543306,0.3142250530785562,0.1317957166392092,-0.29324389075227597,-0.3188405797101449,-0.004424778761061843,0.1692307692307693,0.0,0.0006211180124222615,-0.023501762632197387,0.0,0.0
66,2010-06-30,-0.011919876604094326,-0.01524039771986585,0.016821727281270515,0.031627906976744224,-2.2727272727272725,-1.3020833333333333,-1.2727272727272727,-1.2727272727272727,-0.1577698695136418,-8.49,3.5171717171717165,-1.1891891891891893,-0.04523424878836835,0.2372634643377001,-0.3518644067796609,-0.3191489361702128,0.02111111111111108,0.2368421052631577,0.0,0.0006207324643079383,0.03369434416365835,0.0,-0.20000000000000007
67,2010-09-30,-0.0013168094980194887,-0.00529514411216081,0.02902033271719029,0.015329125338142456,2.128571428571429,5.137931034482759,5.666666666666668,5.666666666666668,-0.4140845070422535,-0.8297730307076101,-0.8036672629695886,-9.285714285714286,0.39255499153976303,-0.05647058823529416,-0.8012552301255229,-1.015625,0.0380848748639826,-0.07446808510638292,0.0,0.0006203473945407545,0.03958090803259595,0.0,0.25
68,2010-12-31,-0.023393554012526185,-0.026447280866251255,-0.0015268546793605342,0.0257548845470692,0.4611872146118721,0.5674157303370786,0.6499999999999999,0.5999999999999999,0.8149038461538463,0.6509803921568627,2.9202733485193617,-3.3491379310344827,-0.6622114216281896,0.01122194513715713,-3.5052631578947366,57.99999999999999,-0.002096436058700135,-0.02298850574712641,0.0,0.0006199628022318662,0.021276595744680767,-0.4557356608478802,0.0
69,2011-03-31,-0.015297845235891729,0.0033801836732156865,-0.15219933435279298,-0.08744588744588744,-0.17812499999999998,-0.3799283154121864,-0.3939393939393939,-0.40625,-0.4543046357615894,2.3064133016627077,-0.10400929692039508,-1.4807339449541286,0.9424460431654677,0.1146732429099877,0.6281512605042014,0.593220338983051,0.009453781512605008,0.11764705882352945,1.2532894736842106,0.0006195786864930941,0.10745614035087714,0.6987399770904923,0.0
70,2011-06-30,-0.018310887016519617,-0.02100543713850456,0.031193633952254718,-0.034155597722960174,-0.0874524714828897,0.35260115606936426,0.25,0.3157894736842106,1.529126213592233,-0.5172413793103448,-0.09143968871595333,0.19465648854961826,0.5796296296296297,-0.06415929203539805,0.26193548387096777,0.2127659574468086,0.029136316337148967,-0.0736842105263158,-0.4437956204379563,0.0018575851393189961,0.05148514851485153,0.3385030343897506,0.0
71,2011-09-30,0.0054065013178346,0.0037826554494275744,0.018726206399835462,0.013752455795677855,-0.09583333333333333,-0.09401709401709404,-0.12,-0.12,-0.5959692898272553,-2.0431547619047623,-1.1820128479657388,-1.0798722044728437,-0.029308323563892125,-0.16666666666666674,0.005112474437627856,0.008771929824561429,0.020222446916076768,-0.19318181818181826,-0.357830271216098,0.001854140914709479,0.014124293785310769,0.06196473551637261,0.0
72,2011-12-31,-0.0053438193184109925,-0.006062210123008671,0.0004039995960003484,-0.05910852713178294,-0.07834101382488479,-0.08490566037735847,-0.09090909090909084,-0.045454545454545525,-0.9643705463182898,-1.3980028530670472,-2.67843137254902,4.36,-0.16183574879227058,-0.04397163120567371,-0.12410986775178035,-0.10434782608695647,-0.0009910802775024985,-0.05633802816901401,-0.06267029972752047,0.0018507094386179808,0.0055710306406684396,-0.053605313092979015,0.0
73,2012-03-31,-0.015250323815959919,-0.01962897683324249,0.019586067642604732,0.0556127703398559,0.0,0.0,0.0,-0.04761904761904756,3.2,1.172043010752688,1.2126168224299063,1.0746268656716418,-0.4005763688760807,0.19287833827893164,0.006968641114982521,-0.058252427184465994,0.02083333333333326,0.19402985074626847,0.34302325581395343,0.001847290640394128,0.036011080332410066,0.03308270676691727,0.0
74,2012-06-30,-0.0103853324335762,-0.012520209532432271,0.005545103475591562,-0.001951219512195124,0.17999999999999994,0.19072164948453607,0.2,0.2,1.7301587301587302,0.8547854785478548,0.05068637803590281,-2.08273381294964,0.7235576923076923,-0.04601990049751237,-0.013840830449826869,0.0,0.016520894071914594,-0.0625,-0.056277056277056266,0.0030731407498463268,0.016042780748663166,-0.0048520135856380256,0.0
75,2012-09-30,0.00493510396079655,0.004243781681009029,0.0094534711964549,0.09090909090909084,-0.07203389830508478,-0.07359307359307354,-0.04166666666666663,-0.04166666666666663,1.4476744186046508,0.14323843416370094,0.456281407035176,-0.14617940199335544,0.3584379358437937,0.08083441981747064,-0.007017543859649146,0.010309278350515427,0.020076481835563875,0.053333333333333455,0.0928899082568806,0.0030637254901961786,0.0043859649122806035,-0.017552413456850324,0.0
76,2012-12-31,0.026290971822886755,0.029424423836913464,0.0019510291678861427,-0.043906810035842285,-0.0730593607305936,-0.07943925233644855,-0.0434782608695653,-0.0434782608695653,0.6603325415676959,-3.5346303501945524,-2.4968944099378882,-2.5136186770428006,-0.3993839835728953,0.02291917973462021,-0.005889281507656108,0.0,0.012183692596063887,0.0,0.01154249737670532,0.0030543677458767515,-0.02358078602620095,-0.01935483870967747,0.0
77,2013-03-31,-0.00042583710610066827,-0.001368353035083092,0.006717943725051079,-0.05529522024367384,0.004926108374384342,0.01015228426395942,0.0,-0.045454545454545525,-2.5350500715307582,-1.3524715996315628,-1.0175195942830797,-1.0951156812339329,0.061538461538461535,0.08962264150943389,0.0,0.0,0.011111111111111072,0.08860759493670889,0.07676348547717837,0.003045066991473666,0.00805008944543828,0.010121457489878471,0.0
78,2013-06-30,0.016155070741496358,0.019779494791864805,-0.010735009671179907,0.001984126984126977,0.0,-0.005025125628140725,0.0,0.04761904761904767,-2.8816402609506064,-3.4163763066202093,-22.842105263157894,1.0270270270270272,0.12077294685990347,0.10281385281385268,-0.04146919431279628,-0.05102040816326536,-0.001831501831501825,0.08139534883720945,0.09055876685934484,0.0036429872495447047,-0.027506654835847355,-0.03657314629258512,0.0
79,2013-09-30,0.0007612617085359652,0.001169474234243184,-0.002248509140678423,0.02673267326732676,0.3333333333333333,0.3434343434343434,0.3181818181818181,0.3181818181818181,-0.9633481921743438,-1.0648882480173034,-1.2433734939759036,-0.30666666666666664,0.07471264367816087,0.1619234543670265,0.06674907292954257,0.053763440860215006,0.01467889908256881,0.17204301075268824,0.1881625441696113,0.003024803387779551,-0.0027372262773723843,0.08476339053562154,0.0
80,2013-12-31,0.02454028310623091,0.02661795407098122,0.009504213207916834,-0.0009643201542912648,-0.15441176470588236,-0.1578947368421053,-0.13793103448275856,-0.13793103448275856,6.554054054054054,-16.433333333333334,-11.336633663366337,-3.5192307692307687,-0.17513368983957225,0.04645270270270285,0.030127462340672206,0.020408163265306145,0.018083182640144642,0.027522935779816567,-0.02007434944237918,0.003015681544028981,-0.01463860933211336,0.039309683604985546,0.0
81,2014-03-31,-0.022941011900918903,-0.027005108093059338,0.009705910899737935,-0.03667953667953672,0.05217391304347818,0.0535714285714286,0.08000000000000007,0.040000000000000036,-0.7209302325581395,-1.6227501799856008,-2.0028735632183907,0.5877862595419847,-0.3371150729335495,0.0871670702179177,0.040494938132733305,0.040000000000000036,0.01687388987566596,0.0714285714285714,0.05386949924127471,0.003607937462417388,0.03435468895078908,0.04428044280442811,-0.20000000000000007
82,2014-06-30,0.010968921389396643,0.011121754599853206,0.009708737864077666,0.03006012024048088,-0.0950413223140496,-0.09322033898305082,-0.11111111111111116,-0.07692307692307697,-0.3141025641025641,-1.3745664739884391,-1.3514804202483286,-1.9375,0.4767726161369192,0.020786933927245732,0.00972972972972963,0.009615384615384805,0.02008733624454151,0.0,-0.029517638588912883,0.003594967046135267,-0.0008976660682226133,0.012809187279152034,0.0
83,2014-09-30,-0.02193947580557309,-0.02455799303616024,-0.0017136329017517493,-0.035019455252918275,-0.15068493150684936,-0.1588785046728972,-0.125,-0.125,0.8878504672897196,-1.6373456790123455,-1.7717391304347827,-0.7589743589743589,0.07781456953642385,0.00290909090909075,-0.09743040685224837,-0.08571428571428585,0.007705479452054797,-0.01666666666666672,-0.016320474777448142,0.00417910447761205,0.02066486972147352,-0.08111644134321849,0.0
84,2014-12-31,0.044963467878463836,0.050428223660145655,0.004196070951745234,0.08064516129032251,0.3602150537634408,0.37777777777777777,0.3809523809523809,0.3333333333333335,3.2326732673267324,-11.438256658595641,-7.088028169014086,-0.9574468085106383,0.003072196620583778,-0.06671501087744748,0.022538552787663143,0.02083333333333348,0.016992353440951742,-0.07627118644067787,0.011312217194570096,0.0041617122473245356,-0.039612676056338114,0.01898433792121512,0.0
85,2015-03-31,0.004103558904722915,0.003770458338836935,0.006932573599240266,-0.059701492537313376,-0.07905138339920947,-0.08467741935483875,-0.06896551724137923,-0.07142857142857151,-2.2888888888888888,-1.1350034794711203,-0.8921341816078658,-74.5,-0.22511485451761104,0.040404040404040435,-0.015081206496519672,-0.020408163265306145,0.015873015873015817,0.027522935779816567,0.008948545861297452,0.003552397868561208,0.0036663611365719273,-0.01257568700512346,0.0
86,2015-06-30,0.0042460140543065785,0.004928642350435997,-0.0012260680939356616,0.06349206349206349,0.02145922746781115,0.026431718061673992,0.03703703703703698,0.03846153846153855,-2.0535390199637025,-3.4347079037800685,0.18766756032171567,-2.272108843537416,0.3695652173913044,0.10530246452576544,0.018845700824499326,0.02083333333333348,0.007401315789473672,0.08928571428571419,0.10495195861049522,0.004719764011799521,-0.005479452054794498,0.010849056603773556,0.0
87,2015-09-30,0.008625245756083144,0.008332837331111342,0.01085930122757328,-0.010261194029850706,-0.0798319327731093,-0.0858369098712446,-0.07142857142857151,-0.07407407407407418,-0.8363479758828596,-0.5751587861679605,-0.5733634311512416,-2.1925133689839567,-0.3217893217893217,-0.05067567567567567,0.032369942196532005,0.020408163265306145,0.01795918367346938,-0.057377049180327926,-0.07892976588628764,0.004110393423370606,0.0018365472910928386,0.02006532897806812,0.0
88,2015-12-31,-0.00302865167361821,-0.0039076795938846045,0.00382998598785611,0.024505183788878337,0.031963470319634764,0.03286384976525825,-0.03846153846153855,0.08000000000000007,3.642105263157896,-0.02657807308970095,-1.8412698412698407,-1.6143497757847534,0.2914893617021277,-0.06120996441281145,-0.035834266517357334,-0.030000000000000027,0.003207698476343168,-0.07826086956521727,-0.09658678286129264,0.004093567251461927,0.007332722273143855,-0.03385178408051226,0.0
89,2016-03-31,0.034362418929288374,0.03504634128997086,0.029778522240833768,-0.047838086476540975,-0.16814159292035402,-0.1681818181818182,-0.12,-0.18518518518518529,-0.5770975056689343,4.694539249146757,-18.805031446540877,-1.9708029197080288,-0.21911037891268534,-0.1182714177407126,-0.059233449477351874,-0.061855670103092786,0.022382094324540303,-0.12264150943396225,-0.10932475884244364,0.004659289458357474,-0.003639672429481377,-0.05539772727272718,0.0
90,2016-06-30,0.027926261661348255,0.02863816972209188,0.02232062172420024,0.033816425120772875,0.07446808510638303,0.0710382513661203,0.045454545454545414,0.045454545454545414,-0.058981233243967875,-0.14743781839976022,-0.11126810314376544,-1.1654135338345863,0.04641350210970474,0.0008598452278589798,-0.0604938271604939,-0.05494505494505497,-0.15246286161063327,-0.021505376344086002,0.03971119133573997,0.004637681159420204,-0.0045662100456621574,-0.043107769423558984,0.0
91,2016-09-30,0.3426099851705389,0.34481031258348915,0.3255546716167241,0.2420560747663552,-0.14851485148514856,-0.15306122448979587,-0.26086956521739124,-0.26086956521739124,-0.6125356125356125,-1.6108963093145872,-1.6442766295707472,10.5,0.5100806451612903,-0.011168384879725156,-0.12746386333771353,-0.15116279069767447,0.1808118081180812,0.16483516483516492,0.03038194444444442,0.005193306405078203,-0.06605504587155964,-0.1136720796228392,0.0
92,2016-12-31,0.004771547439343271,0.0033607324078903647,0.016271005601493638,0.19638826185101574,0.3313953488372092,0.25903614457831314,0.17647058823529416,0.11764705882352945,5.095588235294118,-2.1582278481012658,-1.6859962985811228,-1.2845849802371545,-0.09612817089452608,0.3301476976542137,-0.0768072289156626,-0.0821917808219178,-0.010937500000000044,0.13207547169811318,0.4490311710193766,0.005166475315729002,-0.02259332023575633,-0.1128841607565011,0.0
93,2017-03-31,-0.01448850519959255,-0.014148647422306147,-0.0173228346456693,-0.05283018867924527,0.4148471615720524,0.4162679425837321,0.4000000000000001,0.42105263157894735,-1.48854041013269,-1.955290611028316,-2.4802158273381294,0.7777777777777777,-0.18906942392909892,0.17831482691051592,0.07993474714518745,0.08955223880597019,0.005529225908372792,0.18333333333333326,0.2947674418604651,0.004568817818389359,0.04221105527638192,0.05129913391072605,0.0
94,2017-06-30,0.010024093518546051,0.00896249309611874,0.018496260683760646,0.08897742363877814,0.27160493827160503,0.3445945945945945,0.3214285714285714,0.3333333333333333,-0.545679012345679,-1.3406136245449818,-1.5413122721749697,-1.40625,0.09471766848816032,-0.001662971175166117,0.16163141993957694,0.15068493150684925,0.02749410840534172,-0.007042253521126751,-0.05972159856308922,0.005685048322910724,0.01060752169720347,0.11723700887199008,0.0
95,2017-09-30,0.006692484391565445,0.007580721412635104,-0.00026224349308334727,-0.05243902439024395,-0.11650485436893199,-0.12060301507537685,-0.1351351351351351,-0.11111111111111104,-10.065217391304348,2.2076335877862596,-0.5578002244668911,-1.75,-0.06489184692179706,-0.007218212104386557,0.16384915474642406,0.16666666666666674,0.01146788990825698,-0.028368794326240964,-0.13753581661891134,0.005087620124364145,-0.007633587786259444,0.12989222915484944,0.25
96,2017-12-31,0.007057550115919353,0.009795609262201356,-0.014820643976654169,0.03474903474903468,-0.4615384615384616,-0.48,-0.46875,-0.4375,-0.5587529976019185,-0.3307948595906711,0.9771573604060916,-3.7948717948717934,0.1939501779359432,0.06208053691275173,-0.0290502793296088,-0.030612244897959218,-0.0022675736961451642,0.05109489051094873,-0.07751937984496116,0.0056242969628794715,-0.02211538461538476,-0.02409638554216864,0.0
97,2018-03-31,-0.004713212973318393,-0.004646499229659318,-0.005258603474672219,-0.03420398009950254,1.1326530612244898,1.2197802197802199,1.2352941176470589,1.1111111111111112,-1.2866847826086958,-1.5327169274537695,-1.7265725288831837,-1.2568807339449541,-0.041728763040238426,0.09004739336492906,0.08975834292289986,0.0736842105263158,-0.006818181818181834,0.0902777777777779,0.099639855942377,0.006152125279641929,-0.000983284169124854,0.07973251028806594,0.0
98,2018-06-30,0.005421418616699203,0.004807416689188715,0.010438972162740923,0.06052801030263999,0.15311004784688986,0.19306930693069305,0.1578947368421053,0.1578947368421053,-3.9336492890995274,-1.9452603471295056,-1.4063604240282686,-6.035714285714287,0.21928460342146194,-0.03961352657004835,0.06546990496304117,0.03921568627450967,0.020594965675057253,-0.031847133757961776,-0.125,0.006670372429127268,0.004921259842519675,0.0619342544068604,0.0
99,2018-09-30,0.00735166047375757,0.007376314288042973,0.007152317880794623,-0.02732240437158473,0.0,0.0,0.02272727272727271,0.02272727272727271,-0.3764135702746365,1.0112994350282487,1.4913043478260868,-4.297872340425532,-0.5931122448979591,0.03822937625754541,0.10208126858275501,0.07547169811320753,-0.005979073243647215,0.013157894736842035,-0.0243293824079851,0.009387078961899498,-0.02938295788442702,0.08479138627187077,0.0
100,2018-12-31,0.0058211159540362285,0.0034143776042721012,0.02544713308784852,0.03183520599250933,0.004149377593360981,0.004149377593360981,0.022222222222222143,-0.044444444444444516,3.435233160621761,-0.2282303370786517,-1.443280977312391,-1.7720430107526883,1.1253918495297808,-0.16715116279069764,0.1915467625899281,0.18421052631578932,0.05413533834586448,-0.16233766233766234,-0.24168797953964205,0.009299781181619116,0.02219979818365303,0.18651778329197688,0.0
101,2019-03-31,0.013623373181580469,0.012675681559786156,0.021096505290157053,-0.07985480943738654,-0.15909090909090906,-0.15909090909090906,-0.17391304347826084,-0.11627906976744184,-0.6752336448598131,0.3958143767060964,-4.586614173228346,-1.1866295264623956,-0.09882005899705017,-0.055846422338568964,-0.008301886792452917,-0.014814814814814838,0.024251069900142586,-0.10077519379844968,-0.19477234401349064,0.009214092140921393,0.009871668311944635,0.006622516556291425,0.0
102,2019-06-30,0.021411157827792016,0.015805524369172375,0.06562421502135153,0.059171597633136175,0.044226044226044266,0.044226044226044266,0.05263157894736836,0.05263157894736836,-0.7050359712230216,0.2640156453715776,0.9440175631174534,-0.9402985074626866,-0.006546644844517169,0.038200862600123335,-0.047184170471841536,-0.045112781954887216,0.045961002785515286,0.008620689655172377,0.03769633507853398,0.009129967776584149,0.019550342130987275,-0.025277008310249368,0.0
