Unnamed: 0,Quarter end,Assets,Current Assets,Liabilities,Current Liabilities,Shareholders equity,Revenue,Earnings,Earnings available for common stockholders,EPS basic,EPS diluted,Cash from operating activities,Cash from investing activities,Cash from financing activities,Cash change during period,Cash at end of period,Price,ROE,ROA,Book value of equity per share,P/B ratio,P/E ratio,Cumulative dividends per share,Equity to assets ratio,Net margin,Asset turnover,Current ratio
0,1993-12-31,0.019265139864499847,0.03881420572881456,-0.03693519031415682,-0.07049180327868854,0.08144370513044996,0.025351252290775728,0.04807983066223165,0.04807983066223165,0.05263157894736836,-0.0434782608695653,0.8988697204045211,0.3104325699745547,-0.6625615763546798,0.5604900459418071,0.12101556708673103,-0.004329004329004182,0.005246166263115359,0.57720207253886,0.08205128205128198,-0.11299435028248585,0.0153158902361199,inf,0.06109121550452934,0.03374777975133214,-0.0980392156862745,0.11760513186029953
1,1994-03-31,0.019265139864499847,0.03881420572881456,-0.03693519031415682,-0.07049180327868854,0.08144370513044996,0.025351252290775728,0.04807983066223165,0.04807983066223165,0.05263157894736836,-0.0434782608695653,0.8988697204045211,0.3104325699745547,-0.6625615763546798,0.5604900459418071,0.12101556708673103,-0.004329004329004182,0.005246166263115359,0.57720207253886,0.08205128205128198,-0.11299435028248585,0.0153158902361199,inf,0.06109121550452934,0.03374777975133214,-0.0980392156862745,0.11760513186029953
2,1994-06-30,0.03756754001427254,0.04129563089100663,0.03288757420759647,-0.06385949441505001,0.0421785504665142,0.025351252290775728,0.04807983066223165,0.04807983066223165,0.05263157894736836,-0.0434782608695653,0.8988697204045211,0.3104325699745547,-0.6625615763546798,0.5604900459418071,0.1684575962969086,-0.03985507246376818,0.005246166263115359,0.57720207253886,0.045023696682464635,-0.11299435028248585,0.0153158902361199,0.9375,0.004367679174111627,0.03374777975133214,-0.0980392156862745,0.1123157596371882
3,1994-09-30,0.032444116924588595,0.04438387677535505,0.032775148164353014,0.06868671010283389,0.032120870797972545,0.08275245755138516,-0.08049624927870748,-0.08049624927870748,-0.08333333333333326,-0.0434782608695653,0.5736215538847118,-0.6532038834951457,-5.635036496350365,1.873405299313052,0.4142614601018675,0.004528301886792541,0.005246166263115359,0.57720207253886,0.03174603174603163,-0.03821656050955413,0.0153158902361199,0.5161290322580645,-0.00019766752322591954,0.03374777975133214,-0.0980392156862745,-0.022743199337453057
4,1994-12-31,0.3806446700990702,-0.05133239160102476,0.7623339110340843,1.0822315263699132,0.007695636630477677,-0.6815780785737867,-0.08973956699090058,-0.08973956699090058,-0.0818181818181819,-0.0434782608695653,0.0804300218992633,42.24412094064949,-23.485826771653546,-2.5802595628415297,-0.4628851540616247,0.16078136739293747,0.005246166263115359,0.57720207253886,0.00659340659340657,0.1258278145695364,0.0153158902361199,0.3404255319148937,-0.2700672202451563,0.03374777975133214,-0.0980392156862745,-0.544393741851369
5,1995-03-31,0.031246122668431294,0.11894606667844433,-0.0028737516117047783,0.0810477114383985,0.08955112405706167,1.9675133920857093,0.3553946914856947,0.3553946914856947,0.3465346534653466,-0.0434782608695653,-0.4770591487009398,-0.9855504052619312,-0.9341667542108764,-1.9550464663929112,0.8230582976345688,0.12815533980582527,0.005246166263115359,0.57720207253886,0.08951965065502178,0.12058823529411765,0.0153158902361199,0.25396825396825395,0.05633802816901424,0.03374777975133214,-0.0980392156862745,0.035055086564601545
6,1995-06-30,0.00912390463013102,-0.005255322988090949,-0.0002301243767465211,-0.07763093489965732,0.023752399232245702,-0.05968671752169107,-0.1681078331637843,-0.1681078331637843,-0.1691176470588237,-0.0434782608695653,0.6314305849189571,2.9587813620071683,-2.3074468085106385,-0.9753337859244172,0.011136085002043215,0.06597819850831899,-0.050582095543958205,0.57720207253886,0.0240480961923848,-0.023622047244094446,0.0153158902361199,0.20253164556962025,0.014615384615384475,-0.003436426116838476,-0.08695652173913049,0.07837987282278136
7,1995-09-30,-0.05604350475584874,-0.06786386413622658,-0.039283600412127084,-0.05977145687398289,-0.08163982724563934,0.01058954669308898,2.7542036074594924,2.7542036074594924,2.796460176991151,-0.0434782608695653,-0.3278617710583154,-0.9162516976007244,0.15378356387306755,-2.238532110091743,-0.013640497120339544,0.1404736275565126,0.6714587737843551,0.57720207253886,-0.027397260273972712,0.11559139784946247,0.1583909490886235,0.16842105263157905,-0.027040687389436442,0.7405172413793102,-0.09523809523809523,-0.008588642481733189
8,1995-12-31,0.011325441544863145,0.006713694964728846,0.02451796919566452,-0.06552781592760526,-0.009751918484898205,0.10288620626263856,-0.7210097719869707,-0.7210097719869707,-0.8484848484848485,-0.0434782608695653,1.4633676092544987,13.464864864864865,0.6653737658674188,-2.725925925925926,0.023868059823806576,0.19537517697026874,0.019984821654439815,0.02562417871222067,-0.010060362173038184,0.2289156626506021,-0.2940857297883885,0.15315315315315314,-0.021038961038961083,-0.16121842496285288,0.21052631578947367,0.07732092061029228
9,1996-03-31,-0.017491760624457897,-0.07033779538974527,-0.07406541275515321,-0.10680491242198507,0.07602253064830844,-0.009167685298366536,0.1360186806771746,0.1360186806771746,0.0923076923076922,-0.0434782608695653,-0.7117140620923559,-0.1894618834080718,-0.8174888841837815,-5.339055793991418,-0.10115057528764383,0.15475720489538114,-0.0022321428571429047,0.011531069827034113,0.07520325203252033,0.16666666666666674,0.11299000768639522,0.1328125,0.09525072963650838,-0.011514614703277304,0.021739130434782483,0.0408065290446471
10,1996-06-30,0.0069489562441737976,0.05494476933073433,0.006049453985664144,0.018190014651189083,0.008228411112631617,-0.047664442326024736,-0.11176772867420348,-0.11176772867420348,-0.11267605633802813,-0.0434782608695653,1.6542986425339363,-1.0087597971415398,2.9315545243619487,-3.241345202769536,0.252226179875334,0.03213675213675216,0.011682823763360606,0.02343255224825836,0.01890359168241961,-0.040336134453781584,0.024861878453038555,0.11724137931034485,0.001211240310077466,-0.003882915173237689,0.021276595744680767,0.03609317343173424
11,1996-09-30,-0.014447218559766606,-0.04880632683732045,-0.04052551673022442,-0.07152660940405564,0.02256646928075745,0.06217982688570922,0.20219843795198145,0.20219843795198145,0.20634920634920628,-0.0434782608695653,-0.18104330037504252,-71.21052631578948,1.1820596046031278,-2.707413945278023,-0.34391111111111106,-0.009274594236502232,-0.3675675675675675,-0.3502475247524752,0.012987012987013102,-0.02802101576182137,-0.02493261455525597,0.1049382716049383,0.037744979433825376,-0.3682158920539731,0.04166666666666674,0.024485253199777457
12,1996-12-31,0.01810315381987926,0.007899917115623767,0.022551425972763942,0.006699887937817507,0.01217913617734423,0.14257996563002373,-0.10250240615976902,-0.10250240615976902,-0.10526315789473684,-0.0434782608695653,0.4641965029142381,-0.10344827586206896,-0.3286004056795132,-1.1953993279917292,0.10242514564422156,0.2026078234704112,-0.00815850815850816,0.02190476190476209,0.0073260073260073,0.18738738738738747,0.8078783690393918,0.0949720670391061,-0.005828864537188117,-0.015662078785002358,0.040000000000000036,0.0011950027159153276
13,1997-03-31,0.014426302840527816,0.09878446791560667,-0.032045424084024776,-0.03801335796504191,0.07694955820396387,-0.05244772209014603,0.15978552278820368,0.15978552278820368,0.1617647058823528,-0.0434782608695653,-0.5682399772533409,-1.0183946488294315,-0.954884189325277,2.0211640211640214,0.28069313014624564,0.15457325549068668,-0.0015667841754798404,0.02236719478098781,0.07454545454545447,0.14567526555386956,0.14220183486238525,0.09183673469387754,0.061444652908067436,0.005303760848601735,0.01923076923076916,0.14225260416666674
14,1997-06-30,-0.15328381655826262,0.16755151203311747,-0.04092345262521868,-0.08907600265898519,-0.28915442575538475,0.018279569892473143,-5.003929727230698,-5.003929727230698,-4.9746835443037964,-0.0434782608695653,1.1185380309515969,498.7272727272728,39.78125,2.5503502626970227,0.7781402936378468,0.13700939080182994,-1.343271871322087,-1.3372835004557886,-0.2893401015228426,0.058278145695364277,0.10508701472556914,0.08411214953271018,-0.16040653999116214,0.0,0.07547169811320731,0.2817516861404008
15,1997-09-30,-0.03822148442903761,-0.0767212195268524,-0.025029531434571428,-0.014297683721181675,-0.059744320006852376,0.08618695630311257,-1.2637838461982565,-1.2637838461982565,-1.1305732484076434,-0.0434782608695653,-0.2317376437674852,-1.0226487174822632,-0.14471811713191018,-1.4302626711061783,-0.1882892606583918,0.1876323591698432,-0.012571428571428456,-0.04054054054054057,-0.05714285714285716,0.6708385481852315,0.0,0.07758620689655182,-0.0223684210526316,0.0,0.08771929824561409,-0.0633661898762321
16,1997-12-31,0.06414985785839987,0.15439022802716362,0.04624207422963522,0.14932821497120918,0.05800633127604815,0.11837414934493773,0.0013131976362441564,0.0013131976362441564,0.024390243902439046,-0.0434782608695653,0.9401173376492008,9.72289156626506,-0.6961474465634199,-2.2708512467755804,0.2947942291071073,0.16298145506419393,-0.12037037037037045,-0.15211267605633805,0.05555555555555558,0.23370786516853936,0.0,0.08000000000000007,-0.005652759084791348,0.0,0.08064516129032273,0.004431080867225878
17,1998-03-31,-0.0421867794615739,-0.1018099122295939,-0.08728994570112457,-0.15772020230938066,0.03181505080075775,-0.06072522559814553,0.13901639344262295,0.13901639344262295,0.11904761904761907,-0.0434782608695653,-0.9402502606882168,-0.8183520599250936,1.862257792754844,-2.539918809201624,-0.35060333761232354,-0.002913216804661168,-0.15657894736842093,-0.19269102990033227,0.035885167464114964,-0.05525197328476007,0.0,0.07407407407407396,0.07715213860314019,0.0,0.08955223880596996,0.06633054986607823
18,1998-06-30,-0.014784009031444056,0.003975727139568841,-0.003707671920376687,-0.02365104092904691,-0.031668544248341424,0.03155436075977258,-0.05718672039915562,-0.05718672039915562,-0.04255319148936165,-0.0434782608695653,11.811518324607327,-0.3422680412371134,-0.0248712288447388,-1.0739601640304628,0.03993041828101518,0.01199446409349525,-7.508580343213729,-7.563786008230452,-0.027713625866050855,-0.02313624678663251,0.0,0.06896551724137945,-0.017089721035435934,0.006235011990407546,0.04109589041095885,0.02829491725768318
19,1998-09-30,0.06004027399799481,0.11085869112130052,0.11959643984095325,0.16272120684653313,-0.02856773526370216,0.0993292604776348,0.054752696926521516,0.054752696926521516,0.04444444444444429,0.045454545454545414,0.06647595695409336,2.3918495297805644,-0.2885602173256867,3.5207920792079204,0.17358576642335774,0.09542622701717064,0.025407478427612595,0.01567398119122254,-0.026128266033254244,0.12631578947368438,0.2619624470018169,0.06451612903225801,-0.08361032983891592,-0.012869399428026562,0.026315789473684292,-0.04461527408578192
20,1998-12-31,0.0011286592005594898,0.014428038049494331,0.0320513630676289,0.14952967888420374,-0.01760922599245951,-0.20184983677910773,0.09475106136626787,0.09475106136626787,0.1063829787234043,0.10869565217391307,0.3481926171924894,-0.0268022181146026,1.1196436147645312,-1.209373631187035,-0.030968577907353405,0.10500762935219864,0.06755493221131359,0.05493827160493825,-0.01951219512195124,0.13492990654205594,0.07391408687305012,0.06060606060606055,-0.0186941964285714,0.09657170449058428,-0.03846153846153855,-0.11746127237178527
21,1999-03-31,-0.10876106545988652,0.054320485314788725,-0.2204655947293012,-0.3230378537940615,0.09716452952862564,0.09825688966793256,0.10294376872906752,0.10294376872906752,0.09615384615384603,0.0980392156862746,-1.1034580767408808,-15.82716049382716,-0.4769815852682146,-20.010460251046027,0.6075416193086849,0.08975646497614864,0.046201007225749935,0.06787595084844944,0.0970149253731345,0.11116829644879056,0.037318435754190034,0.06571428571428561,0.2308785897071368,0.051519154557463816,0.013333333333333421,0.5573449216087254
22,1999-06-30,-0.036113882554161925,-0.07946671344618894,0.0005969586527585503,-0.02539356824521466,-0.08419753086419758,0.03812732754034398,-0.07879175323637523,-0.07879175323637523,-0.07017543859649111,-0.07142857142857151,-7.559523809523809,-1.1138794594248382,0.7043628013777268,-1.4101463629360624,-0.15500748627516225,-0.10471143877433477,0.04939305148597728,0.06191780821917803,-0.07709750566893425,-0.1838814265863825,-0.15015079707022827,0.06166219839142095,-0.0498960498960499,0.038525963149078635,0.026315789473684292,-0.05547956447994752
23,1999-09-30,0.13960924936692476,0.256846117198666,0.17190002198009235,0.04859032141329744,0.09339893951649136,0.1040314314998292,0.2709923664122138,0.2709923664122138,0.28301886792452824,0.2884615384615385,0.31453301689236346,-0.4021372328458943,-1.469742898843606,-4.381271800375638,0.6202687404636511,-0.10782295419454446,0.07279617072197864,0.0995872033023737,0.09582309582309567,-0.03291713961407505,-0.1427122940430926,0.05808080808080818,-0.040359834670556816,0.0923387096774193,0.012820512820512777,0.19863291432543595
24,1999-12-31,0.04009472215914611,0.06977696238230258,0.04660852323727616,0.2346740289891447,0.030103770677077923,0.09101810304812008,0.07330057330057338,0.07330057330057338,0.0588235294117645,0.059701492537313376,0.0,0.0,0.0,0.0,0.0,0.02033458321315252,0.05447109128090721,0.08212106992022528,0.02914798206278024,-0.06924882629107976,-0.07421643997634543,0.054892601431980825,-0.00962756523942232,0.0040605389442600615,0.07594936708860756,-0.13357819447129327
25,2000-03-31,-0.010222062813835307,-0.014556020126142766,-0.09939581679936504,-0.180184987548915,0.12874526231797326,-0.13096968622584648,0.07528932977235159,0.07528932977235159,0.08333333333333348,0.08450704225352124,-0.3519541206457094,-2.689557855126999,-2.6101816443594643,-0.9227106808443104,0.15368024545095538,-0.11519434628975267,0.037552891396332784,0.048135299219427496,0.0915032679738561,-0.13997477931904154,-0.18716065154902586,0.058823529411764726,0.14044512663085176,0.06029411764705861,-0.0117647058823529,0.20203034359660865
26,2000-06-30,0.026429601153291626,-0.028866068346565462,0.06828034168597298,0.11477543935777824,-0.025607945709034352,0.06951980743339714,-0.21206386753400355,-0.21206386753400355,-0.2051282051282052,-0.20779220779220786,0.3128482464765649,-5.1815144766147,-0.29879768442927124,-5.3870636550308015,-0.11251250724103423,0.32156549520766786,-0.021580288870008624,-0.014067025237898156,-0.02594810379241519,0.2104105571847508,0.2176817288801572,0.0555555555555558,-0.05069537909376387,0.0027739251040221893,-0.02380952380952384,-0.12881670533642686
27,2000-09-30,0.042626020752747566,0.020734290072718098,0.0006386290762496749,0.027081132180392545,0.09986397025482896,0.07263017356475299,0.16901831281897328,0.16901831281897328,0.16129032258064502,0.16393442622950816,0.5482461615278991,0.20945406125166444,0.151354784081287,-0.4048677743973789,-0.0754487464767839,0.060195817720294816,-0.03924973949287936,-0.00923206042803193,0.10245901639344268,0.08843125378558425,0.025492094223943385,0.05263157894736836,0.054820415879017086,-0.006224066390041583,0.0,-0.006178757856610262
28,2000-12-31,0.08139860139860143,0.15247892514618178,0.14931723596909952,0.3429074174336761,-0.0028363648356722893,0.05896369003165125,-0.014766307139188473,-0.014766307139188473,-0.02777777777777779,-0.02816901408450712,-0.12932355075384985,-1.465925355058901,-0.008089722375436703,-4.927251278018089,0.3204864899557154,-0.0015961691939345712,-0.05043383947939273,-0.0406607369758577,-0.0018587360594795046,-0.09404563160823587,-0.01604782882315925,0.05000000000000005,-0.07795698924731187,-0.02052887961029925,-0.02439024390243893,-0.14181584306999673
29,2001-03-31,0.004193100443815157,-0.13532670275714465,-0.05612050116266965,-0.09907875904610244,0.09040996212935548,-0.05776270275716156,0.05147921282418877,0.05147921282418877,0.0714285714285714,0.07246376811594213,-0.5114362440966755,-3.5203213610586013,-0.4598702502316961,-1.8847501752277958,-0.21473182823397896,-0.07468311065433364,-0.05063773082048351,-0.0490066225165563,0.09310986964618252,-0.07309582309582319,-0.06779661016949158,0.05128205128205132,0.0860058309037901,-0.0436944937833037,0.0,-0.04021983512365723
30,2001-06-30,0.05972587511184613,-0.0005241624321137284,0.0871819385203707,0.1082296607894031,0.025752244600825147,0.08119185942901952,0.025904809122459186,0.025904809122459186,0.026666666666666616,0.027027027027026973,0.9332827899924184,0.10031876992312028,-0.7463967055593685,-0.7063150746944319,-0.08030823507566609,-0.008885597926693856,0.001604170844194952,0.0069637883008357715,0.025553662691652386,-0.0934393638170974,0.0017152658662091813,0.04878048780487787,-0.032214765100671235,0.015973254086181443,-0.012499999999999956,-0.09812597605413853
31,2001-09-30,0.04886301851792618,0.01637409862335204,0.018060675753373667,-0.034262755153546376,0.08925983972558171,-0.05244766771056529,-0.3112238733840763,-0.3112238733840763,-0.3116883116883117,-0.3157894736842105,0.013137254901960826,0.05606680299931832,1.4248985115020298,0.25433526011560703,-0.10952957803351504,-0.022413149047441183,-0.11111111111111104,-0.10834485938220384,0.08803986710963453,-0.04678362573099415,-0.07294520547945205,0.046511627906976834,0.03860379103097555,-0.07056672760511895,-0.03797468354430378,0.05238095238095242
32,2001-12-31,0.002238159708246368,-0.005446545027161021,0.03319933999977853,0.08776551262752963,-0.03571283137191028,-0.01582939048149179,0.009296614629012543,0.009296614629012543,0.0,0.01923076923076916,0.04567447261467007,-0.6085202517347104,1.8136160714285716,-1.1720430107526882,0.02116162188716331,0.008279200101897644,-0.09999999999999998,-0.09048603929679412,-0.03511450381679382,-0.07285276073619629,0.07905430365718512,0.044444444444444516,-0.03783663476519017,-0.05271439811172307,-0.039473684210526334,-0.0856986151103798
33,2002-03-31,0.03802459520144087,0.0699246278228538,0.003054629639553719,-0.07111281952719584,0.08395270270270272,-0.09466577114779597,0.0935001737921446,0.0935001737921446,0.0943396226415094,0.0943396226415094,-0.7795669072737368,-0.6518961253091509,-1.2449424831416105,2.1892857142857145,0.06609184768530517,-0.035118746841839354,-0.09959959959959963,-0.09664582148948264,0.08386075949367089,0.0,0.02533378979801437,0.04711246200607898,0.044182280823502174,-0.043604651162790664,-0.0547945205479452,0.15184463107378532
34,2002-06-30,0.02842487836332719,0.09345240500532047,0.04684461351056779,0.05228636457686742,0.006038647342995196,0.0835968919604857,0.04656706929434207,0.04656706929434207,0.05172413793103448,0.05172413793103448,1.3858102434928632,-0.4126702190645353,-4.45506072874494,-0.0464725643896976,0.05911347148460555,-0.11992668237758575,-0.09588660366870494,-0.09188168659534304,0.007299270072992803,-0.18858560794044665,-0.06076794657762941,0.04499274310595069,-0.021710234824989016,-0.04298740772904908,-0.05797101449275355,0.03912505696243729
35,2002-09-30,0.07844321958059486,0.02405794602052258,0.08794528937429824,-0.013410150028511314,0.06642657062825119,0.0037474776592678616,0.038572513287775216,0.038572513287775216,0.049180327868852514,0.03278688524590168,0.0015836705965159847,14.557459677419354,-2.64494961331146,-2.5560775102759834,-0.08685107498689038,-0.18357631657244866,0.016292652935751658,0.009009009009008915,0.06521739130434767,-0.18960244648318048,-0.1290437255599004,0.0430555555555554,-0.011096014492753659,0.05535390199637025,-0.030769230769230767,0.037965167272271616
36,2002-12-31,0.006442883494273355,-0.06123995573305108,0.010301540540033294,0.009167912306925707,0.0014646250680869775,0.06102814474439966,0.07661938879953213,0.07661938879953213,0.0625,0.07936507936507953,0.22101194659170773,-0.5704010885764271,-2.16925487961248,2.170943396226415,-0.3015935683009117,0.13101311953352754,0.02450090744101629,0.025412087912087825,0.002721088435374109,0.06163522012578615,0.07795918367346942,0.04127829560585883,-0.005037783375314797,0.05116079105760951,-0.031746031746031744,-0.0697730564944472
37,2003-03-31,0.03148828904526835,0.04557860611729736,0.013521043051892612,-0.0961390342648366,0.05487333204409195,-0.02239815942617407,-0.44723618090452266,-0.44723618090452266,-0.4411764705882353,-0.4411764705882353,-0.15251798561151075,-1.001508295625943,-0.5819422444254905,-1.3072712126621444,0.13268924405159566,-0.0198163363943934,-0.11071744906997336,-0.11386470194239773,0.05427408412483037,-0.021327014218009414,-0.0783794017417645,0.04347826086956519,0.02255466052934408,-0.10879345603271973,0.0,0.1568258499870232
38,2003-06-30,0.02081805962854344,-0.04864089806122696,0.04132307128458868,0.08541088557257415,-0.004823777441679278,0.06880321173946148,0.7007371007371008,0.7007371007371008,0.6842105263157894,0.6842105263157894,0.40577249575551777,-472.0,0.6205187991839114,-1.646010844306739,-0.07567714713488494,0.048323471400394384,-0.014276228419654813,-0.01889644746787611,-0.0038610038610037423,-0.006053268765133013,0.13927691043549714,0.04044117647058832,-0.024983119513842026,-0.013308857273978902,-0.016393442622950838,-0.12350664647484433
39,2003-09-30,0.0374205132041594,0.10569503664867508,-0.004346678398592152,-0.05636524679925925,0.0920729952219217,0.01657923709604292,0.032071655590869774,0.032071655590869774,0.03125,0.03125,0.28393719806763285,-0.7530785562632696,-0.8755395683453238,-6.2685851318944845,0.4313552250527659,0.0059579805581686535,-0.02324014819804654,-0.012326656394452962,0.0917312661498706,0.009744214372715998,-0.006851785070321026,0.04004711425206131,0.052631578947368585,-0.017674418604651132,0.01666666666666661,0.17175401548601776
40,2003-12-31,0.042176262451444124,0.02042314234452558,0.052820884442716265,0.18410273914156505,0.029477501792265937,0.10387335159584632,0.04591265397536404,0.04591265397536404,0.06060606060606055,0.045454545454545414,0.09735678675571437,5.407566638005159,7.815028901734103,-1.1818388711879837,-0.054799218133808836,0.0495635910224439,-0.03655172413793106,-0.02730109204368181,0.02366863905325456,-0.03860072376357049,0.03594771241830075,0.037372593431483685,-0.012280701754386005,-0.03645833333333337,0.0,-0.13822292610998846
41,2004-03-31,0.03341159972506813,0.004589722219050739,-0.005825422007336378,9.008035167368256e-05,0.08128174668195975,-0.025566296349733064,-0.4641327623126338,-0.4641327623126338,-0.4714285714285714,-0.463768115942029,-0.5054003085890622,0.26972624798711764,-1.030327868852459,1.1645807259073844,-0.12549432209846534,0.03727353727353711,-0.0501073729420185,-0.035284683239775516,0.08092485549132933,0.013801756587201952,0.03294777427269535,0.03820960698689957,0.04640319715808161,-0.03980343980343981,0.016393442622950838,0.004499366286438543
42,2004-06-30,0.016489304717351768,-0.0012160610985464393,0.03619584765153362,0.2112374124047487,-0.005616328076904821,0.05312564778347007,0.6406093906093906,0.6406093906093906,0.6486486486486487,0.6216216216216215,0.6363951473136915,-0.39357429718875503,-22.216216216216218,-0.9603931772188494,-0.005683703949551977,0.02977809591982838,-0.05802562170308977,-0.044887780548628416,-0.006417112299465289,-0.0482673267326732,0.034272141160502256,0.03785488958990535,-0.021642266072565253,-0.047594677584442135,0.0,-0.17544634407923787
43,2004-09-30,0.062098736156122936,0.09074668305227472,0.049158287567426566,-0.027038684057884788,0.07722493142334662,-0.07758063155526806,0.14964225909575268,0.14964225909575268,0.14754098360655732,0.1499999999999999,-0.15282779072230454,1.0911467410247475,-2.5286624203821657,-14.18978102189781,0.07539533525263907,-0.10037536493813448,-0.028000000000000025,-0.02088772845953002,0.07534983853606048,-0.09362808842652803,-0.08497375328083989,0.03546099290780158,0.014096725222294547,0.0053734551316495524,-0.03225806451612912,0.1211170619739863
44,2004-12-31,0.02816103597550645,0.3390571371939453,0.08319418448419147,0.1607789785842033,-0.03449160035366927,0.11093159370808436,-1.0031779661016949,-1.0031779661016949,-1.0142857142857142,-1.0,-0.31441430178772345,-2.696058004833736,-1.0371666666666666,14.428334255672386,1.0816714518507022,-0.13120074177097818,-0.3115226337448559,-0.31733333333333336,-0.035035035035035016,-0.19225251076040173,-0.1423449264969523,0.03424657534246567,-0.06094952951240384,-0.3019775521111705,-0.01666666666666672,0.15355217361632412
45,2005-03-31,-0.06544014155306233,-0.122976362984777,-0.16528167145858275,-0.2912940990557963,0.062079323070724175,-0.04030952446285985,-307.9166666666667,-307.9166666666667,-69.0,inf,0.4675419401896426,-0.10397523463220484,101.47085201793722,-0.9130528354675562,0.04517920712728096,-0.02614727854855925,0.15780035863717878,0.17578125000000022,0.06224066390041494,0.008880994671403242,0.3787625418060199,0.035950804162724566,0.13664313368253245,0.175344563552833,0.0,0.2375317990889192
46,2005-06-30,0.007741063783095249,-0.026960283549341324,0.12962660734072615,0.2008101529256554,-0.11460794288571975,0.048693315034025186,-1.3421124083627478,-1.3421124083627478,-1.338235294117647,-1.338235294117647,-0.1624005964214712,-1.6569783383602965,-0.8340554023893921,-4.982260726072607,-0.17213830982399206,0.01936073059360744,-0.420753742901394,-0.4274640088593577,-0.115234375,-0.04049295774647877,-0.14099454214675555,0.03470319634703212,-0.12141855339611295,-0.4280130293159609,0.0,-0.1896930872932403
47,2005-09-30,0.05908726024355659,0.09066260110646528,0.02046232225686251,-0.2121348105966824,0.10855423329373036,-0.01815851896283771,-4.152380952380952,-4.152380952380952,-4.173913043478262,-4.173913043478262,-1.5631211986352174,-0.3053422370617697,-5.051687763713081,-1.3390655754687657,0.07050232638290542,-0.016484500985486483,0.03030303030303028,0.0251450676982592,0.10485651214128032,0.1119266055045871,0.6996117190257678,0.033539276257722905,0.04652223489167606,0.009111617312072884,0.016949152542372836,0.3843067846607669
48,2005-12-31,-0.008974576066184459,-0.09635135474474554,0.02748116631023612,0.12271432780123726,-0.05195330000966325,0.07719863375079837,-0.1180765357502518,-0.1180765357502518,-0.12328767123287665,-0.136986301369863,-3.1451527924130662,1.4143234799327091,-1.4898463941681854,-6.997555759242285,-0.3949936615892308,-0.0202222627072326,0.5553633217993079,0.5547169811320756,-0.045954045954045834,-0.11386138613861375,-0.05337487019730014,0.032450896669513174,-0.0433645674438875,0.5259593679458239,0.01666666666666661,-0.19510739856801906
49,2006-03-31,-0.01765198854390415,-0.0403119731747531,-0.09690403150360072,-0.2081941115756696,0.08360900304858276,-0.04238096465675023,0.19155009991435912,0.19155009991435912,0.203125,0.22222222222222232,-0.6874616234802898,-0.9145431017320328,-0.14921605102311986,-0.7206316861946,-0.18239265640070512,0.058386017106731185,0.047274749721913256,0.04004854368932032,0.08376963350785327,0.10986964618249527,-0.3100043878894252,0.03308519437551705,0.10318906605922562,0.034023668639053366,0.0,0.21200889547813206
50,2006-06-30,0.011955986068605151,0.022006447503040368,0.004368530519485825,0.026313463832795758,0.020035573190128497,0.04097235308369451,-0.01533301389554387,-0.01533301389554387,-0.012987012987012991,-0.012987012987012991,1.7021611001964638,-0.4956319161327898,-0.3323442136498517,-1.3854850474106493,0.08599438636456093,-0.07167955024595918,0.4620286776420606,0.5017502917152861,0.019323671497584627,-0.14261744966442946,-0.11573926868044515,0.032025620496397116,0.008052859797646139,0.4971387696709586,0.0,-0.004193971166448375
51,2006-09-30,-0.021370459493525784,-0.07719622990763653,-0.1317971392249202,-0.16414440402126884,0.09441254139246348,-0.0007240942356926405,0.06277372262773717,0.06277372262773717,0.05263157894736836,0.05263157894736836,0.7100479860404245,-3.4445727482678983,3.458713450292397,-3.3642384105960264,-0.1872120462973368,0.05582891748675234,-0.010897203051216886,0.03418803418803407,0.09383886255924144,0.03522504892367895,-0.30600503416037395,0.031031807602792668,0.11818926669397788,0.007166746297180948,0.03278688524590168,0.1040186013863298
52,2006-12-31,-0.08187877926183651,-0.007859832978549197,0.010682678405333991,0.309750695374472,-0.15886998552245546,0.09865169120881956,-0.8485576923076923,-0.8485576923076923,-0.85,-0.85,0.5796768707482993,2.094000944733113,-0.15801899165835998,-2.879551820728292,0.43292317618323417,-0.01774511561211689,-0.17921410209327934,-0.15251690458302025,-0.16117850953206234,-0.10207939508506614,-0.04093264248704653,0.03009781790820165,-0.08389814984429389,-0.1949715370018975,0.04761904761904767,-0.24247963441287496
53,2007-03-31,0.08097780045000325,-0.046253507179402575,0.11159302759984337,-0.18350211385311171,0.05037930186600127,-0.004522648576072319,2.8450491307634165,2.8450491307634165,2.9166666666666665,2.9166666666666665,-0.5199440167949615,-4.748549618320611,-1.5879494049473486,-1.6577602725143707,-0.19872640144083875,-0.02718978102189773,-0.11946308724832212,-0.11879432624113473,0.050619834710743834,0.15999999999999992,0.1755807671528904,0.03140978816654494,-0.028194361127774407,-0.15026517383618146,0.045454545454545414,0.1680742800188848
54,2007-06-30,0.013580075252914714,0.034101232965606736,0.02427988261717795,0.09462225754401166,0.002262894597664377,0.09580937507394527,0.3045016709258894,0.3045016709258894,0.2978723404255319,0.2978723404255319,-0.3400986768333707,-0.9376858225064147,-1.767910131411615,-0.5615795436154718,-0.10873404511519624,0.07822172200337629,-0.06046747967479671,-0.06438631790744465,0.001966568338249708,0.025408348457350405,0.2284007352941176,0.02974504249291776,-0.011111111111111072,-0.10957004160887662,0.04347826086956519,-0.055283603538869186
55,2007-09-30,0.03815743527494631,0.09333458839279184,-0.03753321169051505,-0.10419783507876446,0.1199740484429066,-0.009544374865039895,0.3958710066305002,0.3958710066305002,0.3934426229508197,0.3934426229508197,1.4545454545454546,3.28562091503268,-0.20894286502898152,-2.0151347360649687,0.12384598063499208,-0.021050800278357595,0.026500811249323908,0.012903225806451646,0.1197252208047106,-0.02300884955752225,0.052749719416386176,0.029573590096286125,0.0786516853932584,-0.017912772585669808,0.04166666666666674,0.22052671610572336
56,2007-12-31,0.07613270066270239,0.1781570161760908,0.11177722714649184,0.3352981628843699,0.043021881685963326,0.13142059823842334,-0.0776206412609306,-0.0776206412609306,-0.08235294117647053,-0.08235294117647053,0.5435790931118034,0.6228458136342839,-0.14392882065596646,1.6363636363636362,0.29052294129432976,-0.035365203483206036,0.256059009483667,0.2590233545647558,0.04119193689745848,-0.1376811594202898,-0.05899076048329776,0.02872411489645965,-0.030671296296296387,0.2569389373513087,0.0,-0.11770204479065235
57,2008-03-31,0.016089422060815428,0.01926746291439652,-0.06083360132825767,-0.20306062389640966,0.09225483008612324,-0.07360875597348547,0.2456694756554308,0.2456694756554308,0.2435897435897436,0.2435897435897436,-0.2363995156299053,-0.02828681514895215,0.7564703484817608,-1.1035862068965516,-0.023319360347772045,-0.0327929255711128,0.11577181208053687,0.14671163575042168,0.0917508417508417,-0.0714285714285714,-0.26850453172205435,0.030519480519480387,0.07482587064676638,0.15205047318611986,-0.013333333333333308,0.2789917450227344
58,2008-06-30,0.01628874436046179,0.009853904121592594,0.036352777224766035,0.213718611521418,-0.0007932364726062069,0.07130376903236546,-0.09912618622568824,-0.09912618622568824,-0.09278350515463918,-0.09278350515463918,-0.3651474215905086,-0.18752417794970988,-0.3926209537069265,2.6897470039946736,-0.08809690341451004,-0.06019047619047613,0.022556390977443552,0.04632352941176476,-0.0007710100231302919,-0.14027149321266974,-0.20650490449148173,0.02961562696912412,-0.01666358081836694,0.05531215772179632,0.0,-0.16798398508956613
59,2008-09-30,-0.001617901412510836,0.021195699331866047,0.07311357000153684,0.23788697041150075,-0.06760754512145473,0.011474836905871477,-1.4856070087609512,-1.4856070087609512,-1.4886363636363638,-1.4886363636363638,0.9720603201036172,-1.085227949053684,0.08080229226361024,-6.360158787441358,0.5178328626712687,-0.055735711390352605,-0.3746323529411765,-0.3815881939564302,-0.06712962962962965,-0.05526315789473679,-0.12882238126219905,0.028763769889840862,-0.06608924872905297,-0.3850544888427608,0.0,-0.17501866755164694
60,2008-12-31,0.054336253162546866,-0.03804322637457713,0.6094876660341555,1.013840670988356,-0.5098605693660128,0.00019195700163154855,6.7951030927835046,6.7951030927835046,6.674418604651162,6.674418604651162,0.1167667479827359,-77.34497206703911,-8.5949098621421,-0.2303911667676564,0.2625643145902241,-0.2101309293839881,-1.9753086419753083,-1.8409090909090908,-0.5153019023986766,-0.1532033426183843,0.2494398805078417,0.027959547888162014,-0.5350806451612904,0.0,-0.013513513513513488,-0.5223512847588877
61,2009-03-31,-0.0895435531243367,-0.17608987176089874,-0.1605664381398122,-0.4387590867830691,0.14691253544756733,-0.03137894635831495,-1.3617953380724086,-1.3617953380724086,-1.3636363636363638,-1.3636363636363638,-0.9630749842470068,-1.0415820573331138,-1.5539421018337525,-2.9102440731344594,-0.3972565357396256,-0.07554347826086938,0.02350813743218816,-0.1148648648648648,0.14675767918088733,0.9111842105263156,0.0,0.0283564814814814,0.2593235039028621,0.0,0.013698630136986356,0.4680492683440362
62,2009-06-30,0.012584220658124371,0.06577716268371603,-0.0263247156591514,-0.05006999469943052,0.10852060894780458,0.048702199326332574,-0.11773665372020416,-0.11773665372020416,-0.12499999999999988,-0.12499999999999988,9.503981797497156,-0.5508139023317202,-0.5330196605612503,-1.0042132258655432,0.002776855512963694,-0.003233392122281243,0.04004711425206131,-0.10229007633587794,0.10863095238095256,-0.13080895008605853,0.0,0.02757456387169399,0.0950413223140496,0.0,0.0135135135135136,0.12197920401577612
63,2009-09-30,0.007292575608488283,0.07998866057629872,-0.06252075225212961,-0.1318873134648677,0.15666055517277622,0.05086154776299878,-0.1870522227017696,-0.1870522227017696,-0.18095238095238092,-0.18095238095238092,0.4141665764107008,-0.33692458374143,-0.17848146815401222,56.16304347826087,0.15829395298437832,-0.004128575641403565,-0.8516421291053228,-0.8656462585034014,0.15704697986577165,-0.10297029702970284,0.0,0.0268346111719604,0.14811320754716986,0.0,0.026666666666666616,0.2440240317013933
64,2009-12-31,0.012275185325808513,0.0572819644369178,0.04138095210446546,0.0825051503914298,-0.03845687862205438,0.06691837468536499,-0.028031429178169483,-0.028031429178169483,-0.03488372093023262,-0.03488372093023262,0.5459906563529142,-4.756277695716396,0.23576434515987746,0.16885339418140322,0.15973701990541025,0.03612673970980152,-19.50381679389313,-21.278481012658226,-0.0417633410672853,-0.10375275938189854,0.0,0.026133333333333345,-0.05012325390304018,0.6725738396624472,0.051948051948051965,-0.02327373612823669
65,2010-03-31,-0.009580895018007407,-0.01874824810795661,-0.06691161711902582,-0.13862456418142233,0.09827063011224624,-0.07561255097570019,0.3634476731483505,0.3634476731483505,0.36144578313253,0.36144578313253,-0.5254136530268503,-0.79315768777035,-0.5152857775808595,-0.5732877826582072,0.058773443276793014,0.01971991997713629,-0.08498349834983497,-0.020599250936329527,0.0980629539951574,0.06403940886699533,-0.4584578601315002,0.02546777546777568,0.10899653979238756,-0.03430877901109985,0.012345679012345512,0.13918257850718008
66,2010-06-30,0.01931406216679288,0.017465965851588328,0.04495234680768423,0.11789451357466076,-0.0208516578071819,0.04798104092607791,0.08076275939427924,0.08076275939427924,0.07964601769911518,0.07964601769911518,0.9954070981210856,13.338403041825096,-0.028336380255941537,0.670987418985894,0.0927579784982646,-0.03054932735425997,0.0009017132551849547,0.03696622052262577,-0.02094818081587646,-0.11805555555555558,-0.013245033112582849,0.02483527622909265,-0.03952158086323454,0.02403343782654144,0.012195121951219523,-0.08985547398069915
67,2010-09-30,0.07867806991281645,0.13780241288583706,0.0006290099383570169,-0.035923220440818415,0.21203925206268606,-0.016334127715831426,-0.034101860775446635,-0.034101860775446635,-0.03278688524590168,-0.03278688524590168,-0.07977610378740319,0.04547865287722086,-0.2590780809031045,0.7004334930412959,0.14434007940350546,0.02486267707429901,0.017342342342342217,0.05408727719729557,0.21171171171171155,0.04724409448818912,-0.019015659955257225,0.02423343224530173,0.123714131023281,0.07653061224489788,-0.02409638554216853,0.1802039470346506
68,2010-12-31,0.03668703163090248,0.04622716665609161,0.062278556243856815,0.16466034703316154,0.0005800323851414825,0.09411473438494733,-0.10231023102310233,-0.10231023102310233,-0.27118644067796605,-0.27118644067796605,0.2666136092319937,0.984147114774889,0.3956323006602336,-0.8867570105997585,0.014283780124559888,0.011565585331452688,-0.01416869603719284,0.02099125364431487,-0.002788104089219257,-0.16541353383458646,-0.06271379703534763,0.023660067600193013,-0.034931341845338526,0.04123222748815181,-0.012345679012345734,-0.10170657266904516
69,2011-03-31,0.02238286012889734,0.03465633423180603,-0.044516531637670435,0.07750584391810067,0.12220316739531255,-0.05621464360756423,-0.09721272229822164,-0.09721272229822164,0.10465116279069764,0.10465116279069764,-0.4721511601813204,-0.9739852988175136,0.2987627365356622,5.080568720379146,0.08563038109857835,-0.03151143335192419,-0.10622052548843464,-0.0742432895488293,0.12208760484622536,-0.027027027027026973,-0.03771289537712896,0.02311320754716984,0.09785322016974553,-0.05234410559854352,-0.025000000000000026,-0.03976647365650565
70,2011-06-30,0.034200654355693194,-0.026311847495489867,0.04173164950369057,0.12659766329491107,0.02430029917994569,0.0708316207699684,0.1339141964201156,0.1339141964201156,0.12631578947368438,0.12631578947368438,0.7348014624606751,45.64864864864865,-0.20944242084617531,-1.7655884645362432,-0.06038669617607284,0.06737690757270376,-0.10477386934673373,-0.06971005552128318,0.024086378737541603,-0.04938271604938271,0.11378002528445008,0.022591055786076453,-0.009777171441564423,-0.05187319884726227,-0.02564102564102566,-0.1357021827967707
71,2011-09-30,0.00802030549767685,-0.02525701825381433,-0.02799651935164816,-0.04654022388492551,0.054900257760842834,-0.016776484135107458,0.032573289902280145,0.032573289902280145,0.03738317757009346,0.03738317757009346,0.01622310444542463,-0.4689244706625935,-0.2186780081516924,-2.2323746500381776,0.07920176658215428,-0.004316158618829391,-0.06090373280943029,-0.038461538461538436,0.05515004055150041,-0.02922077922077915,0.031782065834279116,0.02209197475202896,0.04661308840413314,-0.03394123606889553,0.0,0.02231447846393375
72,2011-12-31,0.01869124937201528,-0.02226766488022125,0.11898711654053805,0.08657671577871584,-0.10085255567507267,-0.016477171066543006,-0.3058319178192995,-0.3058319178192995,-0.4414414414414415,-0.4414414414414415,-0.0620719591009935,0.8613507884558167,0.4762984803810389,-2.394465097067328,-0.10233869378722893,0.04741262530479552,-0.0851763299462045,-0.08551724137931027,-0.10299769408147574,-0.006688963210702337,0.06600660066006593,0.0216144684605204,-0.11737604212373842,-0.061352910330361936,-0.02631578947368418,-0.10016920473773272
73,2012-03-31,-0.04223435671037856,-0.11549529063320275,-0.1345941702030391,-0.26617698104334386,0.09543853430514626,-0.0735289253464757,0.1781635982288512,0.1781635982288512,0.4677419354838711,0.4677419354838711,-0.5616290430400577,-0.6524403239556692,2.1602396681517897,1.6663210900473937,-0.30397636133389616,0.0382824624935334,-0.02580855929434811,-0.014328808446455343,0.0951156812339331,0.15824915824915808,0.10423116615067074,0.021157167530224445,0.14367387521749952,-0.0005586592178770111,-0.013513513513513488,0.2053403535163596
74,2012-06-30,-0.013201729625103131,-0.023431672829416158,0.005116102804382239,0.008544791491829073,-0.03530379328708855,-0.00023205997857911334,-0.08653941252101671,-0.08653941252101671,-0.08791208791208792,-0.08791208791208792,0.5319648093841642,-0.4093208646328377,-0.7313077297034516,-1.1242015219685608,0.054242880015525685,0.022670652715495617,-0.0640509725016768,-0.056618209640397876,-0.03521126760563376,-0.06686046511627908,0.033644859813084294,0.020718816067653467,-0.02238643773092808,-0.03745108999441038,-0.013698630136986356,-0.0317212688507541
75,2012-09-30,0.0788492609846414,0.14069698471638792,0.04338263437819556,0.05310377172942804,0.12257519007155634,-0.02810362990340498,0.43633607622347337,0.43633607622347337,0.4216867469879517,0.4216867469879517,0.18246554364471668,-0.6555930443810019,-0.01447439840781617,3.353309481216458,0.22398637765198592,0.09159561510353242,0.005016123253314353,0.012165450121654377,0.1224655312246552,0.13084112149532712,0.1672694394213381,0.020298260149129943,0.04068474877723438,0.05400696864111509,-0.04166666666666674,0.0831901181525243
76,2012-12-31,0.0022697473849828675,-0.07124489810455238,0.07451229461073905,0.2052667116812965,-0.08088020168694954,0.09444638362757883,-0.3763756972712197,-0.3763756972712197,-0.4830508474576271,-0.4915254237288136,0.03736320663083603,11.528259231348908,1.3227464659445567,-2.335935894801726,-0.24447285306061065,0.11269805846909176,-0.027807486631016176,-0.012820512820512777,-0.05924855491329484,-0.008264462809917328,0.09062742060418284,0.019894437677628884,-0.08310190130314032,-0.0033057851239668428,-0.014492753623188246,-0.2294114730527047
77,2013-03-31,-0.06101357892258185,-0.05465268776795229,-0.11620382165605092,-0.09486858573216517,0.012421098258066364,-0.0596568973041931,0.8711471050404931,0.8711471050404931,1.3278688524590163,1.3666666666666667,-0.7631710362047441,-1.8150977443609024,0.3674517862788491,-0.9367886804060288,-0.02045386682591821,0.06598475732049748,0.1290795746241291,0.13068181818181812,0.01920122887864828,0.1333333333333333,0.07244318181818188,0.019506369426751442,0.07828518173345755,0.13101160862354888,0.0,0.044395830652425694
78,2013-06-30,0.02866554592710236,0.02540949692116734,0.03719334659402107,0.10731405394016004,0.018650575973669703,0.05849696536951088,-0.2208010335917313,-0.2208010335917313,-0.2112676056338028,-0.2183098591549295,3.315234580917238,-1.923695668216368,-0.6914629212184267,0.8260340632603407,-0.03812935020068076,0.010348071495766886,0.045144527443975235,0.0495333811916725,0.018839487565938118,-0.007352941176470673,-0.1172185430463576,0.019133151112846525,-0.009723422644770996,0.045943304007820096,0.0,-0.07392804337111869
79,2013-09-30,0.02225967615722624,0.0445356942235724,-0.05114621781473738,-0.03953142653267527,0.10899431288335504,-0.026493751791827558,-0.002570054717293991,-0.002570054717293991,-0.008928571428571397,0.0,0.21646713901783546,-0.2459854597747065,-0.00899213188460102,-4.880079946702199,0.15380958668955502,-0.02346368715083813,-0.038222498446239817,-0.022571819425444617,0.10872781065088756,-0.041975308641975295,-0.0870217554388597,0.018773946360153282,0.08487890028365698,-0.038785046728971984,0.014705882352941124,0.08748004257583819
80,2013-12-31,0.03777645617919312,-0.007385132780900139,0.03154749699756887,0.10407251024628228,0.04407506321393262,0.006271004400097091,-0.3953121103815144,-0.3953121103815144,-0.5495495495495496,-0.5315315315315315,-0.13295842538662386,0.30578512396694224,0.9591682419659736,-1.9249656593406592,-0.1233033486690014,-0.056064073226544615,-0.06397415185783517,-0.026592022393281955,0.050700466977985366,-0.14948453608247425,-0.04108463434675436,0.01842798044377569,0.006033789219629826,-0.014584346135148253,0.0,-0.10093595155074332
81,2014-03-31,-0.013952287602095992,-0.004990575900249539,-0.06813948205361198,-0.25625238319538834,0.04008189933867978,-0.19379217738603494,0.0005498281786942005,0.0005498281786942005,0.3600000000000001,0.3076923076923077,-0.8423094741718786,-1.3151574164232391,-0.4258008490930143,-1.1072953406348618,0.015090595791342531,0.11696969696969695,-0.21608560579910246,-0.18979151689432072,0.040000000000000036,0.06363636363636371,0.13881748071979438,0.018094534711964545,0.05477808876449418,-0.14109521460286134,-0.05797101449275355,0.337824045723617
82,2014-06-30,0.007523685944373693,0.00900355080410753,0.037505637425189864,0.11847640876396692,-0.019325884360975258,0.053917277017360384,0.007693364473141839,0.007693364473141839,0.0,0.0,2.8703635695923615,-2.207260556127704,0.1804738699378257,-3.1159169550173016,-0.031455761316872444,0.09712425393380353,-0.1567591369440775,-0.13398402839396614,-0.017094017094016922,0.054131054131054235,0.3348382242287433,0.01777294160319176,-0.02653525398028811,-0.0809879379666858,-0.061538461538461535,-0.09785372800325498
83,2014-09-30,-0.010554451374134688,-0.07951842027256073,-0.0033659155525270767,0.021193410089788808,-0.01748249803989166,-0.012156576707999078,-0.3175187457396046,-0.3175187457396046,-0.30882352941176483,-0.30882352941176483,0.6048012145364836,2.5182341650671787,-0.4222064056939502,3.9051512673753055,-0.15930637066149722,0.0463237718430598,-0.21566579634464755,-0.21106557377049184,-0.014285714285714457,0.06486486486486487,0.19673055242390086,0.017462580185317208,-0.007009345794392385,-0.171875,-0.049180327868852514,-0.0986582478295186
84,2014-12-31,0.07300108517466697,0.005722307088889878,0.28431655693934443,0.4796160853378397,-0.12994855483805245,0.05039379768643859,-0.14402716739912105,-0.14402716739912105,-0.14893617021276584,-0.14893617021276584,-0.20203393839058714,0.32078559738134205,-5.011825572801183,-2.1765294215702617,0.2229452271147893,0.06128879785725538,-0.0818908122503329,-0.12337662337662335,-0.1279143037177063,0.07614213197969555,0.34997644842204423,0.017162872154115494,-0.1892156862745099,-0.08000000000000007,-0.05172413793103437,-0.32024018013510136
85,2015-03-31,-0.040999833235605854,-0.03588728878963532,-0.04968770221339047,-0.25559669863930395,-0.02949288371972003,-0.09306230839825824,0.23570595099183206,0.23570595099183206,0.25,0.25,-1.062833432128038,-1.073798705768966,-1.4306067305330386,-2.14310002833664,-0.20838929641491888,0.0745249406175772,-0.03553299492385775,-0.08888888888888903,-0.02890173410404628,0.233490566037736,0.1325889741800419,0.017217630853994415,0.012091898428053138,-0.08121410992616895,0.0,0.2950864924549135
86,2015-06-30,0.010733748622170358,0.051376599930169416,0.030124496556786395,-0.013292739934555152,-0.016722744272711476,0.07190991883221742,0.13465533522190756,0.13465533522190756,0.1399999999999999,0.1200000000000001,-12.18632075471698,0.13432835820895514,0.345122646891044,-1.3107337630143778,0.08179979117723835,0.08786957723127943,-0.011278195488721776,-0.06666666666666665,-0.015624999999999887,0.12045889101338435,0.18330252618607504,0.016926201760324888,-0.027240143369175573,-0.0625,0.0,0.06557726465364122
87,2015-09-30,0.007439658569343477,0.017900534586100747,-0.012535628562856279,0.008661321671525668,0.037565693953088834,-0.003816257255910172,0.33105858854860193,0.33105858854860193,0.3157894736842106,0.3392857142857142,0.16455829643685438,-4.125548245614035,-0.36895674300254455,-1.3059433585959317,-0.023133765646207168,0.06832613665227337,0.1923954372623573,0.132404181184669,0.03854875283446702,0.0853242320819112,0.134860713355897,0.01664447403462055,0.02996806681405052,0.14000000000000012,-0.018181818181818188,0.009134551273503266
88,2015-12-31,-0.02026734830476496,0.000525185008355189,-0.00404485420484435,-0.008875989064588752,-0.04270960621230635,0.08385587837974072,-0.40177566587470304,-0.40177566587470304,-0.4,-0.4,-0.2719290305060197,-1.4450096474302754,0.14180107526881724,-6.57496740547588,0.13202420649623314,-0.022230147408464185,0.034438775510204245,0.03230769230769237,-0.04148471615720528,-0.05817610062893086,-0.14613443450332653,0.016371971185330736,-0.022895301693298342,0.008354218880534779,0.03703703703703698,0.00951437066402372
89,2016-03-31,-0.024659182600530242,-0.06831774511675259,-0.06274012565185473,-0.1079882375814134,0.030100265590578656,-0.0949661433142347,-0.08005852842809369,-0.08005852842809369,-0.06666666666666676,-0.08888888888888903,-1.4064403829416885,-1.5731178557351202,0.2012948793407887,-4.177736202057998,-0.3706087715470217,-0.06881458966565346,-0.038224414303329235,-0.0312965722801789,0.03264996203492787,-0.028380634390651083,-0.08946802794196662,0.016430412371134073,0.05613863802782526,-0.04805302402651202,0.017857142857142568,0.04444008115714393
90,2016-06-30,0.05140984324826037,0.10778857152612976,0.10968650825941896,0.14441008595676275,-0.024823616413167326,0.11093297157304073,0.6989320608952512,0.6989320608952512,0.6904761904761905,0.7317073170731707,-5.288161517283573,6.021320495185696,-1.7097011268985791,-1.6847218133647337,0.4031894609117699,-0.01214257735996871,0.06346153846153846,0.061538461538461535,-0.025000000000000026,-0.04467353951890042,0.028917084685747836,0.016164817749603873,-0.0725675987982436,0.04177545691906004,0.017543859649122858,-0.03202155658603845
91,2016-09-30,0.030568631375204488,0.031485748191072194,0.007122200274071844,-0.015260088084751766,0.0650324854993749,-0.03942791592658379,0.04052427444162099,0.04052427444162099,0.042253521126760514,0.028169014084507005,0.1836210586388929,-0.2215692036438437,-2.031411805315844,-0.7302235597592434,0.07751698579369992,0.0590800951625694,-0.01446654611211562,-0.01884057971014508,0.06485671191553544,0.08633093525179869,-0.009463722397476282,0.0159076731129133,0.033391477697483296,-0.02005012531328321,0.0,0.047517317278435986
92,2016-12-31,0.03233812978348126,0.12815724008098073,0.1251860110582721,0.32803887438352186,-0.10144843866266384,0.10955948918466007,-0.007969151670951136,-0.007969151670951136,-0.027027027027027084,0.0,0.2758558341369335,0.4824462061155153,-1.4598393574297188,3.3549800796812748,0.3132989395242189,-0.07001123174840884,0.130275229357798,0.09601181683899562,-0.1005665722379604,-0.1258278145695364,-0.0619571511291257,0.01565858151673316,-0.12949119845671575,0.09974424552429673,0.0,-0.1505469377665163
93,2017-03-31,-0.03044897811930658,-0.14072867416266044,-0.048727219782086384,-0.04902335572424588,0.0016633708603126518,-0.09238781355785086,-1.1435605079036022,-1.1435605079036022,-1.1388888888888888,-1.1369863013698631,-0.8394350229108603,0.2134793311263901,-4.186681222707423,-2.7978227060653187,-0.4288863185002509,0.07139023081052076,-0.1877705627705627,-0.21698113207547176,0.0015748031496063408,0.19128787878787867,-0.04475308641975306,0.01571946795646917,0.032963988919667564,-0.21472868217054264,-0.017241379310344862,-0.09639869043288474
94,2017-06-30,0.08829931719659911,0.213490852483778,0.13844034590954313,0.08102029096477792,0.004974698881049068,0.11399498881089465,-10.097472924187725,-10.097472924187725,-10.6,-10.499999999999998,3.857605177993528,0.5730973698936765,-2.2103460089071603,-1.230510889476898,0.17310558294164854,0.02429859719438876,0.12991339107261826,0.08777969018932885,0.007075471698113178,0.022257551669316426,0.2765751211631664,0.01547619047619042,-0.0764279967819792,0.09772951628825256,0.0,0.12254428341384882
95,2017-09-30,0.05040479650275365,0.1068110373733846,0.04754115502972733,0.121475054229935,0.05598973107908778,-0.028552787459437238,-0.44880952380952377,-0.44880952380952377,-0.4479166666666666,-0.44210526315789467,0.13930107201259756,-0.21828449464182487,-0.5275969431078404,0.4445916114790287,0.2131665526564384,-0.006480802152115439,-0.08018867924528306,-0.12183544303797478,0.05542544886807167,-0.013996889580093264,-0.1098456087066565,0.015240328253224078,0.005226480836237003,-0.1097122302158272,-0.01754385964912264,-0.013125806914359606
96,2017-12-31,0.045816825697970735,0.1017706731541621,0.1876412666043965,0.14758615244937426,-0.22149318683975472,0.0888476493460586,-3.9821814254859613,-3.9821814254859613,-4.018867924528302,-4.018867924528302,-0.07314868959651266,-1.9402161547212744,-2.0830836828440185,3.296913202933985,0.7550143651155923,0.04923076923076919,-1.0955128205128206,-1.0882882882882885,-0.2174556213017751,-0.004731861198738252,0.14870628376457207,0.01501154734411081,-0.2556325823223571,0.0,-0.017857142857142905,-0.039901155607238836
97,2018-03-31,-0.013903648207020723,-0.1531395003671473,-0.1064235991246687,-0.20562194291375147,0.25317023515812354,-0.0747804632590452,-1.7347456092703242,-1.7347456092703242,-1.725,-1.725,-0.7496415256667623,-1.1030310363603364,6.129817444219067,-2.227604111099257,-0.5281203145558582,-0.049736070381231616,-6.476510067114093,-6.285714285714287,0.2646502835538753,0.21394611727416807,0.0,0.015927189988623525,0.27085758634070634,-0.5131313131313131,-0.018181818181818188,0.066086298258895
98,2018-06-30,-0.04500897293690087,0.1273683239553547,0.03260570146265418,0.13061401229756653,-0.2045707992014869,0.11494736842105267,-1.2134877608017085,-1.2134877608017085,-1.2155172413793105,-1.2155172413793105,2.4765177548682704,-19.39929536112742,-0.7849734902366481,-2.08143341348243,1.2103232500081056,0.004073571164053824,-1.133578431372549,-1.1274131274131274,-0.19581464872944696,-0.20626631853785904,0.9358910891089108,0.015677491601343796,-0.1670229007633589,0.0,0.0185185185185186,-0.002911311510331749
99,2018-09-30,0.0534925116621654,0.12836079791847355,-0.008595112302527186,-0.17069826582511186,0.13166366657435624,-0.04615118328298085,-5.422854944209311,-5.422854944209311,-5.52,-5.48,0.3982207578253707,-1.1270504882874832,-1.5204474380562911,-0.42601125100455395,0.3143033165622753,0.18367346938775508,-4.2568807339449535,-4.090909090909092,0.14684014869888484,0.4720394736842104,0.0,0.01571113561190729,0.0740469208211143,-0.6161825726141079,0.0,0.36063238854864
100,2018-12-31,-0.016060468211835932,-0.006589029242140776,0.08286025556044119,0.09803541245254777,-0.24837495985194924,0.06214223263333274,-0.02131361461504999,-0.02131361461504999,-0.0265486725663715,-0.0267857142857143,-0.31723065321896504,0.6553629741271036,-4.7894615206840765,-1.448872917347272,-0.10734374999999996,0.16327378479434973,6.43380281690141,6.235294117647059,-0.2309562398703403,0.01452513966480451,2.3303925329241792,0.017367706919945824,-0.2361774744027303,6.113513513513514,0.0181818181818183,-0.09525803412540568
101,2019-03-31,-0.13440708383817224,-0.3869710359325729,0.07401672156682104,-0.05484476072711364,-0.7476471964756275,-0.20911378249930115,2.770311111111111,2.770311111111111,2.936363636363636,2.9541284403669716,-0.7851176917236142,10.652048558421852,-1.83417698359456,5.198585984612185,-0.7453927133605059,0.08580357142857142,1.5668813944676012,1.0081300813008127,-0.7312961011591148,0.4107929515418503,-0.8503474488424771,0.017071218991731252,-0.7082216264521894,0.9848024316109424,0.017857142857142568,-0.3513826217748467
102,2019-06-30,0.017354789142995486,0.06802937090692596,0.010363469124028636,0.05511698899084205,0.12103374591783254,0.10692824319547543,-0.6870992078460958,-0.6870992078460958,-0.6674364896073903,-0.6658932714617171,2.3777706392547384,-1.0079440530298098,-1.6476092996052054,-1.0425710355932771,0.12463170300530345,-0.007565167338212332,0.0,0.28137651821862364,0.12941176470588234,2.6947697111631537,-0.5061570035915854,0.033831628638866906,0.10107197549770296,0.29249617151607965,-0.01754385964912264,0.012219051016767679
