Unnamed: 0,Quarter end,Assets,Current Assets,Liabilities,Current Liabilities,Shareholders equity,Revenue,Earnings,Earnings available for common stockholders,EPS basic,EPS diluted,Cash from operating activities,Cash from investing activities,Cash from financing activities,Cash change during period,Cash at end of period,Price,ROE,ROA,Book value of equity per share,P/B ratio,P/E ratio,Cumulative dividends per share,Equity to assets ratio,Net margin,Asset turnover,Current ratio
0,1994-12-31,-0.005041830572330874,-0.014859388431781915,-0.015297166262643103,-0.010470275066548409,0.01511666118961541,-0.006732813607370658,-1.3868613138686132,-1.4963503649635037,-1.5538461538461537,0.0,-0.6075268817204301,-0.4440298507462687,3.3181818181818183,1.1111111111111112,-0.19718309859154928,0.09785932721712533,0.17979610750695094,-0.1077199281867145,0.014550264550264647,0.08092485549132955,-0.135566809505259,inf,0.02033492822966521,0.2294520547945207,-0.02362204724409456,-0.00442875925541486
1,1995-03-31,-0.005041830572330874,-0.014859388431781915,-0.015297166262643103,-0.010470275066548409,0.01511666118961541,-0.006732813607370658,-1.3868613138686132,-1.4963503649635037,-1.5538461538461537,0.0,-0.6075268817204301,-0.4440298507462687,3.3181818181818183,1.1111111111111112,-0.19718309859154928,0.09785932721712533,0.17979610750695094,-0.1077199281867145,0.014550264550264647,0.08092485549132955,-0.135566809505259,inf,0.02033492822966521,0.2294520547945207,-0.02362204724409456,-0.00442875925541486
2,1995-06-30,0.017652299810669403,-0.02006980802792324,0.03701188455008486,0.07657819225251082,-0.019261897054062786,-0.006732813607370658,-1.3868613138686132,-1.4963503649635037,-1.5538461538461537,0.0,-0.6075268817204301,-0.4440298507462687,3.3181818181818183,1.1111111111111112,-0.5185185185185186,0.09785932721712533,0.17979610750695094,-0.1077199281867145,-0.022164276401564487,0.08092485549132955,-0.135566809505259,1.0588235294117645,-0.03634232121922632,0.2294520547945207,-0.02362204724409456,-0.08980329464099535
3,1995-09-30,0.004979480164158723,0.019335962345757636,-0.008595284872298659,-0.005663834749291996,0.032348572371678534,-0.009810916874776976,-6.415094339622643,-5.220588235294118,-4.972222222222221,1.0806451612903225,3.9315068493150687,0.26174496644295303,0.5631578947368421,-0.5300751879699248,-0.5060728744939271,0.11002785515320346,0.17979610750695094,-0.1077199281867145,0.03866666666666664,0.1390374331550801,-0.135566809505259,0.4857142857142858,0.027676399026763887,0.2294520547945207,-0.02362204724409456,0.025124093165330263
4,1995-12-31,-0.03909397800283132,0.020466741544989286,-0.07398233011312028,-0.11358686547160325,0.02845723421262991,0.09025400828679507,0.08362369337979092,0.08362369337979092,0.013986013986013957,0.0,0.8694444444444445,-0.5,-0.8383838383838383,-5.247999999999998,4.352459016393444,0.11762860727728985,0.17979610750695094,-0.1077199281867145,0.03080872913992283,0.07511737089201875,-0.135566809505259,0.0,0.07043503995264877,0.2294520547945207,-0.02362204724409456,0.15129618593563765
5,1996-03-31,0.001926563916591073,-0.019200195670783904,-0.016852429781542555,-0.011718011718011678,0.03466500854966581,-0.15581625908790486,-0.12540192926045013,-0.12540192926045013,-0.06896551724137923,-0.05426356589147297,-1.2065378900445765,0.6595744680851063,3.208333333333333,-1.935969868173258,-0.7611026033690659,0.08055009823182703,0.17979610750695094,-0.1077199281867145,0.03300124533001258,0.0480349344978166,-0.135566809505259,0.3846153846153846,0.03290019353055018,0.2294520547945207,-0.02362204724409456,-0.00757036557748303
6,1996-06-30,0.7151905892998529,0.2765586034912719,1.1237076002176671,0.5909351692484222,0.03846153846153855,0.3850068506557056,0.09926470588235303,0.09926470588235303,0.11111111111111094,0.0901639344262295,-4.928057553956835,47.31410256410256,-36.76732673267328,-1.4708249496981889,1.5,0.037402597402597326,0.4100549882168108,-0.1077199281867145,0.033755274261603414,0.004166666666666874,-0.135566809505259,0.2777777777777779,-0.39427194860813697,0.3676880222841224,-0.08870967741935487,-0.19761376972225853
7,1996-09-30,-0.0019453969928778796,-0.004395389724555554,-0.014349162965493713,-0.033056857795408116,0.0400752314814814,-0.006783493499152082,0.04013377926421402,0.04013377926421402,0.03333333333333344,0.03759398496240585,0.6501831501831501,-0.9746583521294944,-1.1075432525951556,-1.2863247863247862,-0.17179487179487174,0.051827741612418654,-0.01504178272980494,-0.1077199281867145,0.07988338192419843,0.016597510373443924,-0.2843623253717891,0.21739130434782614,0.04242156429518329,-0.03869653767820769,-0.07079646017699104,0.029657918257902205
8,1996-12-31,-0.0334335458720143,-0.02482095555773567,-0.02941941074523402,0.08204873197414231,-0.04632076783975514,0.09021058622652256,0.495176848874598,0.495176848874598,0.5612903225806452,0.5362318840579712,-0.6359600443951166,-0.2408376963350785,-0.3487773487773488,3.82089552238806,-1.0,0.08236134253749118,0.11142533936651587,0.008048289738430636,-0.04751619870410362,0.0040816326530610505,0.06423173803526439,0.1785714285714286,-0.013988978380669814,0.061440677966101635,-0.04761904761904767,-0.09880050505050496
9,1997-03-31,0.0037597839833203306,0.0115694164989939,-0.005624748895138643,0.05020680147058832,0.03442240373395555,-0.1289480553380319,-0.3763440860215054,-0.3763440860215054,-0.38429752066115697,-0.3679245283018868,-0.6737804878048781,-2.4,-0.3873517786561265,-1.0,inf,-0.03848691444908736,-0.0020356234096692294,-0.08582834331337319,0.033446712018140534,0.008130081300812941,-0.1449704142011834,0.15151515151515138,0.030954428202923486,-0.041916167664670656,-0.05000000000000005,-0.03677758318739055
10,1997-06-30,0.0010556066332958474,0.04932869219293878,-0.009292929292929242,0.03631987747511212,0.033558939650310204,0.033563080611327616,0.062068965517241274,0.062068965517241274,0.06711409395973167,0.04477611940298498,-2.3457943925233646,0.4926108374384237,-0.4870967741935484,inf,inf,0.04940530649588304,-0.00866904640489552,0.015283842794759916,0.029072956664838227,0.016129032258064502,0.029065743944636683,0.13157894736842102,0.03252710592160124,0.012499999999999956,0.010526315789473715,0.012545454545454415
11,1997-09-30,0.006088849581604272,0.023599658800113717,-0.006570599963748425,-0.004961469439459521,0.04420190995907225,-0.04044650623369095,0.07467532467532467,0.07467532467532467,0.0691823899371069,0.07857142857142874,-2.861111111111111,-1.6501650165016502,-1.2452830188679245,inf,inf,0.1540976460331298,-0.0015432098765432167,0.019354838709677358,0.042643923240937916,0.11904761904761907,0.14122394082044387,0.11627906976744184,0.038368336025848215,0.02880658436214012,-0.01041666666666663,0.028730472257137762
12,1997-12-31,-0.041113027014234034,-0.06435185185185187,0.057565114263558925,-0.02514322087842136,-0.3237522863862033,0.1902100015108021,0.12084592145015115,0.12084592145015115,-5.623529411764706,-6.2052980132450335,2.6455223880597014,-0.37055837563451777,-25.69230769230769,-2.0,-1.0,-0.07195467422096324,-0.011334363730036157,-0.05907172995780585,-0.32055214723926384,-0.1099290780141844,-0.09074837949322334,0.10416666666666674,-0.29015947102294826,-0.07400000000000008,0.010526315789473715,-0.040233897713388034
13,1998-03-31,0.03578858291315545,0.10331519049975267,0.032564157860685894,0.0894547828925889,0.05023183925811448,-0.2108403148007109,-0.2749326145552561,-0.2749326145552561,-1.1832061068702289,-1.1806615776081424,-1.2282497441146367,-0.6290322580645161,-1.2793354101765315,-1.0,inf,0.0956450956450956,0.04585721730067749,-0.017937219730941756,0.04589917231000752,0.6135458167330679,0.0,0.0943396226415094,0.013698630136986356,0.0,-0.01041666666666663,0.012730744748567837
14,1998-06-30,0.0061614923747277395,0.013633509731814542,-0.004970760233918181,0.018479672360403487,0.05518763796909498,0.04873733311886763,0.07434944237918217,0.07434944237918217,0.06944444444444442,0.07042253521126772,-1.6412556053811658,2.760869565217391,-0.8884758364312267,inf,inf,0.007243684992570555,0.04833084205281524,-0.015981735159817382,0.05395683453237421,-0.03703703703703698,0.0,0.0862068965517242,0.04918918918918913,0.0,-0.02105263157894733,-0.004758911735655791
15,1998-09-30,0.00693575126027679,0.02769666401203441,-0.0028126443054448114,-0.0072577481365241345,0.04741980474198049,-0.02622699386503069,0.10034602076124566,0.10034602076124566,0.09740259740259738,0.09868421052631572,4.503496503496502,-0.2427745664739885,-16.766666666666666,inf,inf,-0.09754748294302053,0.060361216730038025,-0.011600928074245951,0.04505119453924911,-0.14358974358974366,0.0,0.08333333333333326,0.040185471406491535,-0.002159827213822907,-0.010752688172043001,0.035185853482497136
16,1998-12-31,-0.0342046905449902,-0.08636128810056831,-0.04828660436137066,0.014325232167555768,0.021471371504660386,0.1308867538194991,-0.6069182389937107,-0.6069182389937107,-0.8047337278106509,-0.8023952095808383,0.6823379923761119,-0.1984732824427481,1.3615221987315012,-0.4426229508196722,0.5573770491803278,-0.00122599100939913,-0.2303899596593456,-0.19953051643192488,0.01894186806009146,-0.04491017964071853,0.0,0.08058608058608074,0.05745418524021795,-0.17532467532467522,-0.03260869565217395,-0.09926791005752122
17,1999-03-31,-0.005148900640133625,-0.012345679012345734,-0.0028309815543857697,0.011980130515242935,-0.013687469447612788,-0.13816155988857934,-1.696,-1.696,-1.6969696969696968,-1.6969696969696968,-1.1155589123867071,-1.4857142857142858,-0.8746642793196061,-3.372549019607843,-0.8491228070175438,-0.2060147299509002,-0.3721607454863133,-0.3519061583577712,-0.01602564102564108,-0.2194357366771159,-0.04536616979909258,0.07457627118644061,-0.00843091334894608,-0.35433070866141736,0.011235955056179804,-0.023996129656507208
18,1999-06-30,-0.0074835641348440785,-0.010305343511450404,-0.00585547620103799,-0.12675649663137634,-0.01354700148686605,0.0024240465416935928,-0.5287356321839081,-0.5287356321839081,-0.5217391304347827,-0.5217391304347827,-0.8496732026143791,-3.784313725490197,-1.871428571428572,-0.8223140495867769,-1.0,0.027570213862406545,-0.5166975881261595,-0.5067873303167421,-0.015635179153094425,0.04417670682730912,0.5974202308214529,0.06940063091482651,-0.006140765233821455,-0.5040650406504065,0.0,0.13333994250024794
19,1999-09-30,0.04143471214149819,-0.023428461241804862,0.045557984918120464,0.07285352143723145,0.025958800870875987,-0.007415766564565551,-6.2926829268292686,-6.2926829268292686,-6.181818181818183,-6.181818181818183,-25.30434782608696,9.380281690140846,6.5,-1.0,inf,-0.12086258776328986,-0.32437619961612285,-0.3211009174311926,0.023825281270681842,-0.10769230769230777,0.8062048448788779,0.06489675516224191,-0.014733840304182457,-0.319672131147541,-0.011111111111111072,-0.08974807557732678
20,1999-12-31,0.015359631910142781,0.05597788527988934,0.009346193240013623,-0.09471953975755087,0.038361083904668636,0.13399382816306638,0.3502304147465438,0.3502304147465438,0.35087719298245634,0.3333333333333335,0.2415026833631484,-0.9504748982360922,-1.1814207650273223,inf,inf,-0.2903593839132915,0.7698863636363635,0.7702702702702702,0.03296703296703285,-0.3060344827586205,0.04541176470588226,0.06094182825484772,0.022190062711046732,0.8072289156626504,-0.011235955056179804,0.16644243705554485
21,2000-03-31,-0.013627882180461182,-0.022157816005983544,-0.022113229884571428,-0.05844303222877889,0.01792171042288948,-0.20338012030936686,-0.8156996587030717,-0.8156996587030717,-0.8181818181818181,-0.8157894736842105,-0.3054755043227666,0.5616438356164384,0.7469879518072289,-0.8285714285714285,0.17142857142857149,-0.21985530546623788,0.346709470304976,0.3587786259541985,0.01251564455569465,-0.2484472049689441,-0.5586315552554579,0.02872062663185382,0.032090608777725294,0.4000000000000001,-0.03409090909090917,0.03855659911023235
22,2000-06-30,0.009762524068506641,0.049526723396118084,0.01405223106191622,0.14872845606845853,-0.005559845559845567,0.11686443725278672,-0.2222222222222222,-0.2222222222222222,-0.2142857142857143,-0.2142857142857143,1.315352697095436,0.0,-0.013793103448275891,8.179487179487179,1.3433395872420264,0.2138073158165894,0.13706793802145412,0.1460674157303372,-0.00988875154511748,0.20661157024793386,-0.11677715451300352,0.02791878172588836,-0.015089163237311354,0.15714285714285706,-0.0117647058823529,-0.08638743455497377
23,2000-09-30,0.07958651144118822,0.2150860890953812,0.07402038118790766,0.08456615255482114,0.0998602267432831,-0.04056664520283326,-17.761904761904766,-17.761904761904766,-16.81818181818182,-16.81818181818182,-0.8682795698924731,-6.324561403508773,-0.7727272727272727,-0.03770949720670391,0.5516413130504403,0.2236842105263157,-1.50104821802935,-1.5049019607843137,0.02621722846441954,0.2328767123287672,0.05369515011547343,0.02716049382716057,0.01903435468895065,0.0,-0.03571428571428559,0.12034383954154725
24,2000-12-31,-0.05955811719500481,-0.15587044534412953,-0.07939973798086464,-0.015671858372835468,0.011013837898898649,0.2743288590604027,-1.1264204545454546,-1.1264204545454546,-1.1206896551724137,-1.1206896551724137,0.8435374149659864,1.2784184514003294,31.107692307692307,-1.6284470246734395,-0.22342621259029927,0.17308359347901492,0.5983263598326358,0.650485436893204,0.007907542579075333,0.14444444444444438,0.0,0.026442307692307487,0.07471526195899769,0.0,0.024691358024691246,-0.14244749283112454
25,2001-03-31,0.005304952387228612,0.02344790833999477,0.0026305575919616238,0.005503685503685407,0.013966480446927276,-0.34035549703752466,0.1797752808988764,0.1797752808988764,0.19047619047619047,0.19047619047619047,2.870848708487085,-1.0947216196673897,-0.9837086727359848,-3.0415704387990763,0.587375415282392,0.042282672974571334,-0.12303664921465962,-0.10588235294117654,0.00905250452625217,0.03398058252427183,0.0,0.025761124121779888,0.008902077151335286,0.0,-0.02409638554216853,0.01789426118391324
26,2001-06-30,-0.05054080629301872,-0.1305215655645231,-0.0727741935483871,-0.10976444140357733,0.02066115702479343,0.18982035928143715,0.3714285714285713,0.3714285714285713,0.3600000000000001,0.3200000000000001,-0.8589132507149666,0.1450381679389312,33.26470588235294,-2.3201357466063346,-0.4884889074926747,0.04737588652482283,-0.2447761194029852,-0.21052631578947367,0.01674641148325362,0.03755868544600949,0.0,0.025114155251141586,0.07478991596638672,0.0,-0.012345679012345734,-0.023350794637307937
27,2001-09-30,0.007905274785970695,0.048807266194230925,-0.00895259300491702,0.07784365393061042,0.0569500674763832,0.07096124811273287,0.4791666666666667,0.4791666666666667,0.4705882352941175,0.4848484848484849,5.736486486486488,-5.7,-0.03605150214592279,-1.4961439588688945,0.4738134206219313,0.10184182015167932,-2.4683794466403164,-2.5416666666666665,0.045882352941176485,0.08144796380090512,0.0,0.024498886414253684,0.04847537138389346,-0.09053497942386823,0.049999999999999815,-0.026909090909091
28,2001-12-31,-0.05284789533171218,0.02569470879330038,-0.007208050549964874,-0.013038606498930405,-0.17734933605720127,0.03931704260651636,-8.07981220657277,-8.07981220657277,-8.0,-8.142857142857142,-1.3701103309929792,-1.4042553191489362,-0.7907390917186109,-2.535405872193437,-0.4936146585230428,0.17232055063913476,-2.946164199192463,-2.9459459459459456,-0.1827896512935884,0.12133891213389125,1.0416438356164384,0.023913043478260843,-0.13124533929903048,0.0,-0.02380952380952384,0.039237668161435035
29,2002-03-31,0.00452014175164539,0.02644275375765459,-0.013813587289613904,-0.0020641965115079093,0.0648766102747167,-0.10082893745290132,-1.1445623342175066,-1.1445623342175066,-1.1428571428571428,-1.14,-2.1598915989159893,-0.7614035087719299,-1.4042553191489362,-1.5118110236220472,0.4989035087719298,0.10945690920528416,-0.09612724757952973,-0.08611111111111103,0.047487955953200434,0.3582089552238805,0.0,0.02335456475583864,0.060085836909871126,0.0,0.07317073170731714,0.028586839266451006
30,2002-06-30,0.019871125670470446,0.05387327126457553,0.0009083086337124957,0.04436860068259385,0.07768546859058456,0.05430774388199788,0.5550458715596329,0.5550458715596329,0.52,0.5306122448979591,1.616822429906542,1.5441176470588234,0.21052631578947367,1.3340659340659342,0.7768836869056328,0.21791721791721802,-0.2081101759755165,-0.20668693009118533,0.06767411300919847,0.16208791208791218,0.0,0.0228215767634854,0.05668016194331992,0.0,0.011363636363636465,0.009089320048942362
31,2002-09-30,0.02075465038297275,0.024701946993738844,0.013468978363662345,0.015745692216280416,0.04138490668109274,0.04006359300476947,-0.14454277286135694,-0.14454277286135694,-0.14473684210526316,-0.1466666666666666,0.0535714285714286,-0.3988439306358381,-1.1304347826086956,-0.000941619585687392,0.4368052696582956,-0.05136561142147722,-0.10048309178743953,-0.09961685823754796,0.03876923076923067,-0.11111111111111127,0.0,0.022312373225152227,0.02030651340996159,0.0,0.011235955056179804,0.008834228304174685
32,2002-12-31,-0.1093053010131747,-0.11057169163806813,-0.06249116357981055,-0.04250755581554056,-0.2383116883116884,0.18923876490369906,-2.196551724137932,-2.196551724137932,-2.184615384615385,-2.203125,-1.3728813559322033,0.8653846153846154,6.866666666666666,-1.7087653157398683,-0.2154727793696275,-0.06608866350400787,-1.7722878625134264,-1.7702127659574467,-0.2375592417061612,-0.10106382978723404,0.0,0.02182539682539697,-0.14494930529478026,-0.14932126696832582,0.06666666666666665,-0.0710851648351648
33,2003-03-31,-0.028845407252115818,-0.06888763410502541,-0.036042829135876975,-0.0924549434884432,-0.004433077578857581,-0.09267352185089972,-1.7204610951008643,-1.7204610951008643,-1.7272727272727273,-1.7142857142857144,-2.2363636363636363,0.19587628865979376,7.135593220338983,-0.13829787234042554,-0.2366691015339664,-0.12769311613242262,0.1043115438108484,0.08839779005524839,0.007770007770007803,0.1449704142011834,0.20397208803005906,0.02330097087378636,0.02503293807641627,0.021276595744680767,0.0625,0.025970425138632125
34,2003-06-30,-0.008794723166100304,-0.0311299777643016,-0.02461410095953276,-0.050488051161225116,0.04315807501284463,0.09208103130755063,-0.03200000000000003,-0.03200000000000003,-0.0357142857142857,-0.018181818181818188,0.5533088235294117,0.7715517241379308,-0.359375,-0.7206790123456791,-0.08660287081339713,-0.04638554216867463,-0.1410579345088161,-0.15228426395939088,0.041634541249036205,-0.05426356589147285,-0.09518502006241636,0.022770398481973368,0.0526992287917738,-0.21875,0.08823529411764719,0.02035852625889545
35,2003-09-30,0.003428110506150439,0.013352806175672916,-0.006522668947818611,-0.017842372681082352,0.033984567394516496,0.04786613049682198,-0.10330578512396693,-0.10330578512396693,-0.09259259259259267,-0.11111111111111116,-0.6627218934911243,-0.5815085158150852,-0.6959349593495935,-0.5911602209944751,-0.03876375065479309,0.04337755316908809,-0.1187683284457477,-0.13772455089820354,0.03404885270170244,0.002732240437158362,0.2714954422271494,0.02226345083487935,0.030118030118030163,-0.21333333333333332,0.09909909909909898,0.03178246667255236
36,2003-12-31,0.05204983922829577,-0.0322215359275273,0.045043590571520735,0.06989894128970152,0.07272149888853607,0.11141371626640262,0.5852534562211982,0.5852534562211982,0.5714285714285714,0.6041666666666667,-0.5263157894736843,2.755813953488372,0.6791443850267379,10.148648648648653,-0.4495912806539509,-0.02865792129162448,1.8053244592346087,1.9027777777777777,0.08160343593414443,-0.05994550408719335,0.16566556868823867,0.039927404718693486,0.01975503753457141,1.8050847457627115,0.03278688524590168,-0.09549071618037144
37,2004-03-31,0.02475644699140412,0.08041697691734928,0.01956846387558575,0.0010120319352300287,0.039668442865600895,-0.07028291378926266,-0.15406976744186052,-0.15406976744186052,-0.1428571428571428,-0.1558441558441558,6.866666666666666,-1.2275541795665634,-0.6974522292993629,-2.3503030303030306,1.1029702970297028,-0.01018076044047378,-0.008303677342823335,0.019138755980861344,0.03573792190602254,-0.08695652173913049,-0.6615691489361701,0.038394415357766,0.014722975590856446,-0.003021148036253641,0.023809523809523725,0.07936808248983085
38,2004-06-30,-0.021735078104611727,-0.0529683961799744,-0.02995100762664782,-0.0860480790833521,0.0014236902050113187,0.0513957110339045,0.017182130584192382,0.017182130584192382,0.015151515151515138,0.015384615384615332,-0.3088512241054614,-1.918367346938776,4.052631578947368,-0.8931777378815081,0.05602636534839922,0.03085642317380355,0.013157894736842255,0.03521126760563376,0.010223642172523915,-0.0031746031746030523,-0.011296660117878221,0.036974789915966255,0.023673157693776092,0.01818181818181808,0.015503875968992276,0.03619631901840492
39,2004-09-30,0.015396341463414618,0.0658072564715666,0.010309278350515427,0.05371189773844631,0.029286323571225518,-0.03851412944393806,0.03716216216216206,0.03716216216216206,0.02985074626865658,0.045454545454545414,0.4155313351498637,0.5703703703703704,-0.4854166666666667,3.8739495798319314,0.258582255907267,0.08979841172877223,0.04191263282172364,0.061224489795918435,0.03478810879190375,0.07961783439490455,0.03874813710879299,0.03565640194489461,0.01342782543826937,0.06547619047619048,-0.007633587786259555,0.01141842172037566
40,2004-12-31,-0.04090977330731116,-0.1267069840031213,-0.04488765203050915,-0.0008165169718884482,-0.03024861878453033,0.18096705380421896,0.2117263843648209,0.2117263843648209,0.21739130434782614,0.2028985507246377,-0.9143407122232916,1.3962264150943398,4.441295546558704,-4.039655172413793,-0.6245129295076159,0.06464872944693556,0.013031161473087804,0.027777777777777686,-0.02689486552567233,0.02654867256637173,-0.016260162601625994,0.039123630672926346,0.011409642988590374,-0.005586592178770888,0.03846153846153855,-0.1259407927747116
41,2005-03-31,0.051811849416921074,0.1987043449123198,0.048777855716829466,0.06724258697174879,0.05982053838484536,-0.14821876567987954,-0.008064516129032251,-0.008064516129032251,0.0,0.0,16.393258426966288,-1.4960629921259845,-0.9010416666666666,-1.9455473624503687,1.572641509433962,0.0003510003510003301,0.04642058165548102,0.06029106029106024,0.05276381909547756,0.028735632183908063,-0.020904229460379176,0.03765060240963858,0.0072780203784570405,0.0589887640449438,0.0,0.12313432835820892
42,2005-06-30,0.019160651834213786,0.041371598956392086,0.003601378813602896,0.06639684970465988,0.059803789813197124,0.09507540056550434,0.2493224932249323,0.2493224932249323,0.2261904761904763,0.2289156626506026,-0.5497416020671835,-1.3373015873015874,1.0827067669172932,-0.7990401919616077,0.12284561789512295,0.08543859649122809,0.09032602886157126,0.11176470588235302,0.06026252983293534,0.030726256983240274,0.02035749751737836,0.03628447024673442,0.04010115606936426,0.10610079575596833,0.007407407407407306,-0.02342618621688375
43,2005-09-30,-0.0013142043587778265,-0.012437365783822485,0.005997846926744321,-0.02205354395322601,-0.019401470961197043,-0.01011296395911776,-0.07375271149674623,-0.07375271149674623,-0.0582524271844661,-0.058823529411764726,0.28120516499282644,0.9764705882352942,1.335740072202166,-0.7671641791044777,0.02547354670150237,0.010667528689187078,0.06176470588235295,0.07231040564373893,-0.0022509848058525073,-0.04607046070460708,-0.097323600973236,0.035014005602240994,-0.01806182702327186,0.05755395683453246,0.014705882352941124,0.00976971388695036
44,2005-12-31,0.014146287970172144,-0.046027000090604335,0.012892376681614248,-0.011118103629116804,0.017328333117806904,0.11172698619715238,0.3302107728337236,0.3302107728337236,0.35051546391752586,0.34375,-0.9372900335946248,1.9642857142857144,-0.2982998454404946,-12.487179487179489,-0.2853503184713376,-0.018231249000479788,0.08956602031394277,0.0970394736842104,0.015792442188381273,-0.017045454545454586,-0.09056603773584904,0.04059539918809208,0.00318358684117448,0.11111111111111116,-0.014492753623188246,-0.03524533517622663
45,2006-03-31,0.025050461361014964,0.06638807104188428,0.03149368616994508,0.03595672464997879,0.008770814795983295,-0.09922768599081044,0.04049295774647877,0.04049295774647877,0.03816793893129766,0.03875968992248069,20.160714285714285,-0.7650602409638554,0.38766519823788537,-1.4888392857142856,0.19518716577540096,0.1426942498778303,0.1042372881355933,0.10644677661169433,0.02054414214325351,0.12716763005780352,0.014226437462951937,0.03901170351105332,-0.015867418899858987,0.1020408163265305,0.007352941176470562,0.029369627507163317
46,2006-06-30,-0.00010548894124262632,-0.02360171001068756,0.013412671316392677,0.013924439438927072,-0.035030241935483875,0.08107228131104849,-0.0186125211505922,-0.0186125211505922,-0.007352941176470562,0.0,0.3611814345991562,2.547008547008547,0.4666666666666666,-0.3744292237442922,0.10216256524981347,0.05359942979330001,0.06561780506523407,0.04878048780487787,-0.01686615886833509,0.030769230769230663,-0.06312098188194026,0.037546933667083726,-0.035112862773199686,0.03888888888888875,0.007299270072992582,-0.03705636743215024
47,2006-09-30,0.023104515403010284,-0.0006385113563806,0.011165655982289023,0.04847016055740694,0.055497518934447536,-0.035739383596024465,0.08448275862068955,0.08448275862068955,0.0962962962962961,0.08955223880596996,-0.5957842529448233,0.6915662650602409,-0.3311688311688312,-3.437956204379562,-0.2259810554803789,0.07197943444730083,0.08138278718041048,0.07622739018087854,0.055340343110127366,0.08955223880597019,0.00249532127261376,0.03618817852834755,0.03156331229112519,0.08199643493761144,-0.007246376811594012,-0.046793134598012716
48,2006-12-31,-0.029629120406970744,-0.07228915662650602,0.016039980961446876,-0.07993836078204752,-0.1483360138562415,0.12857886517438846,0.15898251192368829,0.15898251192368829,0.16891891891891886,0.14383561643835607,-0.4892638036809816,-0.40028490028490027,-0.5339805825242718,-0.437125748502994,-0.16433566433566438,0.11031175059952036,0.1022311022311022,0.06362545018007193,-0.14577871001573162,0.052511415525114284,0.008089607965152457,0.04074505238649584,-0.12239020878329733,0.05107084019769359,0.014598540145985163,0.008339651250947933
49,2007-03-31,0.0220325174453615,0.06847697756788662,0.022391905185740413,0.03841725112530092,0.02091807088901798,-0.14437269372693728,-0.05349794238683125,-0.05349794238683125,-0.052023121387283267,-0.04191616766467055,3.4504504504504503,-0.9643705463182898,1.0868055555555554,-3.3031914893617023,0.4529288702928871,0.10594520859383882,0.07099697885196354,0.034988713318284466,0.02823818293431568,0.2950108459869847,0.03395061728395077,0.039149888143176666,-0.0008203445447086954,0.037617554858934144,-0.007194244604316501,0.028947368421052614
50,2007-06-30,0.033306761861851435,0.058747697974217424,0.03802978235967936,0.0649193548387097,0.0186397268070575,0.14835579514824793,0.12753623188405805,0.12753623188405805,0.14024390243902451,0.13749999999999996,-0.05263157894736848,19.533333333333328,0.4409317803660566,-0.7344110854503465,0.08279337652987763,-0.007297769554938881,0.0936530324400564,0.06324972737186485,0.03402985074626863,-0.03350083752093802,-0.05014925373134327,0.03767491926803035,-0.014367816091954031,0.05740181268882182,0.007246376811594234,-0.005845816587504493
51,2007-09-30,-0.0009056148118333773,-0.03687597843103152,-0.013065548444052057,-0.0637069291934873,0.03757508031848023,0.04168622664538546,-0.015424164524421637,-0.015424164524421637,-0.010695187165775444,-0.01098901098901095,-0.33404558404558404,0.4707792207792208,-0.5427251732101617,-0.6260869565217391,0.02859042553191493,0.023089666597639225,0.07273665205055457,0.042051282051281946,0.038106235565819935,-0.0121317157712304,-0.05153991200502829,0.036307053941908585,0.03873386089129527,0.011428571428571344,0.03597122302158273,0.0286659316427782
52,2007-12-31,-0.02890522711249877,-0.012100415387393926,-0.14481864126302613,-0.002022040238600753,0.3200053850296176,-0.022893195132942745,0.043080939947780734,0.043080939947780734,0.04324324324324325,0.04444444444444429,-0.5508021390374331,-0.05298013245033117,0.1035353535353536,-6.186046511627908,-0.1441499676793795,0.09837061026211913,-0.0716518393844674,0.017716535433071057,0.3359288097886539,0.05964912280701753,0.04373757455268401,0.04204204204204198,0.35926222935044105,0.02401129943502811,-0.0069444444444444215,-0.01009289031797056
53,2008-03-30,0.0077093272488417686,0.021937842778793515,0.03456932168819615,0.00030392057542294465,-0.04467108618052018,-0.07914399040678899,-0.08635794743429281,-0.08635794743429281,-0.06735751295336778,-0.06914893617021267,1.1,-1.1655011655011656,0.8352402745995424,-1.3385650224215246,0.0570241691842901,-0.07546300562056574,-0.05698005698005704,0.010638297872340273,-0.030391340549542067,-0.3079470198675497,-0.10285714285714276,0.040345821325648464,-0.05221238938053109,-0.004137931034482678,0.013986013986013957,0.021654786610123544
54,2008-06-29,0.010703626196439052,0.011449016100178788,0.01744009705793137,0.13996354061170746,-0.003523006298708276,0.10577982570369636,0.2082191780821918,0.2082191780821918,0.2277777777777777,0.22857142857142845,0.6904761904761905,-3.1971830985915486,0.1471321695760599,1.7483443708609272,0.1482672382993926,0.04165836157065962,-0.028838231255149505,0.036363636363636376,0.011163589523400573,0.07416267942583743,0.020523708421797515,0.03878116343490312,-0.014005602240896198,0.024930747922437657,0.006896551724137946,-0.11277929877241022
55,2008-09-28,-0.0035300906282882405,-0.052882914750619014,-0.028717642967158508,-0.06423240938166308,0.050782086993786064,-0.04185161699429296,-0.1133786848072562,-0.1133786848072562,-0.10859728506787324,-0.10697674418604652,-0.3071763916834339,1.4230769230769231,0.5282608695652173,-2.8096385542168685,-0.23366521468574986,0.043340987370838135,-0.05712669683257932,0.009233610341643494,0.0394904458598726,0.031180400890868487,-0.0020804438280166426,0.03733333333333322,0.054608585858585856,0.016216216216216273,-0.006849315068493178,0.012144136969938213
56,2008-12-31,0.13904690533773878,-0.002521008403361336,0.5639674663665661,0.0008544574195386013,-0.7078915171288744,0.05247234565566794,0.05242966751918154,0.05242966751918154,0.05583756345177671,0.06770833333333326,-0.017424975798644767,0.17460317460317465,-0.4238975817923186,-0.6817576564580559,-0.11977263499796995,-0.16377808344795966,0.2300539892021598,-0.03019213174748392,-0.7038398692810457,-0.1943844492440605,-0.17720639332870047,0.04884318766066832,-0.7434899730619575,0.0013297872340425345,-0.027586206896551783,-0.0033438237608180987
57,2009-03-29,0.0327162893627202,0.09248338481699904,0.03728658337149216,0.07806867767027126,-0.01605584642233859,-0.06818181818181822,-0.1907654921020656,-0.1907654921020656,-0.1875,-0.18048780487804872,0.2,-0.3423423423423423,-0.12345679012345676,-1.9037656903765687,0.09963099630996307,-0.2141682201995833,0.2387222628627164,-0.06132075471698106,0.0,1.6487935656836463,-0.23057432432432434,0.04656862745098045,-0.047841306884480635,-0.0292164674634795,-0.03546099290780125,0.013321492007104752
58,2009-06-28,0.007384241160628856,0.020735155513666337,0.00800908116289345,-0.00686317641882972,0.00035473572188715613,0.08319676082136307,0.10210210210210202,0.10210210210210202,0.12426035502958575,0.11904761904761907,-0.0673234811165846,-0.2876712328767124,-0.05352112676056342,0.3333333333333333,0.12080536912751685,0.062377895618197066,0.29212598425196856,-0.085427135678392,0.012413793103448256,0.06275303643724682,0.07135016465422628,0.04449648711943799,-0.006127450980392135,-0.050615595075239384,-0.03676470588235292,0.027850813126886864
59,2009-09-27,0.027423249396343552,0.044489213464282695,0.019832332332332392,0.026224860458935014,0.11347517730496448,-0.0160199359202563,0.08583106267029983,0.08583106267029983,0.09999999999999988,0.10106382978723394,0.2535211267605635,2.7451923076923075,-0.1071428571428571,-0.8715277777777778,0.013847305389221631,0.018783659529751917,0.0,-0.04175824175824172,0.12397820163487736,0.0066666666666666,0.05532786885245922,0.04260089686098634,0.0838471023427867,-0.0057636887608069065,-0.03816793893129777,0.017716721932733215
60,2009-12-31,-0.01765430026299597,0.0027324600176805713,-0.04969020305502725,-0.07597340930674268,0.314968152866242,0.13277858176555712,0.03764115432873272,0.03764115432873272,0.04784688995215314,0.04347826086956541,-1.4248595505617978,-0.6931964056482671,-1.8433333333333333,-9.594594594594595,-0.11738648947951268,-0.05208870551830847,0.4276355880560634,-0.010321100917431214,0.3333333333333333,-0.15704824976348153,-0.07087378640776698,0.04516129032258065,0.3378839590443685,-0.0304347826086957,0.023809523809523725,0.08517966859057903
61,2010-03-28,0.03349377687904065,0.11557265368277635,0.04121748111806856,0.08119218910585824,-0.024461128602567217,-0.1506707122325136,-0.33857315598548976,-0.33857315598548976,-0.33333333333333337,-0.3287037037037037,-3.725619834710743,-0.9665271966527196,-2.4426877470355732,-3.8207547169811322,0.3751568381430364,0.09357997823721442,-0.12165190481272005,-0.05098493626882972,-0.01272727272727281,-0.1795735129068463,0.07836990595611293,0.04320987654320985,-0.05612244897959184,-0.04484304932735428,-0.007751937984496138,0.03182637042120628
62,2010-06-27,-0.0013227877752363115,0.02105036281342043,0.007625778852413223,0.02480124438299347,-0.07298907646474673,0.07567923286640976,0.5082266910420474,0.5082266910420474,0.5410958904109588,0.5310344827586209,-0.25712553062462096,98.5,0.3561643835616439,-1.6309921962095877,-0.17214111922141118,0.0038557213930345844,-0.03134491556311514,0.020757020757020683,-0.05156537753222823,0.016415868673050667,0.0348837209302324,0.041420118343195256,-0.07207207207207211,0.026604068857590143,-0.0078125,-0.0036581310276023724
63,2010-09-26,-0.018985071331990344,-0.01920911905432033,-0.026826642055068458,-0.018635635382409976,0.04927691483663632,-0.0058556196469148345,-0.30787878787878786,-0.30787878787878786,-0.2933333333333333,-0.2927927927927928,-0.5812244897959183,-0.9208542713567841,-0.4585858585858586,-0.88339222614841,-0.02424687729610575,-0.1045719241729649,-0.12090806471842475,-0.07416267942583732,0.05631067961165059,-0.055181695827725474,-0.1432584269662921,0.039772727272727286,0.06990291262135928,-0.08231707317073189,0.007874015748031482,-0.0005841121495326893
64,2010-12-31,-0.013614244325054092,-0.07805437979768992,-0.008661840483039862,-0.04133012545110848,-0.05359877488514553,0.0856263736263736,0.7215411558669003,0.7215411558669003,0.7358490566037734,0.7707006369426751,-0.6881091617933723,-9.698412698412698,1.0652985074626864,4.984848484848484,-0.1487198795180723,-0.02186246021862459,0.08517620202596676,0.0568475452196382,-0.02573529411764719,-0.07407407407407407,0.04371584699453557,0.045537340619307816,-0.04083484573502727,0.061461794019933576,0.0,-0.03832345328546384
65,2011-03-27,0.045912111101605424,0.1472258968173683,0.04869415478809902,0.11409877207134532,0.022384034519956846,-0.13895862013118476,-0.4608341810783316,-0.4608341810783316,-0.4492753623188406,-0.4604316546762589,9.525,-1.114963503649635,-0.5149051490514905,-3.7746835443037976,0.4847412649270235,0.0755410949214883,0.009729161188535285,-0.008557457212713837,0.030188679245283005,0.10307692307692308,-0.0073298429319371685,0.04355400696864109,-0.02175969725638593,-0.006259780907668211,0.0,0.029779475603403324
66,2011-06-26,-0.026147176704746863,-0.05351692328562707,-0.013866082831600068,-0.0300884955752212,-0.13268266948034824,0.08633499482742413,0.3999999999999999,0.3999999999999999,0.42105263157894735,0.4266666666666668,-0.4994061757719716,-6.0317460317460325,1.3221601489757917,-1.0812043795620438,-0.026511766458147124,0.03261870314349613,0.0009114583333333924,-0.025893958076448897,-0.10256410256410252,0.002789400278940146,0.026371308016877704,0.04173622704507518,-0.10928433268858806,-0.0299212598425197,0.0,-0.02419694798077732
67,2011-09-25,0.013130634414020959,0.051239787874444616,0.02510021584952216,0.007299270072992803,-0.10492700729927007,0.04917323175482635,-0.05660377358490565,-0.05660377358490565,-0.01851851851851849,-0.01869158878504673,-0.3938315539739027,-0.7381703470031546,-1.5781876503608658,-15.561797752808989,0.3965728274173808,-0.053623742198446116,0.11994276050474828,0.041772151898734185,-0.07142857142857151,0.054242002781641034,-0.04419321685508737,0.04006410256410264,-0.11726384364820852,0.0275974025974024,0.015625,0.04363227924658708
68,2011-12-31,0.047558515488987714,-0.03919830935987456,0.1101852965948742,-0.0011528326745717794,-0.6598708800543662,0.0063536595428665965,-0.024285714285714244,-0.024285714285714244,0.0,-0.004761904761904856,1.3776908023483363,-14.855421686746988,-2.4646324549237173,-1.7646604938271606,-0.21516213847502186,0.02449528936742951,0.11906144732256953,-0.1190765492102066,-0.6615384615384615,0.1029023746701847,-0.03978494623655926,0.0513610683102208,-0.6752767527675276,-0.0979462875197472,-0.023076923076923102,-0.03808262273367002
69,2012-03-25,0.01139601139601143,0.033134667234284036,-0.003793318340694185,0.006677658697444411,0.5714285714285714,-0.07404066907182683,-0.021961932650073183,-0.021961932650073183,-0.028301886792452824,-0.028708133971291905,-0.623045267489712,-0.8704347826086957,-0.646780303030303,-0.9354187689202824,-0.01786711334450031,0.11705202312138716,0.0,0.040000000000000036,0.5746753246753245,2.3026315789473686,0.21612541993281065,0.04885197850512957,0.5530303030303032,0.03677758318739066,0.0,0.0262501075824082
70,2012-06-24,0.0011997913406363026,0.016413707849735504,-0.01591100715315363,0.0046679223650807344,0.4011443102352192,0.05560966970689818,0.16916167664670656,0.16916167664670656,0.16990291262135934,0.1724137931034484,0.8449781659388647,0.0,0.10455764075067032,-5.4375,0.08072768618533255,0.013642243913912777,0.0,-0.003978779840848712,0.4000000000000001,-0.3563926113726911,-0.05064456721915278,0.046576618537494285,0.3999999999999999,0.0067567567567568,-0.007874015748031482,0.011741026501174144
71,2012-09-30,0.02435783879539421,0.06695945945945936,0.01926372229285289,0.032605151613954934,0.1079854809437386,-0.004362050163576936,-0.06914212548015364,-0.06914212548015364,-0.06639004149377603,-0.0714285714285714,0.8615384615384616,0.6711409395973154,0.15048543689320382,1.9929577464788728,0.2235665439242505,0.027613412228796763,0.0,-0.010652463382157085,0.11192930780559653,-0.2661789532920653,-0.0009699321047526024,0.044503782821539765,0.0818815331010454,0.015100671140939603,-0.02380952380952384,0.03323938992042441
72,2012-12-31,-0.016886650899010758,-0.1226014818567539,0.047154207001274484,-0.04049573729081146,-0.984029484029484,0.01937821214929647,-0.21733149931224205,-0.21733149931224205,-0.21777777777777774,-0.21266968325791852,-1.8359821996185632,1.7108433734939756,0.6118143459915613,-4.24,-0.5920034393809115,0.03308117872868932,0.0,-0.044414535666218224,-0.9841059602649008,-0.07055214723926384,0.02038834951456292,0.04899872177247566,-0.9838969404186796,-0.0380165289256198,-0.008130081300813052,-0.08551945447252307
73,2013-03-31,0.023876658819877328,0.0734031035727174,0.01703868662281827,0.038667215137803364,6.7948717948717965,-0.08504835110339692,0.3374340949033392,0.3374340949033392,0.3465909090909092,0.3390804597701149,-2.585551330798479,-0.7688888888888891,-0.0026178010471203947,-1.4237472766884531,0.6148577449947312,-0.0029508196721310664,0.0,0.02535211267605653,6.916666666666668,61.726897689768975,0.03805899143672686,0.04670999187652304,6.7,0.037800687285223455,-0.016393442622950838,0.03342398456004925
74,2013-06-30,-0.015992925720060613,-0.03314954276492743,-0.02604644057439653,-0.029465346534653488,1.2828947368421053,0.03053297199638672,0.12877792378449415,0.12877792378449415,0.13080168776371304,0.1330472103004292,-0.7011990407673859,0.22435897435897445,-0.14435695538057747,-1.1885175664095973,-0.07177814029363783,0.1139975885125506,0.0,0.02335164835164827,1.2736842105263162,-0.8592831305491615,0.0760769935838681,0.04462553356616228,1.3116883116883118,0.039735099337748325,-0.008333333333333305,-0.0038200339558573937
75,2013-09-29,-0.0010270367422394733,-0.01808192502955697,-0.016286304342143062,0.003264506651432297,0.8400576368876078,-0.005347124824684468,0.016298020954598424,0.016298020954598424,0.0149253731343284,0.007575757575757569,0.4446227929373996,1.2879581151832462,-0.0076687116564416735,-0.1636363636363637,-0.06467486818980672,0.1666830660238119,0.0,0.05369127516778538,0.8472222222222221,-0.4869134417648159,0.13202725724020434,0.042719167904903266,0.8426966292134832,0.062101910828025415,-0.008403361344537784,-0.021303792074989225
76,2013-12-31,-0.06988459660215385,-0.05595297117359588,-0.16901408450704225,-0.09542015781338976,2.851213782302272,0.01639199788490342,-0.4410080183276059,-0.4410080183276059,-0.4411764705882353,-0.43609022556390975,0.04222222222222216,-0.2288329519450801,-0.0030911901081917,-0.7608695652173914,-0.01653513716647881,0.14489331196761412,0.0,-0.011464968152866241,2.8345864661654137,-0.3802149754053561,0.09029345372460497,0.04738154613466339,3.1432926829268286,-0.014992503748125998,0.0,0.04370918589464523
77,2014-03-30,0.020200066320327226,0.06789706654662764,0.02715062360089537,0.07868705035971213,-0.02399349328995526,-0.07656290644238273,0.9118852459016392,0.9118852459016392,0.9210526315789472,0.9133333333333332,1.2388059701492535,-0.6261127596439169,1.0573643410852709,-15.704545454545455,0.2472296522735957,0.15322283609576434,0.0,0.0760309278350515,-0.011764705882353009,-0.6992945326278659,0.18357487922705307,0.0452380952380953,-0.043414275202354635,0.06849315068493156,0.008474576271186418,-0.010010845082172315
78,2014-06-29,0.008965573282049943,-0.004988056765491078,0.025280986332077537,0.01267194664443516,-0.10020833333333334,0.06159624413145547,-0.04715969989281888,-0.04715969989281888,-0.03767123287671226,-0.03832752613240431,-0.5347619047619048,1.380952380952381,-0.6194423511680482,-0.7341576506955177,0.052696078431372584,0.029702970297029507,-0.1370147394643969,0.021556886227544814,-0.09986772486772487,0.042033235581622634,-0.02798833819241964,0.04295476732834347,-0.1084615384615385,0.01139601139601143,0.008403361344537784,-0.017443330243532618
79,2014-09-28,-0.008510067114093967,-0.03382051825178278,-0.017369651695970382,-0.0011525479542273676,0.059041444778884074,-0.016982133380505915,-0.0011248593925758943,-0.0011248593925758943,0.0,0.0,0.013306038894575156,1.1266666666666665,0.6336633663366336,-3.75,-0.1376600698486612,0.04993796526054607,-0.1733221072889103,0.017584994138335253,0.0639235855988245,0.16697936210131334,0.03719256148770223,0.04149765990639653,0.06816220880069013,0.009859154929577452,0.008333333333333305,-0.032761578044596895
80,2014-12-31,0.0037906479300353615,-0.09902075416544877,0.04060694088198025,-0.08415066347976596,-0.2566681241801486,0.1274068742127048,0.018018018018018056,0.018018018018018056,0.021352313167259718,0.021739130434782702,-1.2030303030303031,0.03291536050156728,-0.2036363636363636,2.2071881606765333,-0.5119811002362471,0.07828655834564248,0.2304670449585333,0.12442396313364056,-0.2562154696132597,0.012861736334405238,0.06709080393290923,0.04493708807669261,-0.2592891760904684,0.10599721059972088,0.016528925619834656,-0.016226281255541708
81,2015-03-29,0.07226283278936152,0.23432557385027164,0.07599560478721834,0.040946724262059135,0.03529411764705892,-0.19305666400638466,-0.028761061946902644,-0.028761061946902644,-0.03135888501742168,-0.028368794326240964,-5.7611940298507465,-0.8603945371775417,-2.788432267884323,-2.3447593935398814,1.4107883817427385,0.07687671232876703,0.06456190138346929,-0.0338114754098362,0.03806870937790152,0.4484126984126984,-0.04986449864498632,0.043004587155963225,-0.034896401308615155,-0.0037831021437577657,-0.0325203252032521,0.18575935105903585
82,2015-06-28,0.002414972831555673,0.004534104350111701,0.01749834400529915,0.09138065185441337,-0.15284090909090908,0.15151814855108306,0.05808656036446469,0.05808656036446469,0.07194244604316546,0.07299270072992692,0.31974921630094033,0.3695652173913044,-2.2093617021276595,-1.1392156862745098,-0.08146873207114169,-0.0031038518292373363,0.10463178940353224,-0.006362672322375307,-0.14132379248658322,-0.040000000000000036,0.00855675984027382,0.04123144584936789,-0.15480225988700558,0.0037974683544304,-0.008403361344537784,-0.07958346001824268
83,2015-09-27,-0.0057970287090945965,-0.015176293582782718,-0.0016817663972223946,0.02820025348542465,-0.05667337357478198,-0.015631710040367564,-0.06889128094725516,-0.06889128094725516,-0.06040268456375841,-0.05782312925170064,0.20110847189231995,0.5317460317460319,-0.13722730471498945,-1.3450704225352113,0.03060587133041848,0.00872805226623119,0.0,-0.023479188900747183,-0.04687499999999989,0.17522831050228316,-0.007352941176470562,0.03959873284054916,-0.05080213903743337,-0.013871374527112068,-0.008474576271186418,-0.042117433314064034
84,2015-12-31,0.2400737057323876,0.07592162072401187,0.25070644495163563,0.0829738058551619,0.10095982936366864,0.1270395253468284,0.07861271676300574,0.07861271676300574,0.09285714285714296,0.08664259927797824,-0.10085695451549116,47.30569948186528,-5.689233278955954,-23.55102040816327,-0.6696969696969697,0.08009917522643327,0.0,-0.06338797814207653,0.1081967213114754,0.13307430791646424,0.07920227920227929,0.04189944134078205,-0.11267605633802813,-0.0012787723785167016,-0.05982905982905973,-0.006552288990430033
85,2016-03-27,0.02096564077511797,-0.026608223237436723,0.02063826551671699,0.060823788859642784,0.02583144979011953,-0.09406208872029108,-0.14898177920685962,-0.14898177920685962,-0.1470588235294118,-0.1428571428571428,0.14589442815249276,-0.9842325431727984,-1.1833362323882417,-1.1638009049773756,0.33211009174311923,-0.007636091070926666,0.0,-0.08051341890315056,0.029585798816567976,-0.10458636948135436,-0.02428722280887019,0.04021447721179626,0.004761904761904745,-0.055057618437900135,-0.027272727272727337,-0.08244380803610185
86,2016-06-26,0.004984249770724425,0.01940762351747316,0.009152636172069515,0.04580203862660937,-0.05665722379603401,0.10357203896769772,0.28589420654911835,0.28589420654911835,0.29118773946360155,0.28682170542635643,0.008957133717210521,0.22448979591836732,0.4990512333965844,-1.5055248618784531,-0.12603305785123964,0.0945569560496624,0.0,-0.031725888324873,-0.05268199233716464,0.06318812829104825,0.11038961038961026,0.03865979381443285,-0.06003159557661919,-0.0013550135501355642,-0.028037383177570097,-0.02515842239667076
87,2016-09-25,-0.03310982383748606,0.06451813600447953,-0.023243551074645152,-0.07502404616864378,-0.2248915582248916,-0.10554437045067366,1.345739471106758,1.345739471106758,1.3798219584569729,1.3885542168674698,-0.16296766011414074,0.2444444444444445,-1.3354430379746836,-9.885245901639344,1.2813238770685578,0.08302423876477194,0.0,0.35910878112712963,-0.1981799797775532,0.1431787483115714,0.04775828460038989,0.037220843672456594,-0.1983193277310924,0.4219810040705563,-0.04807692307692313,0.15077132046182196
88,2016-12-31,-0.0191427809351854,-0.11700759789596725,-0.002353754129866714,-0.13053726169844015,-0.3495479982780887,-0.040689117825296495,-0.5440501043841336,-0.5440501043841336,-0.5324189526184538,-0.5334174022698612,-0.4477272727272728,0.9375,-3.5528301886792453,-1.6506765067650675,-0.3654576856649395,-0.007606228346143219,0.0,0.03760848601735778,-0.34426229508196715,0.23749507680189064,-0.3116279069767441,0.03958242714223581,-0.33752620545073364,0.07061068702290063,-0.03030303030303028,0.015597335806424306
89,2017-03-26,0.021545412709701672,0.09782896478686798,0.02274891774891774,0.08411736565141137,-0.018530774321641297,-0.0021658695063622173,-0.3012820512820513,-0.3012820512820513,-0.29866666666666675,-0.2945945945945947,1.2853223593964334,-0.6175115207373272,-0.17147080561714712,-1.3582230623818523,0.206314643440392,0.04847512038523272,0.0,0.0009293680297397523,-0.015384615384615441,0.5992998090388286,0.0067567567567568,0.038075313807531375,-0.03797468354430389,0.008021390374331583,-0.01041666666666663,0.012618296529968598
90,2017-06-25,-0.0025595871897780014,-0.0012058362474376414,0.00234915663160562,0.0032360079429285533,-0.14699932569116658,0.1472370444062585,0.23460026212319798,0.23460026212319798,0.2433460076045628,0.2375478927203065,-0.07322929171668667,0.6445783132530121,-0.07671721677074039,-0.37730870712401055,0.10649819494584832,0.05063533374157991,0.0,-0.006499535747446661,-0.1425781250000001,0.0670646766169154,0.04899328859060415,0.03667875856509474,-0.14473684210526316,-0.00972590627763048,0.010526315789473715,-0.004426955238563735
91,2017-09-24,0.004824372318367409,0.03875407461064828,-0.012478358177441806,-0.04083278352026976,0.6584980237154151,-0.04067796610169494,-0.0031847133757961768,-0.0031847133757961768,0.0,0.003095975232198178,0.13601036269430056,-0.20879120879120885,0.01352657004830915,1.0720338983050848,0.19942903752039154,0.06742923755054453,0.0,-0.2813084112149533,0.6674259681093395,0.2448713166728833,0.07293666026871404,0.03538102643856922,0.6500000000000001,-0.2901785714285714,0.01041666666666674,0.08300395256916993
92,2017-12-31,-0.04954439586483062,0.014702463970246438,0.007675696478587123,-0.03416386426169371,-1.3255481410867491,0.2438984304379981,-1.68370607028754,-1.68370607028754,-1.688073394495413,-1.6944444444444444,-0.1379703534777651,1.2777777777777777,0.048617731172545316,-1.16359918200409,-0.027201632097925917,0.07033649580233425,0.0,-0.4603381014304291,-1.3265027322404372,-0.3580524344569288,0.4633273703041145,0.03755163349605706,0.0,-0.5069182389937107,0.09278350515463928,0.0505626520681266
93,2018-03-25,0.002429010554373389,0.0203310234236298,-0.008168894546997651,0.10580042731660999,-0.7335285505124451,-0.2313536367840391,-2.8021806853582563,-2.8021806853582563,-2.8,-2.786666666666666,-0.5820105820105821,-0.8252032520325203,-0.07818181818181813,4.85,-0.16357916812303386,0.08487708446258324,0.0,0.2096385542168675,-0.7322175732217573,0.0,1.0301548492257535,0.036192544335866834,0.0,0.18367346938775508,0.018867924528301886,-0.07729608453354564
94,2018-06-24,-0.03235836514131318,-0.07364167040862146,-0.044903198203016366,-0.006655216831258026,-3.2857142857142856,0.15152556940266448,0.005185825410544576,0.005185825410544576,0.00740740740740753,0.0074626865671643125,-1.1139240506329111,1.825581395348837,-0.11538461538461542,1.58974358974359,-0.5064772252402842,-0.029977957384276218,0.0,0.11354581673306766,-3.28125,0.0,-0.1961059815335208,0.034928396786587435,-0.7855477855477856,0.07758620689655182,0.03703703703703698,-0.06737783355557292
95,2018-09-30,0.008199445983379405,0.021509936984973388,-0.0034269587421045244,0.0953101361573374,1.266826923076923,0.06866696521868931,0.2665520206362855,0.2665520206362855,0.26960784313725483,0.2691358024691357,-6.0138888888888875,0.4156378600823045,-0.6644370122630991,-0.7656765676567656,-0.24047417442845045,-0.031177094379639562,0.0,0.2271914132379249,1.2739726027397258,4.111085180863477,-0.11885143570536827,0.03374957813027346,1.25,0.15599999999999992,0.06249999999999978,-0.06736753574432297
96,2018-12-31,-0.013605890757226069,-0.04484251734978351,-0.023958824983705274,-0.05301236516706132,0.4782608695652173,0.006495320575499397,-0.14935505770536314,-0.14935505770536314,-0.14478764478764486,-0.14785992217898825,5.141274238227147,0.16860465116279078,5.4451827242524935,-0.5598591549295775,-0.1393534002229655,-0.0734926194645984,0.0,0.6151603498542275,0.4849397590361446,-0.5925756814757317,-0.23406064040804755,0.03591250408096647,0.5024154589371981,0.624567474048443,-0.008403361344537784,0.008567048426368462
97,2019-03-31,0.06257242178447275,0.11972924299819908,0.03995210353006184,0.06980136130018066,0.7682926829268293,-0.005204357782249702,0.3599361532322427,0.3599361532322427,0.36117381489842,0.3675799086757992,-0.2498872350022553,-0.3606965174129353,-0.3881443298969072,-2.752,0.28367875647668384,-0.04043745358806461,0.0,0.10198555956678712,0.7687626774847873,-0.35380477417908784,-0.4021457639659638,0.03466750709108092,0.662379421221865,0.055378061767838105,0.04237288135593231,0.046673819742489187
98,2019-06-30,0.003271537622682619,0.0038267428317897423,-0.004827067003232766,-0.017593975199636458,0.15618661257606492,0.00634765625,-0.16666666666666666,-0.16666666666666666,-0.1658374792703151,-0.1652754590984975,0.003006614552014453,-0.02334630350194556,0.04549283909014323,-0.1963470319634704,0.1775983854692229,0.16061629379485032,0.0,0.03112203112203127,0.15711009174311918,-0.3437391605966007,0.04393564356435653,0.033505939689308706,0.15280464216634426,0.02724520686175591,0.008130081300812941,0.021783700666324846
