Unnamed: 0,Quarter end,Assets,Current Assets,Liabilities,Current Liabilities,Shareholders equity,Revenue,Earnings,Earnings available for common stockholders,EPS basic,EPS diluted,Cash from operating activities,Cash from investing activities,Cash from financing activities,Cash change during period,Cash at end of period,Price,ROE,ROA,Book value of equity per share,P/B ratio,P/E ratio,Cumulative dividends per share,Equity to assets ratio,Net margin,Asset turnover,Current ratio
0,1993-12-31,0.026562647660069768,0.02532515725566053,0.009294829009754537,0.03916890955060759,0.0440395710632846,0.06666666666666665,0.07350689127105657,0.07350689127105657,0.04761904761904767,-0.4769230769230769,15.302912621359225,0.11675435046539873,-0.4572004028197382,-1.170132325141777,-0.6172695449241541,0.04612655233589602,0.03104212860310418,-0.04357798165137616,0.0438871473354232,-0.2093862815884477,0.031538088306647394,inf,0.01710261569416494,0.00691244239631339,0.01923076923076916,-0.013306680192141318
1,1994-03-31,0.026562647660069768,0.02532515725566053,0.009294829009754537,0.03916890955060759,0.0440395710632846,0.06666666666666665,0.07350689127105657,0.07350689127105657,0.04761904761904767,-0.4769230769230769,15.302912621359225,0.11675435046539873,-0.4572004028197382,-1.170132325141777,-0.6172695449241541,0.04612655233589602,0.03104212860310418,-0.04357798165137616,0.0438871473354232,-0.2093862815884477,0.031538088306647394,inf,0.01710261569416494,0.00691244239631339,0.01923076923076916,-0.013306680192141318
2,1994-06-30,0.03581992649962329,0.04102761873683592,0.032952391215961274,0.008162464436377803,0.03862560150303862,0.06666666666666665,0.07350689127105657,0.07350689127105657,0.04761904761904767,-0.4769230769230769,15.302912621359225,0.11675435046539873,-0.4572004028197382,-1.170132325141777,0.27439024390243905,-0.17467495760316576,0.03104212860310418,-0.04357798165137616,0.01501501501501501,-0.2093862815884477,0.031538088306647394,0.8888888888888891,0.0025717111770526824,0.00691244239631339,0.01923076923076916,0.0325965347283117
3,1994-09-30,0.020691203607337227,0.04187279151943457,0.01454450609380187,0.11165605963293834,0.026672450312178464,0.02678571428571419,0.02853067047075597,0.02853067047075597,0.02272727272727271,-0.4769230769230769,0.07027155788470707,-0.5714803406414206,1.7990105132962275,0.6626984126984128,0.3579972658920028,-0.11164383561643833,0.03104212860310418,-0.04357798165137616,0.029585798816567976,-0.12328767123287675,0.031538088306647394,0.5294117647058822,0.005919494869771169,0.00691244239631339,0.01923076923076916,-0.06278368327037398
4,1994-12-31,0.005920901883506691,0.03466497453598594,0.06450029681635239,0.05271543121257749,-0.050408345806196464,-0.0017391304347825767,-1.1914008321775311,-1.1914008321775311,-1.2,-0.4769230769230769,0.4710661028266192,7.678646934460888,-2.2096774193548385,-1.873985680190931,-0.2304014093368567,-0.10331534309946022,0.03104212860310418,-0.04357798165137616,-0.04166666666666663,-0.13020833333333334,0.031538088306647394,0.34615384615384603,-0.056100431541781126,0.00691244239631339,0.01923076923076916,-0.017153569754725817
5,1995-03-31,0.03477872638973678,0.05380556612950982,0.02119120385007212,0.11046250561293224,0.04942537440596784,0.06794425087108014,-6.391304347826088,-6.391304347826088,-6.222222222222222,-0.4769230769230769,-1.278689764732582,-1.171546894031669,-1.0789041095890408,-0.6750409612233752,-0.09728580771746242,0.08082545141874453,0.03104212860310418,-0.04357798165137616,0.0494752623688155,0.12574850299401194,0.031538088306647394,0.2571428571428573,0.014339152119700715,0.00691244239631339,0.01923076923076916,-0.05102365208545268
6,1995-06-30,0.03430103550295849,0.017564631925386598,0.030980985715637118,-0.0639049886926959,0.0377835911776645,-0.014681892332789603,-0.14784946236559138,-0.14784946236559138,-0.14893617021276584,-0.4769230769230769,-2.689196525515744,-3.5194547003692134,-9.583333333333334,-2.7815126050420167,0.19199420394856004,0.07398568019093066,-0.047311827956989294,-0.04357798165137616,0.025714285714285585,0.02659574468085113,0.031538088306647394,0.20454545454545456,0.003278016799836303,-0.05263157894736848,-0.009433962264150941,0.08703226022578803
7,1995-09-30,0.001966568338249708,0.0025539635739713074,-0.0067649009246476535,0.015455010879303675,0.011065379617275271,0.022350993377483475,0.058359621451104175,0.058359621451104175,0.049999999999999815,-0.4769230769230769,0.9300980234613532,-0.5853905985796415,-3.052049622437972,-0.3169811320754717,0.11001367573317132,0.016296296296296253,-0.03724604966139955,-0.04357798165137616,0.008356545961002881,-0.010362694300518172,0.04938852304797736,0.16981132075471694,0.008985092914028936,-0.04106280193236711,0.0,-0.012696847360473272
8,1995-12-31,-0.1973647876493804,-0.5256712894659191,-0.10844233555186966,-0.2975421458956987,-0.28839416591799105,0.0,-10.636065573770493,-10.636065573770493,-10.595238095238095,-0.4769230769230769,0.4733161268836898,0.41897770527460576,0.4814036009988172,0.6643646408839778,-0.17221081451060916,0.06632653061224493,-3.4372801875732706,-3.390887290167865,-0.28729281767955805,0.057591623036649324,0.09278350515463928,0.16129032258064502,-0.11333738109694393,0.0,0.0,-0.3247495083809345
9,1996-03-31,0.006438841590735267,0.027589424572317167,-0.002077053504144666,-0.05587080856790405,0.017361048186876005,-0.3813765182186235,-1.0958891397816202,-1.0958891397816202,-1.0967741935483872,-0.4769230769230769,-0.8815551537070524,-0.7156543399118604,-0.8145848119233499,-2.2265560165975105,-0.2444187200264593,0.012303485987696485,0.0966810966810967,0.07221664994984955,0.01744186046511631,0.4207920792079207,0.0,0.12500000000000022,0.010956402647797292,0.0,0.0,0.08838348818934016
10,1996-06-30,0.030449965290195058,0.0473509499450111,0.040825187961053284,0.13279802347127867,0.017397293622377852,0.030104712041884918,0.096774193548387,0.096774193548387,0.07692307692307687,-0.4769230769230769,5.183206106870228,5.991239892183288,-1.071291866028708,-2.8497970230040597,0.5983803895819655,-0.008102633355840716,0.06842105263157894,0.03741814780168395,0.015238095238095271,-0.02439024390243916,0.0,0.12345679012345667,-0.012869722284940207,0.0,0.0,-0.07543002760671058
11,1996-09-30,-0.1094580938868418,0.1678066355824439,-0.2233901210271665,0.04347370187064836,0.037176022924241485,0.0711562897077509,0.20294117647058812,0.20294117647058812,0.2142857142857144,-0.4769230769230769,-0.592824074074074,-7.188819277108434,-384.48322147651015,3.51609363569861,1.6906750650417637,-0.014976174268209632,0.0451559934318555,0.045987376014427366,0.039399624765478425,-0.03214285714285714,0.0,0.10989010989010994,0.16468435498627645,0.0,0.0,0.1191602737838211
12,1996-12-31,0.06069940570000744,0.17945439396814145,0.08711061804805409,0.04194384709689092,0.035247050085247984,0.0,0.019559902200489088,0.019559902200489088,0.019607843137254832,-0.4769230769230769,1.5925715368580633,-0.9356632247815728,-1.1734542081590509,1.2453227504656998,1.4108396946564885,0.13614374568071885,-1.6610369206598588,-1.6827586206896552,0.032490974729241895,0.09594095940959413,0.0,0.0990099009900991,-0.023959151610369208,1.2972292191435768,-0.17142857142857149,0.13196240200303744
13,1997-03-31,-0.00473302446206425,-0.04734327898892832,-0.034535728096936384,-0.07474346115268883,0.025426538609965244,0.013048635824436605,0.0011990407673860837,0.0011990407673860837,0.0,-0.4769230769230769,-1.0217089394050145,-3.153957879448076,-1.5467662193522351,-1.5271435270353138,-0.30848795727524114,0.08515815085158153,0.04278074866310155,0.08080808080808066,0.02272727272727271,0.050505050505050386,-0.20467596390484,0.09009009009009006,0.030382293762575507,0.04385964912280715,0.034482758620689724,0.029625063456378387
14,1997-06-30,0.03044409399234005,0.03576882415129812,0.02610233986448152,0.06385373887302226,0.034580910531700086,0.06908665105386412,0.097005988023952,0.097005988023952,0.09615384615384603,-0.4769230769230769,-38.18181818181818,-0.09350415823780622,-0.5536076766931168,-1.0381825646640208,0.017033486980676967,0.09809417040358737,0.04045584045584062,0.08411214953271018,0.011965811965811923,0.07371794871794868,0.02578648788035065,0.08264462809917372,0.003905487209529434,0.03571428571428559,0.04444444444444429,-0.02641310089804549
15,1997-09-30,0.11256516230319602,0.1121420470654948,0.12742482894722573,0.2572307571719705,0.09852292463995327,0.09857612267250816,0.1113537117903931,0.1113537117903931,0.08771929824561409,-0.4769230769230769,-0.2789097165625283,-0.520332258864369,-1.2038032244729229,7.220430107526883,0.13767746195635855,0.1332312404287901,0.008762322015334112,0.007543103448276024,0.09628378378378376,0.11940298507462675,0.052790346907994,0.08396946564885477,-0.012448939894961986,0.011156186612576002,0.0,-0.11539157171278712
16,1997-12-31,0.02607715656238008,0.03678115499582546,0.01214240030007363,-0.03365077385869486,0.03959181579475124,-0.012961116650049842,0.03634577603143408,0.03634577603143408,0.11290322580645153,-0.4769230769230769,1.7369082004269747,1.7218919617472217,-11.210953346855984,0.3579681709178113,0.16433621781342336,0.07252252252252256,0.01140065146579805,0.02032085561497321,0.012326656394453073,-0.021333333333333315,0.019579751671442214,0.07042253521126772,0.012999803033287185,0.02006018054162495,0.0,0.07286853404211824
17,1998-03-31,0.01110582957985673,-0.06716583062850401,-0.10052072940125624,-0.1131451612903226,0.1165086001920126,0.04949494949494948,0.048341232227488096,0.048341232227488096,-0.02898550724637672,-0.4769230769230769,-1.244241534367257,0.2643623587503561,0.5901867302344059,-5.277251565259271,-0.6036979131262321,0.14363712725745506,-0.0026838432635534204,0.02620545073375257,0.11415525114155245,0.12806539509536785,0.06276346604215455,0.07236842105263143,0.1044137662842699,0.020648967551622373,0.0,0.05187330868620643
18,1998-06-30,0.08786847684446664,0.18356332292119729,0.14333630894214466,0.029135218696008106,0.04567408145552744,0.04427333974975944,0.05786618444846293,0.05786618444846293,-0.4776119402985075,-0.4769230769230769,-3.9930490325004695,0.0007510326699211589,-3.6935665209244224,-1.90714258904778,1.3818753573470557,0.05398457583547557,-0.010764262648008671,0.003064351378958108,0.04508196721311486,-0.05314009661835739,0.0,0.0,-0.03890845070422522,0.01734104046242768,-0.010638297872340273,0.15004710486267125
19,1998-09-30,0.0522937242496202,0.024259330404619032,0.08677172411562784,0.5431106084436355,0.02361675229308436,0.03410138248847927,0.07606837606837602,0.07606837606837602,0.08571428571428585,0.08823529411764698,-0.3567034898317851,-0.7509943714821763,-1.199517669974956,-0.8912242955852538,0.06310761180057134,-0.02996515679442502,0.0005440696409140244,0.010183299389002087,0.02614379084967311,-0.0714285714285714,-0.07051564565888058,0.128834355828221,-0.027294376259388242,0.02651515151515138,-0.010752688172043001,-0.3362424777088125
20,1998-12-31,0.030132371117578938,0.012524598006066643,0.036737730354751585,-0.030485570316078788,0.024299416258422912,-0.02049910873440286,-0.02700555996822873,-0.02700555996822873,-0.02631578947368418,-0.054054054054054064,1.0539564835593715,2.35623869801085,-0.993258949325895,2.7603651578546966,0.22322073699421965,-0.07291666666666674,-0.012506797172376238,-0.007056451612903136,0.02420382165605095,-0.09615384615384616,-0.11332385016595548,0.06521739130434767,-0.005649717514124353,0.011070110701107085,-0.0217391304347826,0.044382209142260536
21,1999-03-31,-0.004396837837576273,-0.061767832408113336,-0.016270497012838447,0.012875333695575142,0.006215687280563431,0.04367606915377609,0.014693877551020362,0.014693877551020362,0.0,0.02857142857142869,-0.8022896774500023,0.0668103448275863,469.3103448275862,-3.1603277361925954,-0.3942297042861889,0.11894614490507548,0.004405286343612369,-0.01015228426395942,0.013681592039801238,0.09118541033434636,0.11497326203208558,0.05102040816326525,0.010795454545454495,0.00364963503649629,-0.011111111111111072,-0.07372057085719473
22,1999-06-30,0.048848993999568435,-0.07186550467220199,0.096424060789716,0.07168680319074494,0.007277256933062359,0.10636442894507404,0.11504424778761058,0.11504424778761058,0.1351351351351351,0.13888888888888884,1.976693897164825,2.4811447811447813,-1.2922501649681062,0.16968675375755016,-0.7612213182192157,-0.0020775623268697307,0.02850877192982448,0.012307692307692127,0.004907975460122671,-0.01392757660167121,-0.026378896882494063,0.05339805825242716,-0.03972269065017797,0.002727272727272689,0.0,-0.13395485770363116
23,1999-09-30,0.23198552986134025,0.3319029827741402,0.370362907824606,0.055900756297948766,0.1003681043709681,0.342789598108747,-0.5317460317460317,-0.5317460317460317,-0.6428571428571428,-0.6341463414634146,-0.013156832674146468,0.3169552181061999,10.995233316608124,-1.2231696089027662,0.8570699336396121,0.07356002775850112,-0.14925373134328354,-0.1833839918946301,-0.16239316239316226,0.06779661016949158,0.023152709359605783,0.055299539170506895,-0.10673170731707317,-0.2175883952855847,0.04494382022471921,0.2614164305949009
24,1999-12-31,-0.0019254721919695905,-0.023394682269293414,-0.02946488266479497,-0.12767952840300112,0.030695773046475864,0.283450704225352,2.725731895223421,2.725731895223421,1.6,1.5333333333333337,0.659087191231801,-0.8989607814336076,-1.130822161336875,0.5293273542600896,0.5858988455195162,-0.12314156431803502,0.22117794486215536,0.1861042183622829,0.02186588921282784,0.04497354497354511,0.02840635532017322,0.05676855895196509,0.03254696373962429,0.04634994206257237,0.13978494623655924,0.11956521739130445
25,2000-03-31,0.08630397955061997,0.061034799836949816,0.11181904974245516,0.4523469158701843,0.05784473138849045,-0.2016460905349794,-0.2803970223325062,-0.2803970223325062,0.02564102564102577,0.026315789473684292,-0.9086472096233484,5.994003270943122,-4.353956834532373,-2.8362655406990385,-0.6783950082329491,-0.21784002948765196,0.03642893791688051,0.0010460251046024993,0.055634807417974434,-0.23291139240506345,-0.2359550561797753,0.04958677685950419,-0.02623228263169031,-0.006644518272425293,0.009433962264151052,-0.2694375351039076
26,2000-06-30,0.0753363838424761,0.05825646065533485,0.12066762477472025,0.4492032115577032,0.02219456106668916,0.07159221076746848,0.06551724137931036,0.06551724137931036,0.049999999999999815,0.0512820512820511,8.852131678359418,0.30050924963625025,0.7473664140330807,-1.3104241185487993,0.654810024252223,-0.006126295947219584,0.023267326732673062,-0.014629049111807738,0.002702702702702675,-0.05940594059405935,-0.028186274509803926,0.04724409448818912,-0.04931566369758855,-0.01114827201783719,-0.009345794392523366,-0.2697968149368478
27,2000-09-30,0.01735752264683832,0.015783297311900542,0.0021908895699891406,0.042940859490771865,0.03685019032483483,0.011758417958311007,0.010787486515641877,0.010787486515641877,0.0,0.0,0.5959684487291851,-0.5895432932432972,-1.0750177314638003,0.20185185185185195,0.4755740107474353,-0.055950687529634835,0.1422351233671988,0.13467656415694607,0.061994609164420574,-0.05964912280701753,-0.056116015132408485,0.04887218045112785,0.019195612431444298,0.1555806087936864,-0.018867924528301886,-0.026020906971497504
28,2000-12-31,-0.017889527790530442,-0.04080453799322625,-0.011576029355546802,-0.41978557819614426,-0.025732607242894282,-0.08452192287374538,-0.7604055496264674,-0.7604055496264674,-0.7619047619047619,-0.7560975609756098,-0.17150604063701258,-0.5899732294962278,5.143636363636364,-1.2020202020202022,-0.06511063289742314,0.04218985434455047,-0.2655654383735705,-0.2766355140186916,-0.0532994923857868,-0.01865671641791056,-0.12825651302605212,0.04659498207885293,-0.008071748878923701,-0.20292682926829264,-0.08653846153846156,0.6532314107018762
29,2001-03-31,0.10712551652892556,0.0868700610009705,0.13438352547742682,0.02001762441445209,0.07277163855857749,0.10271206001154076,1.5612472160356343,1.5612472160356343,1.5,1.5,-1.1313227557065328,1.4453941120607787,-1.9334122521456047,5.779661016949151,-0.472171398217553,0.165301204819277,-0.12283737024221444,-0.13824289405684753,0.07104557640750664,0.2319391634980989,0.4145593869731801,0.04109589041095885,-0.0309674502712477,-0.1199510403916767,-0.02105263157894733,0.06552706552706566
30,2001-06-30,0.029322640017355624,0.04314636839440822,0.04047609325874802,0.07709866045851776,0.01445836893055952,0.09105180533751957,0.20869565217391287,0.20869565217391287,0.24,0.2,-8.716719242902208,0.33956310679611645,-0.693151553582752,-1.21325,0.1907637258190764,-0.008684863523573226,-0.10848126232741627,-0.11694152923538224,0.013767209011263937,-0.07407407407407418,0.10996749729144084,0.042763157894736725,-0.014462327968276291,-0.11265646731571645,-0.010752688172043001,-0.031515735951608836
31,2001-09-30,0.04399443398171998,3.057040555454193e-05,0.0019758812979990825,-0.01668341199415746,0.10142898522738243,0.07769784172661875,-2.3165467625899283,-2.3165467625899283,-2.258064516129032,-2.3,0.3904831984302184,-0.04913933683638338,-1.7838396362884894,1.3341148886283705,0.3739318245844681,-0.07634543178973707,-0.7713864306784661,-0.7707979626485568,0.1049382716049383,-0.08999999999999997,0.019521717911176184,0.0,0.054911242603550285,-0.7727272727272727,0.010869565217391351,0.016972165648336812
32,2001-12-31,-0.003245333069944012,0.0037944355920351844,-0.008426465721341092,0.06174387154939254,0.0031972143083254245,-0.058744993324432615,-1.6967213114754098,-1.6967213114754098,-1.6666666666666663,-1.6923076923076923,0.21591109543129305,-1.296390868554442,7.586079620353282,3.1607232546459065,1.1323901305447337,0.004516711833784992,0.6387096774193548,0.6444444444444446,0.0011173184357544663,-0.09157509157509157,3.0947821924365737,0.08517350157728698,0.006506618801884746,0.6344827586206896,0.0,-0.05456163773920775
33,2002-03-31,0.017374960934650074,0.02157279247179212,0.009195220697146178,0.0642023031636152,0.027428316216931314,-0.007092198581560294,0.17803921568627445,0.17803921568627445,0.23076923076923084,0.14814814814814814,-0.6705353256927318,-1.9405940594059403,-0.5795130039610649,-1.4456180589087395,-0.23664220007051506,0.19379496402877705,0.1358267716535433,0.15315315315315314,0.0256696428571428,0.19354838709677424,-0.2782324058919804,0.040697674418604717,0.010031208203299169,0.15189873417721533,0.010752688172043001,-0.04005836942195451
34,2002-06-30,0.1150810937515052,0.2351402412440051,0.044273452757893184,0.16171587066377913,0.20056321657141907,0.10190476190476194,0.4267643142476698,0.4267643142476698,0.40625,0.38709677419354827,0.8530016145603991,3.198632946001367,-4.251277931940996,-6.290396857645942,1.6400319113201207,0.032391713747645934,0.2218370883882148,0.2656249999999998,0.14145810663764968,0.0067567567567568,-0.09394233884029812,0.03631284916201105,0.07658353564334598,0.28937728937728946,-0.021276595744680767,0.06320796351689317
35,2002-09-30,0.0975141292829389,0.05519804743242784,0.14280681370987391,0.23450378084198964,0.04995296923518922,0.08815903197925667,-0.42697153523098463,-0.42697153523098463,-0.4444444444444444,-0.4418604651162791,0.19640381797298895,1.2706997037085277,-0.17647058823529416,-1.0733761745052357,-0.045582504970178905,-0.16016052535570954,0.8581560283687946,0.8796296296296298,0.03336510962821726,-0.2651006711409396,-0.33625312835180543,0.03773584905660377,-0.04346043460434601,0.931818181818182,-0.0217391304347826,-0.1452356793653723
36,2002-12-31,0.05391293852802037,0.12928976403617365,0.10793557612210504,0.02394476648686461,-0.007832252236380729,-0.012152501985702946,-0.16612377850162866,-0.16612377850162866,-0.2,-0.29166666666666663,0.7678098516949152,-0.6866934327502151,-0.7479408716522118,-15.233775296580601,0.7773500641570432,-0.13423110338835798,-0.09694656488549623,-0.1050903119868638,0.0,-0.15981735159817345,-0.5706975491516295,0.03896103896103886,-0.058508358336905264,-0.0794117647058824,-0.033333333333333326,0.10284357632331508
37,2003-03-31,-0.0066478955522748535,-0.03084483400299254,0.0021623333663873807,0.007425806618541309,-0.017892493917458733,0.004382085711988504,0.619140625,0.619140625,0.7,0.8823529411764706,-0.8113553799483165,-0.6984439359267735,-4.8806535381951965,-1.7798205618473304,-0.29826453022305144,-0.033115905669844466,-0.0211327134404058,-0.031192660550458776,0.006457564575645725,-0.03260869565217395,0.051442910915934885,0.032499999999999966,-0.011381743683132273,-0.014376996805111952,-0.011494252873563204,-0.037966632418415684
38,2003-06-30,0.025868982617005987,0.04139040841810472,0.029709652646502827,0.355095541401274,0.020866992875717468,0.1158187567545932,0.3844993968636912,0.3844993968636912,0.4117647058823528,0.4375,2.750943021639865,0.22780391561693736,-0.20981458246201035,-1.1162768766503206,0.049422139087447414,0.14634146341463405,0.013816925734024156,-0.015151515151515138,0.03483043079743342,0.1348314606741572,0.13603818615751773,0.033898305084745665,-0.004835367257656098,-0.02269043760129652,0.0,-0.23150078828256104
39,2003-09-30,-0.0064658085762354656,0.010119456750234512,-0.02529699370515337,-0.1271900231227019,0.01827187754940552,0.04672394310620054,0.3886734916140275,0.3886734916140275,0.3958333333333335,0.4130434782608696,0.17955910762960814,-3.727194066749073,0.9140790402258292,2.3054879697215465,0.1556707068649419,0.09642372114078768,0.31175468483816005,0.2942307692307693,0.03365810451727192,0.06435643564356441,0.06880252100840356,0.0374707259953162,0.02498843128181405,0.2669983416252073,0.023255813953488413,0.15730262722520005
40,2003-12-31,-0.004227667864970308,-0.05531052568840145,-0.015154524947800119,-0.08840594816204572,0.009512284928181458,-0.06365879570924292,-0.7117671048091101,-0.7117671048091101,-0.7164179104477613,-0.676923076923077,0.11430943193035993,-1.9148347912795176,-0.20269149230343808,-1.9253291894986504,-0.12416961364312395,0.09496284062758063,-0.02012987012987011,-0.014858841010401247,0.033419023136246784,0.05581395348837215,-0.18574938574938585,0.03611738148984212,0.013769751693002208,-0.035340314136125595,0.02272727272727271,0.036310612991765856
41,2004-03-31,0.008231130134167321,-0.014984227129337556,0.06409681757059604,0.0038113387327298734,-0.060300586510263925,0.0270299946928243,0.8284719198955159,0.8284719198955159,0.9473684210526316,0.7142857142857142,-0.8026858880141744,-0.5788743559254855,-0.6554913294797688,0.5114018030758352,-0.21509433962264146,0.06862745098039214,0.005964214711729586,-0.0030165912518852482,-0.029850746268656806,0.03524229074889873,0.042848521424260655,0.034858387799564294,-0.06791360498775323,-0.02442333785617368,0.022222222222222143,-0.01870551233239537
42,2004-06-30,0.002285900889868575,0.032025620496397116,0.01895534962089296,-0.027052681537731327,-0.020869904427540442,0.0908766928011404,0.5535714285714286,0.5535714285714286,0.5945945945945945,0.6111111111111112,2.9387755102040822,-1.5411764705882351,2.4161073825503356,-0.4327485380116959,-0.15544871794871795,0.019054340155257643,0.05335968379446632,0.03933434190620266,-0.009401709401709368,0.051063829787234116,-0.00520833333333337,0.03578947368421058,-0.02317247969421888,0.013908205841446364,0.021739130434782483,0.06067251461988321
43,2004-09-30,0.009122749857457093,0.10654253943625558,-0.01515777869643098,-0.011707317073170742,0.04422310756972103,0.03658934988565821,0.3754789272030652,0.3754789272030652,0.3898305084745763,0.3793103448275863,0.26683937823834203,4.282608695652174,-0.3988212180746562,-5.556701030927835,0.8387096774193548,0.11980609418282565,0.05565978736710453,0.04366812227074246,0.00949094046591892,0.12955465587044526,0.04537521815008705,0.03455284552845517,0.034727317192467584,0.024691358024691246,0.021276595744680767,0.1196522292318296
44,2004-12-31,0.0122689482605538,0.02874503388642213,-0.004057646564992301,0.05972359328726552,0.03452880579931317,-0.04380712259691144,-0.7075208913649025,-0.7075208913649025,-0.7073170731707317,-0.7125,-0.01635991820040905,-1.176954732510288,-0.4084967320261438,-0.3506787330316742,0.2961816305469556,0.08070500927643788,0.016587677725118374,0.0069735006973501434,0.0410256410256411,0.07168458781362007,-0.002782415136338145,0.035363457760314354,0.021980619238950668,-0.009370816599732379,0.02083333333333326,-0.029214015151515223
45,2005-03-31,-0.03237381389043936,-0.022716946842344377,0.0012644001123911508,0.3861201676758268,-0.07652590816891025,-0.02142386288727749,1.2000000000000002,1.2000000000000002,1.2083333333333337,1.2608695652173911,-0.7525987525987525,-2.9302325581395348,2.104972375690608,-2.2334494773519165,-0.2515923566878981,0.02031473533619433,0.07692307692307687,0.07340720221606656,-0.05172413793103437,-0.02006688963210701,0.010044642857142794,0.037950664136622514,-0.045559666975023116,0.0554054054054054,0.010204081632652963,-0.2949324489099157
46,2005-06-30,0.04252163164400491,0.15922826592282655,0.07646976287357933,0.018817204301075245,-0.005790734824281163,0.1276524082182553,0.18614718614718612,0.18614718614718612,0.2264150943396226,0.23076923076923084,1.5210084033613445,-0.6987951807228916,-1.4822064056939501,-2.6892655367231644,0.6361702127659574,-0.09562535053280974,0.015692640692640758,0.006451612903225712,0.001731601731601584,-0.04778156996587035,-0.16353591160220993,0.03656307129798897,-0.04628059122849526,-0.008962868117797784,0.02020202020202011,0.13779745434421686
47,2005-09-30,-0.003715121334281868,0.002406256266292317,-0.008472367049009333,-0.03759894459102897,0.003615183771841668,0.0035842293906809264,-0.04379562043795615,-0.04379562043795615,-0.04615384615384621,-0.046875,0.08000000000000007,-2.04,-2.0036900369003687,-0.9632107023411371,0.014304291287386306,-0.0065116279069767895,-0.08950452850293023,-0.1038461538461538,0.019014693171996555,-0.007168458781361964,-0.03368560105680318,0.03703703703703698,0.007367886178861748,-0.1136950904392765,0.00990099009900991,0.04158560311284053
48,2005-12-31,-0.0035702951443985493,0.024804960992198533,0.013671618246352102,-0.008224811514736086,-0.029817890734440636,-0.11755952380952385,-0.3396946564885496,-0.3396946564885496,-0.3064516129032259,-0.3114754098360656,0.9475308641975309,-5.0,0.18382352941176472,17.363636363636363,0.2589743589743589,-0.08957553058676647,0.10942071386775898,0.07725321888412018,-0.01187446988973695,-0.10830324909747292,-0.0027341079972659217,0.034013605442176915,-0.02648171500630514,0.08454810495626819,-0.009803921568627416,0.033271071678729884
49,2006-03-31,-0.06401783581495346,-0.17645910599258252,-0.08273894436519258,0.16309606081548034,-0.0342409240924092,0.07453625632377747,0.17919075144508678,0.17919075144508678,0.16279069767441867,0.19047619047619047,-0.9508716323296356,-2.0865384615384617,2.7298136645962727,-4.173267326732674,-0.6527494908350305,0.062050051422694485,-0.012658227848101222,-0.021248339973439667,0.012017167381974224,0.07692307692307687,-0.03015764222069905,0.03289473684210531,0.031865284974093244,-0.04569892473118276,0.029702970297029733,-0.2919444130606711
50,2006-06-30,0.0010208421948108004,0.009954965631666202,0.008765728827937247,0.017825311942959,-0.01067919692439123,0.06371625863151298,0.07352941176470584,0.07352941176470584,0.10000000000000007,0.08000000000000007,9.903225806451612,-0.5663716814159292,-0.6910907577019151,-0.9407176287051482,-0.11143695014662758,-0.01032924467398322,-0.043269230769230727,-0.04341926729986445,-0.012722646310432406,-0.022556390977443663,-0.001413427561837377,0.035031847133757836,-0.011800150640220886,-0.06338028169014076,0.01923076923076916,-0.007738950055848127
51,2006-09-30,0.003484320557491261,0.009387467730579637,-0.0026629292221443945,0.08844133099824858,0.012953367875647714,-0.027736795514901158,0.15068493150684925,0.15068493150684925,0.18181818181818168,0.18518518518518512,0.1952662721893492,-1.3673469387755102,-0.2991913746630728,-3.1842105263157894,0.273927392739274,-0.0906718851924332,0.004466778336124966,0.0042553191489362865,0.02233676975945009,-0.07692307692307697,-0.04670912951167727,0.03230769230769237,0.009654471544715326,-0.006015037593984918,0.009433962264151052,-0.07260593390689074
52,2006-12-31,0.04378387533875338,0.18925831202046028,0.10370994940978084,-0.09117725931885223,-0.04710144927536231,-0.11745068285280726,-1.742063492063492,-1.742063492063492,-1.7230769230769232,-1.734375,0.0767326732673268,-5.5555555555555545,-4.176923076923076,6.144578313253013,1.5362694300518136,0.029053084648493543,-0.4130072262367982,-0.42090395480225984,-0.040336134453781584,0.004166666666666874,0.014105419450630931,0.037257824143070106,-0.08706592853548056,-0.4220877458396369,0.0,0.3085659788451536
53,2007-03-31,-0.05192697768762677,-0.1131964809384164,-0.054749172396231234,-0.3098259073473001,-0.04696935808543945,-0.009284731774415356,-1.7647058823529411,-1.7647058823529411,-1.7872340425531914,-1.7872340425531914,-0.7977011494252874,-1.048780487804878,-2.0738498789346247,-1.6686340640809445,-0.4050051072522982,0.07563611014290683,-0.10416666666666664,-0.12439024390243902,-0.012259194395796924,0.1203319502074689,0.8667642752562226,0.030172413793103425,0.0052370452039691715,-0.10471204188481664,-0.01869158878504673,0.28490028490028485
54,2007-06-30,-0.002738553701326474,-0.05092592592592593,0.011179956896551824,0.029499786233433183,-0.02698896972541653,0.09267615411315512,0.3216783216783217,0.3216783216783217,0.3783783783783785,0.3783783783783785,2.3295454545454546,-56.25,-0.5569334836527622,-0.6078184110970997,-0.2678111587982832,-0.06286454957874266,-0.044397463002114224,-0.06685236768802227,-0.018617021276595702,-0.05185185185185194,0.05019607843137264,0.03347280334728042,-0.024403619413216338,-0.049707602339181256,-0.01904761904761909,-0.07812097148455621
55,2007-09-30,-0.02754655453531285,-0.075725900116144,-0.050353003863061185,-0.16445182724252494,0.01374819102749636,-0.028271918678526083,0.08465608465608465,0.08465608465608465,0.0980392156862746,0.0980392156862746,0.4812286689419796,-0.8823529411764706,0.4936386768447838,-0.4758842443729904,-0.19109026963657685,-0.10719225449515912,-0.0929203539823008,-0.11044776119402988,0.02981029810298108,-0.08984375,-0.08177744585511583,0.031039136302294164,0.04243957279370436,-0.10153846153846158,-0.009708737864077666,0.10616400044747733
56,2007-12-31,-0.03750441228379808,-0.042975622015581805,-0.03464721559826067,-0.05168986083499005,-0.04235070187960977,-0.1232428898332788,-1.7365853658536583,-1.7365853658536583,-1.7142857142857144,-1.7142857142857144,0.04838709677419351,3.0,-0.7632027257240205,-2.3987730061349692,0.336231884057971,-0.10573199070487993,0.13170731707317065,0.13758389261744974,-0.03157894736842115,-0.1287553648068671,-0.03212688084587223,0.03141361256544495,-0.005122674575357311,0.12328767123287675,0.009803921568627416,0.009203074433656866
57,2008-03-31,-0.0016503163106261767,-0.005252100840336116,0.002179598953792495,-0.02358490566037741,-0.008198757763975162,-0.0879940343027591,-1.0132450331125828,-1.0132450331125828,-1.025,-1.025,-1.2373626373626374,-0.7980769230769231,0.3597122302158273,-2.280701754385965,-0.3167028199566161,-0.10610653962754436,-0.3545258620689654,-0.3539823008849557,0.0,-0.07881773399014769,-0.1659663865546218,0.029187817258883086,-0.006504065040650486,-0.3414634146341463,-0.01941747572815533,0.018789457861509318
58,2008-06-30,0.0003673431903756797,0.041974656810982,0.006089604175728569,0.04079441760601177,-0.009519038076152286,0.07931316434995916,40.0,40.0,22.0,22.0,-3.6574074074074083,-4.428571428571429,-0.2645502645502645,-1.7363013698630136,0.35396825396825404,-0.12063953488372105,-0.43071786310517535,-0.4292237442922374,-0.005434782608695564,-0.12299465240641715,0.3445843828715365,0.028360049321825013,-0.009819967266775809,-0.4120370370370371,-0.029702970297029733,0.001131166084689994
59,2008-09-30,-0.02350133113008357,-0.028122624778312615,-0.007493875198155364,-0.020113460546673508,-0.0515933232169955,-0.04242424242424248,-0.5975609756097561,-0.5975609756097561,-0.6086956521739131,-0.6086956521739131,0.17770034843205584,-0.9305555555555556,-0.08633093525179858,-0.17674418604651165,0.2075029308323564,-0.02203856749311284,-1.2551319648093842,-1.248,-0.051001821493624866,-0.012195121951219412,0.6627950543274634,0.027577937649880147,-0.028925619834710762,0.0,-0.030612244897959218,-0.0082039693456476
60,2008-12-31,-0.10848923568675384,-0.13972888425443175,-0.03630027588209672,-0.1857894736842105,-0.24106666666666665,-0.2143987341772152,-16.393939393939394,-16.393939393939394,-17.11111111111111,-17.11111111111111,-0.17159763313609466,-14.8,0.3937007874015748,-1.0112994350282485,-0.001941747572815511,-0.2997183098591549,11.367816091954026,11.032258064516132,-0.2399232245681382,-0.26543209876543217,0.0,0.0280046674445742,-0.14865248226950356,0.0,-0.03157894736842093,0.056614988359998016
61,2009-03-31,-0.02256669830222502,-0.03696969696969698,-0.0352568931746271,0.1590174531351003,-0.047786366830639526,-0.08408862034239672,-0.8405511811023623,-0.8405511811023623,-0.8413793103448276,-0.8413793103448276,-1.1714285714285717,-0.4492753623188406,-0.4463276836158192,106.5,-0.20914396887159534,0.05872888173773139,0.3289962825278809,0.2627345844504023,-0.04797979797979801,0.3949579831932773,0.0,0.026106696935300544,-0.025658113962012563,0.0,-0.03260869565217395,-0.16913557097318588
62,2009-06-30,0.023519257740856725,0.06796727501573319,0.012337966578166435,0.042387060791968745,0.048708487084870855,0.11929631665750405,-1.6790123456790125,-1.6790123456790125,-1.652173913043478,-1.652173913043478,-4.291666666666666,-0.3947368421052632,-0.5510204081632653,-1.5255813953488369,0.13899138991389906,-0.10182370820668696,0.15384615384615394,0.09341825902335454,0.049071618037135334,-0.05421686746987942,0.0,0.008849557522123908,0.024623803009575784,0.0,-0.033707865168539415,0.024542992552471388
63,2009-09-30,0.007905554969958928,0.03565114908662337,0.0016970070965751653,-0.005350454788657033,0.016185784658691027,0.028487229862475424,-0.490909090909091,-0.490909090909091,-0.4666666666666667,-0.4666666666666667,0.9303797468354432,-0.4347826086956522,-0.2727272727272727,1.4159292035398232,0.2948164146868251,-0.2402707275803723,0.08666666666666645,0.03883495145631066,0.0164348925410871,-0.2738853503184714,0.0,0.007675438596491223,0.008010680907877266,0.0,-0.023255813953488413,0.04124676468968547
64,2009-12-31,-0.04047270445513496,-0.01820768136557616,-0.02079162174649618,-0.04195804195804198,-0.08968144044321325,-0.11986628462273165,-7.607142857142858,-7.607142857142858,-7.625,-7.625,-0.049180327868852514,2.3846153846153846,-0.28125,-0.21611721611721613,0.1784820683903252,-0.12694877505567936,-0.6313441160066926,-0.6355140186915889,-0.08830845771144269,-0.14035087719298245,0.0,0.008705114254624613,-0.05132450331125837,0.0,-0.011904761904761862,0.0248043156335942
65,2010-03-31,0.01209809264305184,0.05476673427991896,0.035388486945580284,-0.1487928130263897,-0.042221376949410416,0.004883342376559964,-0.9621621621621619,-0.9621621621621619,-0.9622641509433962,-0.9622641509433962,-1.4137931034482758,-0.3636363636363637,-6.3478260869565215,-1.1635514018691588,-0.0247699929228592,0.5306122448979591,-0.3933434190620273,-0.4051282051282051,-0.04229195088676674,0.6734693877551019,0.0,0.007551240560949245,-0.053403141361256456,0.0,0.0,0.2391495071476493
66,2010-06-30,-0.010230454447555435,0.0104395604395604,0.0,0.06728232189973604,-0.028196981731532955,0.10583153347732188,-1.4285714285714286,-1.4285714285714286,-1.0,-1.0,-2.5583333333333336,0.3928571428571428,-1.9024390243902443,-1.1714285714285717,0.004354136429608024,-0.08333333333333337,0.5311720698254365,0.4913793103448276,-0.02706552706552701,-0.04268292682926822,0.0,0.007494646680942241,-0.018436578171091456,0.0,0.012048192771084263,-0.05326725250926656
67,2010-09-30,0.006745729518006671,0.014953779227841137,-0.004557192769254148,-0.03708281829419036,0.02370249284838577,-0.04443359375,-2.666666666666667,-3.0,-inf,-inf,-0.09625668449197866,-0.4871794871794872,-0.7477477477477478,24.5,0.11054913294797686,0.3418181818181818,0.25732899022801314,0.2138728323699424,0.023426061493411414,0.3757961783439492,0.0,0.008501594048884177,0.016904583020285413,0.0,-0.011904761904761862,0.05402076368115427
68,2010-12-31,-0.12028531287150113,-0.07206000535762125,0.0007630093087136469,-0.04557124518613609,-0.44750499001996,-0.11343893714869704,205.8,171.5,147.0,147.0,0.3550295857988166,0.10000000000000007,-0.1428571428571429,0.1633986928104576,0.11581001951854253,-0.03455284552845528,5.115284974093264,4.538095238095238,-0.4477825464949928,-0.05555555555555558,0.0,0.008429926238145313,-0.3719985223494643,0.0,0.024096385542168752,-0.027754590984975014
69,2011-03-31,0.013022113022113093,0.03781755196304859,0.021043000914913186,0.09347679892400818,-0.04190751445086705,0.021325648414985517,-0.9555125725338492,-0.9545893719806764,-0.9560810810810808,-0.9560810810810808,-1.6986899563318776,-0.3636363636363637,1.4166666666666663,-2.1797752808988764,-0.12244897959183675,-0.03719298245614033,0.19974581656428714,0.06878761822871883,-0.041450777202072464,0.7401960784313724,0.0,0.007314524555903867,-0.0541176470588236,0.0,0.0117647058823529,-0.050912212921227606
70,2011-06-30,0.020858598108173698,0.06564673157162737,0.02762843488649946,0.1070110701107012,-0.008295625942684737,0.14108352144469527,-1.1739130434782608,-1.1489361702127658,-1.1538461538461535,-1.1538461538461535,-1.80625,-2.2857142857142856,-0.18965517241379315,-1.5047619047619047,0.07043189368770775,-0.04664723032069973,0.16913841807909602,0.017699115044247815,-0.008108108108108136,-0.002816901408450589,0.0,0.008298755186721962,-0.028606965174129306,0.0,0.023255813953488413,-0.037360350988285385
71,2011-09-30,-0.024471370871941067,-0.031323414252153466,-0.022671123383229186,0.3805555555555555,-0.03650190114068441,-0.007912957467853587,3.5,4.0,4.0,4.0,-0.023255813953488413,-1.7222222222222223,0.8085106382978724,-1.0094339622641508,-0.0006207324643079383,-0.2629969418960244,0.18710359408033828,-0.007905138339920903,-0.03542234332425065,-0.2570621468926554,0.0,0.0072016460905348625,-0.012163892445582691,0.0,0.03409090909090917,-0.2983132077244749
72,2011-12-31,-0.11142230881636628,-0.07599029911075184,-0.02527881040892188,-0.049094567404426526,-0.5840568271507498,-0.1689930209371885,-16.916666666666664,-17.37142857142857,-17.499999999999996,-17.499999999999996,0.1428571428571428,3.0,-0.6588235294117647,-47.0,0.02857142857142847,-0.10165975103734448,-0.33685281770767084,-0.43027888446215146,-0.5847457627118644,-0.06844106463878319,0.0,0.008171603677221695,-0.5320803629293583,0.0,0.0219780219780219,-0.028324628364805093
73,2012-03-31,0.0620803069754694,0.1376494604841061,0.061479786422578224,0.006347862886161737,0.06072106261859589,0.1247750449910019,-1.057591623036649,-1.0558464223385688,-1.0545454545454545,-1.0545454545454545,-2.1597222222222223,-0.9615384615384616,-11.0,1.869565217391304,0.07971014492753614,0.4526558891454966,0.04392863993861496,-0.12447552447552435,0.06802721088435383,2.4938775510204083,0.0,0.008105369807497542,-0.0013850415512465242,0.0,0.032258064516129004,0.13052167321342426
74,2012-06-30,0.0011612903225806106,0.022814662906947003,0.026156941649899457,0.07275021026072337,-0.2325581395348837,0.06879999999999997,-3.272727272727273,-3.375,-3.4444444444444446,-3.4444444444444446,-1.9760479041916168,5.5,-1.2310344827586206,-0.5075757575757576,0.03635346756152137,0.04292527821939585,0.5376699742741637,0.1932907348242812,-0.2356687898089173,-0.02336448598130858,0.0,0.00703517587939695,-0.23300970873786397,0.0,0.01041666666666674,-0.04657116732703448
75,2012-09-30,-0.09575976285603817,-0.1842105263157895,-0.11176470588235302,-0.2289298314386516,0.08857808857808869,-0.013972055888223587,-1.2,-1.1842105263157894,-1.181818181818182,-1.181818181818182,-0.4233128834355828,1.0769230769230769,10.507462686567164,-11.569230769230769,-0.3707501349163519,0.06707317073170738,0.0,0.07764390896921025,0.0916666666666668,0.3959330143540672,0.0,0.007984031936127733,0.2043399638336348,0.0,0.04123711340206193,0.0579886196534749
76,2012-12-31,-0.02009692132269103,-0.011674347158218136,-0.00015767896562601802,-0.053380782918149516,-0.3104925053533191,-0.04352226720647778,-6.8,-7.142857142857142,-7.0,-7.0,1.0319148936170213,-1.5555555555555556,-0.9636835278858624,-1.2692867540029111,0.1586620926243567,0.11642857142857155,-0.6879780114722753,-0.8074534161490683,-0.3129770992366412,0.02227934875749793,0.0,0.007920792079207928,-0.29729729729729737,0.0,0.03960396039603964,0.04405366207396666
77,2013-03-31,-0.0139636363636364,-0.013366490519117202,-0.008989118435578036,-0.01933404940923733,-0.12422360248447205,-0.007407407407407419,-1.5402298850574714,-1.5348837209302326,-1.5416666666666667,-1.5416666666666667,-2.0994764397905756,-3.0,1.3214285714285716,-2.724324324324324,-0.2361213915618061,0.2149712092130516,0.041746457296055306,-0.0903225806451613,-0.12222222222222225,0.7686504610226321,0.0,0.006876227897838928,-0.11111111111111116,0.0,0.03809523809523818,0.006077444000694543
78,2013-06-30,0.04174657029060325,0.0960932577189666,0.036441756842775286,0.11829134720700996,0.2624113475177305,0.1455223880597014,0.6382978723404256,0.6304347826086956,0.6923076923076923,0.6153846153846152,-2.280952380952381,-0.30000000000000004,-0.0461538461538461,-1.5987460815047023,0.18507751937984507,0.08636124275934698,-1.5051470588235294,-1.5319148936170213,0.26582278481012644,0.2374407582938387,0.0,0.007804878048780496,0.21153846153846168,-0.5118110236220472,0.04587155963302725,-0.019848118743527758
79,2013-09-30,-0.0004248088360238045,0.004024144869215318,-0.021495470597266968,-0.07590597453476987,0.3314606741573034,0.0004653327128896212,0.33766233766233755,0.3466666666666667,0.3181818181818181,0.3809523809523809,0.08178438661710041,-2.4285714285714293,2.693548387096774,-0.481675392670157,-0.17334423548650854,-0.0009694619486184665,1.7612809315866085,1.6933333333333334,0.3300000000000001,-0.21064726158559946,2.3170347003154568,0.006776379477250849,0.3313492063492065,1.7258064516129032,0.017543859649122858,0.08651757938604221
80,2013-12-31,-0.017849553761155934,-0.007157171485828839,-0.03185313039384907,-0.055643879173290944,0.12869198312236296,-0.07069767441860464,-0.5631067961165048,-0.5643564356435644,-0.5862068965517242,-0.5517241379310345,0.013745704467353905,-2.8666666666666667,-0.8864628820960698,1.1414141414141414,0.2096933728981208,0.01892285298398844,0.7026884554559831,0.9356435643564358,0.1278195488721805,-0.2338670548277535,-0.6341960464642348,0.007692307692307666,0.15052160953800287,0.9230769230769234,0.008620689655172377,0.05132083625952144
81,2014-03-31,-0.007644598297995131,-0.014417531718569744,-0.014748784440842818,-0.03479236812570141,0.050467289719626114,-0.016516516516516533,0.6444444444444444,0.6590909090909092,0.75,0.6153846153846152,-1.8271186440677964,-0.8928571428571429,1.5384615384615383,-2.4952830188679247,-0.259198691741619,0.05523809523809532,-0.05851393188854492,0.09462915601023014,0.053333333333333455,-0.06459784673844204,-0.4584958217270195,0.007633587786259444,0.05829015544041428,0.0923076923076922,0.008547008547008517,0.021119161399722586
82,2014-06-30,0.05043604651162782,0.10678759508484492,0.04046718210231949,0.4313953488372093,0.22064056939501767,0.1501272264631044,0.8783783783783783,0.8630136986301369,0.8571428571428572,0.8571428571428572,-2.25,-8.666666666666668,-0.10606060606060608,-1.911671924290221,0.3189845474613686,-0.031588447653429615,0.03156856297270627,0.20093457943925253,0.21518987341772133,-0.08056872037914686,-0.12379972565157747,0.006628787878787845,0.16156670746634028,0.19154929577464785,0.008474576271186418,-0.22675120772946866
83,2014-09-30,0.02020202020202011,0.0576262225746762,-0.04901185770750993,-0.01909017059301377,0.6720116618075802,-0.012389380530973493,2.906474820143885,2.9117647058823533,2.8974358974358974,2.8717948717948723,-0.19672131147540986,-3.1739130434782608,-0.4067796610169492,-0.6989619377162629,0.07280334728033466,0.05079217148182669,0.0,1.1945525291828791,0.6770833333333335,-0.13549337260677466,-0.13463796477495116,0.008466603951081897,0.6396206533192834,1.1938534278959811,0.0,0.07815957308343102
84,2014-12-31,-0.027939780279397808,-0.034491377155711045,0.003990024937655878,-0.08447204968944097,-0.1944202266782912,-0.07526881720430112,-0.8158379373848987,-0.8157894736842105,-0.8157894736842105,-0.8211920529801324,0.2081632653061225,-0.6,2.914285714285714,0.16091954022988508,0.07878315132605307,0.0070953436807095205,0.0,0.05939716312056743,-0.18012422360248448,-0.39948892674616704,-0.5413839891451832,0.00839552238805963,-0.1715938303341903,0.06142241379310365,0.0,0.054626667471479484
85,2015-03-31,0.04199804660248363,0.08180170851669688,0.07782745487663513,-0.0018091361374943386,-0.16774891774891776,-0.0222868217054264,-0.36,-0.3571428571428571,-0.3571428571428572,-0.33333333333333337,-1.5135135135135136,-1.275,-3.6423357664233578,0.9306930693069306,0.14099783080260295,0.11448701012769692,0.4988842843481034,-0.03096234309623425,-0.16287878787878796,0.3602836879432625,0.048323471400394384,0.008325624421831712,-0.2009309542280837,-0.018274111675127047,-0.01680672268907568,0.08373397435897423
86,2015-06-30,-0.21411355115158004,-0.14094280928451786,-0.11845137501920422,-0.27956502038966924,-1.0611183355006502,-0.04410307234886024,0.640625,0.6507936507936507,0.6666666666666667,0.6666666666666667,-2.9144736842105265,-7.454545454545454,-2.4392265193370166,-2.441025641025641,-0.1780735107731305,0.06361122086131976,0.0,0.006044905008635526,-1.0633484162895928,0.27007299270072993,0.0780809031044214,0.3036697247706421,0.0,0.0,0.008547008547008517,0.1924478479007128
87,2015-09-30,-0.024194922474016,-0.013927576601671321,-0.0067967933077727185,-0.018867924528301886,2.3829787234042548,-0.046656298600311064,0.05714285714285716,0.04807692307692313,0.10000000000000007,0.06666666666666665,-0.027491408934707917,0.18309859154929573,-0.5892514395393473,-0.9359430604982206,-0.013878180416345365,-0.05089153046062411,0.0,-0.5030042918454936,2.3571428571428568,0.0,-0.01308900523560208,0.006333567909922565,0.0,-0.5077559462254395,0.016949152542372836,0.00500465033881059
88,2015-12-31,-0.008206740003492197,-0.0598870056497175,-0.013511142305667634,0.6064102564102565,-0.15094339622641506,-0.2626427406199021,-0.32432432432432434,-0.3211009174311926,-0.33333333333333337,-0.3125,-0.02120141342756188,-0.4642857142857143,-0.8271028037383178,-11.5,0.1477716966379985,0.08610567514677102,0.0,-0.008635578583765069,-0.14893617021276584,0.0,1.2926613616268792,0.006993006993006867,0.0,0.02941176470588225,-0.04166666666666674,-0.4147717257183148
89,2016-03-31,0.1538732394366198,0.2764423076923077,0.15083600142298104,0.1129289704708698,-0.06666666666666665,0.2684365781710913,0.4533333333333334,0.4594594594594594,0.5,0.4545454545454546,-1.3610108303249098,-1.4444444444444444,-22.10810810810811,2.740740740740741,0.4816076294277929,-0.012252252252252238,0.0,0.16898954703832758,-0.05000000000000005,0.0,0.036251446201311266,0.0069444444444444215,0.0,0.17755102040816315,0.0,0.14691265060240946
90,2016-06-30,-0.18767165090021365,-0.28036723163841804,-0.18794435857805256,-0.4148440301183219,-0.0714285714285714,0.16337209302325584,0.3761467889908257,0.3703703703703705,0.3636363636363635,0.40625,-3.14,0.25,-2.8476312419974392,-2.7241867043847243,-0.5604597701149425,0.13170375775264498,0.0,0.13859910581222046,-0.07894736842105265,0.0,-0.004838109415705394,0.006206896551724128,0.0,0.10051993067590992,0.034782608695652195,0.2298601536340359
91,2016-09-30,0.00920360631104433,0.02126267582597308,0.0030452988199467512,-0.07414215686274506,-0.16239316239316234,-0.061969015492253865,-0.10666666666666667,-0.10810810810810813,-0.08888888888888903,-0.11111111111111104,0.2523364485981308,-4.4,-0.9327789327789328,-1.069729286300246,0.08891213389121333,0.09090909090909104,0.0,0.06806282722513113,-0.1428571428571428,0.0,-0.03403141361256545,0.006854009595613332,0.0,0.04566929133858277,0.016806722689075567,0.10303224428784953
92,2016-12-31,-0.04392332030522983,-0.06021780909673291,-0.005692599620493399,-0.03375248180013235,2.0408163265306123,-0.06286627597229623,-0.26865671641791045,-0.26515151515151514,-0.2682926829268293,-0.2500000000000001,0.28358208955223874,-0.0117647058823529,1.9587628865979383,-1.6,-0.04899135446685876,-0.04757683215130037,0.0,0.07475490196078427,2.1,0.0,-0.10220673635307777,0.006807351940095296,0.0,-0.0075301204819276935,0.08264462809917372,-0.02739328235407989
93,2017-03-31,0.0003893322951138423,0.008179959100204526,-0.008015267175572549,-0.024657534246575352,-0.10067114093959728,0.010233086981239259,0.4285714285714286,0.4329896907216495,0.4666666666666668,0.43333333333333335,-1.4331395348837208,-0.6904761904761905,-0.5365853658536586,4.901960784313727,-0.304040404040404,0.027303754266211788,0.0,0.1356898517673888,-0.09677419354838723,0.0,-0.028891763691246363,0.006761325219743153,0.0,0.05614567526555381,0.07633587786259532,0.033638535031847105
94,2017-06-30,0.06810663553220464,0.11764705882352945,0.042516352443247474,0.1882022471910112,-0.5111940298507462,0.15756893640967928,0.12857142857142856,0.12949640287769792,0.13636363636363644,0.13953488372093026,-3.040268456375839,-6.769230769230767,0.29323308270676685,-2.006644518272425,0.4397677793904209,0.09241920869827848,0.0,0.007028112449799284,-0.5119047619047619,0.0,0.01642984014209592,0.00671591672263272,0.0,0.010057471264367956,0.0,-0.05935875216637776
95,2017-09-30,-0.0010930952814720565,0.000604960677555999,0.00073814356892421,0.009456264775413723,0.2137404580152671,-0.058823529411764726,-0.06329113924050632,-0.06369426751592355,-0.06000000000000005,-0.061224489795918324,0.026315789473684292,-0.78,0.2383720930232558,-0.5082508250825082,0.15020161290322576,0.039811998894111016,0.0,0.020937188434696045,0.24390243902439024,0.0,0.014416775884665613,0.006671114076050699,0.0,0.01991465149359884,0.007092198581560183,-0.008751727314601498
96,2017-12-31,0.0009119095385736742,-0.02811366384522373,-0.02046837543794944,-0.04683840749414525,-0.6226415094339622,-0.032024793388429784,-0.41216216216216217,-0.4217687074829932,-0.42553191489361697,-0.3913043478260869,-0.08974358974358976,-6.5151515151515165,-0.7230046948356808,-0.6442953020134228,0.046450482033304034,0.10050518479127901,0.0,-0.03613281250000011,-0.6274509803921569,0.0,0.061154177433247366,0.006626905235255221,0.0,-0.036262203626220464,0.0,0.0196199917389508
97,2018-03-31,0.025874635568513105,-0.06905132192846031,0.025414156626506042,0.08722358722358714,0.2,0.0245464247598719,0.7126436781609196,0.7411764705882353,0.7777777777777777,0.6785714285714284,-1.1936619718309858,2.1538461538461537,2.6440677966101696,-16.547169811320757,-0.6901172529313233,0.03938149311427885,0.0,-0.0060790273556230465,0.21052631578947367,0.0,0.051948051948051965,0.006583278472679366,0.0,-0.0014471780028941785,-0.007042253521126751,-0.14371075551954635
98,2018-06-30,-0.011545293072824148,-0.010357500835282307,-0.0014686983660731068,0.0,-0.5277777777777778,0.1963541666666666,0.4161073825503357,0.4189189189189189,0.4375,0.44680851063829796,-7.327272727272727,-1.0522648083623694,0.6372093023255814,-1.016990291262136,0.037837837837837895,-0.09879125987912596,0.0,0.09480122324159004,-0.5217391304347827,0.0,-0.11998456790123467,0.007194244604316723,0.0,0.06521739130434767,0.028368794326241176,-0.010408042578355923
99,2018-09-30,0.008086253369272267,0.009453072248480687,-0.006618863761720939,-0.009604519774011331,-2.0588235294117645,-0.08532868959512407,-0.14691943127962082,-0.14761904761904765,-0.14492753623188406,-0.1470588235294119,0.037356321839080435,-2.9,-0.6619318181818181,12.214285714285715,0.4817708333333333,-0.009801392829507429,0.0,0.04748603351955305,-2.090909090909091,0.0,-0.10960105217010084,0.006493506493506551,-0.9378640776699028,0.032653061224489736,0.013793103448275891,0.01924226126449136
100,2018-12-31,-0.03868092691622105,-0.07491638795986623,-0.014621506570423826,-0.03936109526525955,-4.083333333333334,-0.028557829604950014,0.07777777777777772,0.06145251396648055,0.05084745762711873,0.10344827586206916,0.047091412742382266,-0.1228070175438597,1.80672268907563,-1.054054054054054,-0.017574692442882234,-0.16540765824433445,0.0,0.17599999999999993,-4.166666666666667,20.92118226600985,-0.21516494337764647,0.007741935483870809,0.0,0.1462450592885376,0.027210884353741527,-0.03699577861163228
101,2019-03-31,0.03875394029297241,-0.002892263195950817,0.044327573253193135,0.14548693586698347,0.3153153153153154,-0.06516413522782949,-0.4020618556701031,-0.3947368421052632,-0.3709677419354839,-0.390625,-1.3465608465608463,-0.24,-0.7844311377245509,23.3,-0.4347048300536672,0.08645443196004997,0.0,-0.04383975812547236,0.3157894736842106,0.0,-0.07841907151819327,0.007682458386683909,0.0,-0.04482758620689653,0.0,-0.12949771689497724
102,2019-06-30,0.009103891467333149,0.03081943437273393,0.003956834532374165,0.012441679626749693,-0.3767123287671232,0.19234800838574428,1.0689655172413794,1.0695652173913044,1.1025641025641022,1.1025641025641022,-3.6259541984732815,-0.3421052631578947,3.3611111111111107,-1.037037037037037,0.028481012658227774,0.08761850043091046,0.0,0.037154150197628466,-0.38,0.0,0.12525527569775366,0.007623888182973326,0.0,0.04332129963898933,-0.006622516556291425,0.01811442159742627
