Unnamed: 0,Quarter end,Assets,Current Assets,Liabilities,Current Liabilities,Shareholders equity,Revenue,Earnings,Earnings available for common stockholders,EPS basic,EPS diluted,Cash from operating activities,Cash from investing activities,Cash from financing activities,Cash change during period,Cash at end of period,Price,ROE,ROA,Book value of equity per share,P/B ratio,P/E ratio,Cumulative dividends per share,Equity to assets ratio,Net margin,Asset turnover,Current ratio
0,1994-01-28,0.2344694316618489,0.06494894683168195,0.4437461990675045,0.5502857546038242,0.1447279634118912,0.0,0.0,0.0,0.0,0.0,-0.5169887736251244,-0.8850245138814135,-2.4406814681242723,2.0930255211377364,-0.08627905804044178,0.010224948875255713,0.03826016915022135,0.04695360536612636,0.1399999999999999,-0.10526315789473696,0.16204620462046204,-0.058823529411764726,-0.07272467495356473,0.04623592175459401,0.0,-0.31308661361122003
1,1994-04-30,0.2344694316618489,0.06494894683168195,0.4437461990675045,0.5502857546038242,0.1447279634118912,0.0,0.0,0.0,0.0,0.0,-0.5169887736251244,-0.8850245138814135,-2.4406814681242723,2.0930255211377364,-0.08627905804044178,0.010224948875255713,0.03826016915022135,0.04695360536612636,0.1399999999999999,-0.10526315789473696,0.16204620462046204,-0.058823529411764726,-0.07272467495356473,0.04623592175459401,0.0,-0.31308661361122003
2,1994-07-29,-0.0069810479210867795,-0.03146631168152536,-0.037241996630160035,-0.05562483501879645,0.009384978718395498,0.20679555649863568,0.14353739105988186,0.14353739105988186,0.1414141414141412,0.0,-0.5169887736251244,-0.8850245138814135,-2.4406814681242723,2.0930255211377364,-0.2920621780721119,0.020242914979756943,0.03826016915022135,0.04695360536612636,0.017543859649122858,-0.10526315789473696,0.16204620462046204,1.0,0.016486902927580704,0.04623592175459401,0.0,0.02561305070656683
3,1994-10-28,0.027188694228001298,0.07124033098929372,-0.052373478008024936,-0.04784819277108432,0.06823061203954572,0.010787652150224812,0.07131113535440448,0.07131113535440448,-0.4601769911504424,0.0,0.737874931964283,-0.7782790024682952,-0.02119975488598292,-2.199193776965956,0.4947315083087558,0.21031746031746024,0.03826016915022135,0.04695360536612636,0.06896551724137945,0.19004524886877827,0.16204620462046204,1.0,0.04001819008640295,0.04623592175459401,0.0,0.12506965199331346
4,1995-01-27,0.03694407233959796,0.03789408434783792,-0.010480712257508462,-0.025001075559987096,0.0586460128845514,0.013654260310522305,0.02370844209862022,0.02370844209862022,0.016393442622950838,0.0,-0.3965582915040757,12.22936660268714,-1.1679565223182768,-0.6269236829665423,0.12348211569385904,0.1131147540983608,0.03826016915022135,0.04695360536612636,0.04838709677419351,0.04182509505703425,0.16204620462046204,0.25,0.020842442792595728,0.04623592175459401,0.0,0.06447546150382699
5,1995-04-30,0.13385395674569978,0.2119414619151132,0.1892725773965518,0.1839388055982392,0.11014991451513123,0.24895340855256154,0.230430823117338,0.230430823117338,0.20967741935483875,0.0,0.8202973769112079,1.0654769677185345,-2.630026171782061,-3.1792904406588764,-0.2395261932209421,0.2106038291605304,0.03826016915022135,0.04695360536612636,0.10769230769230753,0.15328467153284664,0.16204620462046204,0.2,-0.020845231296402145,0.04623592175459401,0.0,0.02368665933508174
6,1995-07-28,0.04167086173135282,0.1097844115774036,-0.016649801624602167,-0.05194363875131813,0.06839409054443668,0.013614670944918084,0.13580879506274046,0.13580879506274046,0.14666666666666672,0.0,-0.1832795197620387,-0.610467607454184,-0.6830146450639809,-2.3982363771439648,0.4404020673096487,0.17274939172749382,0.03826016915022135,0.04695360536612636,0.06944444444444442,0.05854430379746845,0.16204620462046204,0.3333333333333335,0.02566345873432496,0.04623592175459401,0.0,0.17056441616395346
7,1995-10-27,0.023125925239193768,-0.022350810259725518,-0.05880133126307074,-0.09505684078106358,0.05767780021313596,-0.009935905391240564,0.049123299481699016,0.049123299481699016,-0.4767441860465116,0.0,-0.3114780393451904,0.07488955008565501,3.741673062164237,-1.3992792459804102,-0.1220793897443142,0.29668049792531104,0.031031807602792894,0.04695360536612636,0.051948051948051965,0.2137518684603885,0.16204620462046204,0.125,0.03369348876883693,0.044192634560906496,0.00990099009900991,0.08033886339569363
8,1996-01-26,0.07496180262682263,0.033096243776712164,0.014999214007273444,-0.002458283290317609,0.09746537654109444,0.02053791994260945,0.041863754073139685,0.041863754073139685,0.04444444444444429,0.0,1.0545407205404738,1.2892061468259293,-0.4614139583063577,-0.7590256884980329,-0.03350872111733283,0.07040000000000002,0.019187358916478603,0.03470368392952493,0.09259259259259256,0.017241379310344973,-0.028685032661175724,0.22222222222222232,0.0209049649291706,0.042322300596852935,-0.009803921568627416,0.03564660524080243
9,1996-04-30,0.12241573580322095,0.0855653048145284,0.2424724399857305,0.34500778752356753,0.08074488017192327,0.12924718869696505,0.14075025222415838,0.14075025222415838,0.1276595744680853,0.0,0.14465803129543908,0.30737605804111245,-0.7412549585286693,1.3589435774309724,-0.08178571725865935,0.05605381165919288,0.013289036544850584,0.02270381836945301,0.056497175141243076,-0.033898305084745665,-0.04181286549707597,0.18181818181818188,-0.03704701603125416,0.050494534096824584,-0.029702970297029733,-0.19288891693220173
10,1996-08-02,0.025929393943509682,0.06309325106422259,-0.09068156130382232,-0.1253352074477,0.072461095229712,0.005470205036470778,0.02452241590017357,0.02452241590017357,0.0,0.0,-0.6252753271877586,-0.6466159934528414,6.737514518002322,2.0493638676844785,0.09776440084854854,-0.07147912243453658,-0.013114754098360826,0.002018163471241285,0.06951871657753994,-0.12030075187969935,-0.14830637778455913,0.15384615384615374,0.04532736429770568,0.026759167492566904,-0.020408163265306145,0.21541648751123788
11,1996-11-01,0.040604593009831325,0.0274982265195034,0.005412423931107968,0.025742475083888383,0.05251125609705265,-0.004523441010534701,0.007204181250294317,0.007204181250294317,0.018867924528301886,0.0,0.4652142812713816,1.2710213663689864,-1.5838486940858605,0.07269692923898541,-0.2654058964406639,0.10746951219512192,-0.02177925433739369,-0.012084592145015005,0.05000000000000005,0.03418803418803429,0.051594410605517727,0.2,0.011375802997858786,0.014961389961389846,-0.03124999999999989,0.0017366694539138194
12,1997-01-31,0.00850967338300479,0.02547214176179935,0.014204279973834222,0.036784888645467806,0.0066692181666137,0.000998074068129906,0.002836127906251873,0.002836127906251873,0.0,0.0,0.4778668081719288,-0.3005964853462968,-4.169066227889759,-0.1344825440288755,-0.3127079773360913,0.13489332415691654,-0.010188679245283105,-0.006116207951070375,0.014285714285714237,0.08126721763085397,0.08551959114139683,0.11111111111111116,-0.0017202593621808981,0.009985734664764713,-0.010752688172043001,-0.010915628611788852
13,1997-04-30,-0.10612081343707214,-0.17726355554610318,0.0014440367776229481,0.06204045529094526,-0.14114520137497746,0.06965189085910795,0.13054355595611766,0.13054355595611766,0.12962962962962954,0.0,0.19087697124637332,-4.838318270335048,5.743380062305295,-5.898331895312051,2.228670505103376,-0.01637355973317156,0.04727411361036982,0.050769230769230685,-0.12676056338028166,-0.029299363057324838,-0.04833647206528557,0.09999999999999988,-0.03923647932131491,0.02354048964218447,0.021739130434782483,-0.2253310828356271
14,1997-08-01,0.04420494684979714,0.06940332447700115,0.018039514984411475,-0.0022325430747786035,0.05413919543975253,0.00909668625176252,0.006721187547247709,0.006721187547247709,-0.4918032786885246,0.0,-0.08264388055381355,-1.0342890594510212,-0.8701685241862525,-0.3920162639814462,0.4196759681439601,0.2200986436498152,0.0465962868583909,0.041483650561249474,0.053763440860215006,0.3963254593175853,0.17612137203166212,0.13636363636363644,0.009519867549668827,0.01701931922723077,0.03191489361702127,0.0718176485376687
15,1997-10-31,0.03719865850939042,0.04617079007481362,-0.01099342320679042,-0.0363706275735074,0.05486918446728528,-0.0064523216753136214,-0.020336136748402626,-0.020336136748402626,0.0,0.0,-0.3357457913453891,0.8647848850443889,0.1584907059063363,-0.7861393787950121,0.063220175072352,0.17685699848408287,0.037913043478260855,0.03373945641986875,0.05612244897959173,0.11654135338345872,0.13095905776780706,0.1200000000000001,0.017083504168375008,0.009497964721845387,0.020618556701030855,0.08565285379202492
16,1998-01-30,0.019169582530113468,0.08021973419902295,0.14982719851871604,0.2045377072847947,-0.02574724695778729,-0.016713673223704983,-0.9494387111609724,-0.9494387111609724,-0.935483870967742,0.0,0.17946383509317074,1.5038248697916663,-0.3258786453584169,-0.28544818243395803,0.0424879926697388,0.04594246457707163,-0.2000670241286864,-0.21260199456029014,-0.028985507246376836,-0.009259259259259413,0.010909992561368927,0.0714285714285714,-0.04407417360924471,-0.22535842293906816,0.010101010101010166,-0.10323718987432927
17,1998-04-30,0.04340150016414035,0.03714056920709652,-0.04821358542778709,-0.047731453351422926,0.08057233294181199,0.08501576712487148,21.068495038588754,21.068495038588754,16.0,0.0,0.8265819811051633,0.21076153021094024,0.6612244897959183,4.698080417094556,0.2322328896787529,0.10344827586206896,-0.00712191034771681,-0.002302820955670581,0.08457711442786088,0.13593882752761255,0.3953887662496933,0.10000000000000007,0.03556367725611476,0.015615962984384169,-0.010000000000000007,0.08914230645679401
18,1998-07-31,0.006492530616525549,0.027789199605571024,-0.01462759586441209,0.009389170725226492,0.014040280013110308,-0.046447433341021305,-0.06103204291539944,-0.06103204291539944,-0.058823529411764726,15.0,-0.35735841949812364,1.385353609921748,0.19247471573052974,-2.712776576276826,-0.32279860163978114,0.10379464285714304,-0.020675105485232,-0.017311021350259637,0.013761467889908063,0.017950635751682986,0.06433468096326234,0.09090909090909084,0.007465725532781242,0.005694760820045497,-0.03030303030303028,0.018212653001032253
19,1998-10-30,0.3730502137325968,0.4244046633657903,0.2841949236717043,0.34062274316650304,0.4039069106865725,0.11507344217624582,-0.03536273909920451,-0.03536273909920451,-0.0625,-0.0625,-0.5992351953111039,1.5579407594138963,-9.45037015740674,-3.506726239619252,1.2082079417256972,-0.018200202224469275,-0.10598879793192596,-0.09864944216089257,0.34389140271493224,-0.031594415870683346,-0.028075970272501968,0.08333333333333348,0.02250067367286457,-0.02887882219705552,-0.07291666666666663,0.06253168223622274
20,1999-01-29,0.2805069662218107,0.11215396792833764,0.4444592283452813,0.5069248785352665,0.228426340121767,0.4262669805945869,-1.242003874819876,-1.242003874819876,-1.2,-1.2,2.155504824412777,0.283796061040021,-0.9332908054775878,-2.1593627299028726,-0.3944169647115967,0.2289735667696533,-0.23566265060240965,-0.2345276872964169,0.026936026936026813,-0.08573596358118353,0.24146134239592176,0.10256410256410242,-0.040585057319804996,-0.2104956268221575,-0.0224719101123596,-0.261986709831317
21,1999-04-30,-0.008125941916826251,-0.051894074337964564,-0.08956788736613497,-0.15105015002143166,0.02229432991132629,0.6493984021561268,-6.92891737891738,-6.92891737891738,-5.500000000000001,-5.166666666666667,-0.5342685642585036,-0.8435564267808093,-3.3991669854222453,-0.653251636262359,-0.3592036930178879,0.07765363128491631,-0.032786885245901565,-0.028085106382978675,0.01967213114754096,0.049792531120332,0.17341910758280865,0.06976744186046524,0.030627661035572018,-0.16322008862629245,0.16091954022988508,0.1168213510643208
22,1999-07-30,0.02716465104818999,0.002171008684034748,-0.01974171259356749,-0.006361708573159652,0.04276801838778521,-0.3552020355283737,0.1960308498113932,0.1960308498113932,0.5555555555555554,0.6799999999999999,1.8167475728155345,-0.15662650602409633,0.2976085031000886,-1.0634538152610442,0.035569563259792984,-0.08346293416277861,0.059973924380704036,0.06654991243432584,0.045016077170418,-0.10118577075098822,0.01842995450834017,0.08695652173913038,0.015191897654584396,0.09090909090909104,-0.01980198019801982,0.008558316450986148
23,1999-10-29,0.03486187182665024,0.051366438926845566,0.1006125702777545,0.1215447154471545,0.014301083733501363,0.050321296044890884,0.034552028927280036,0.034552028927280036,-0.4761904761904762,-0.4761904761904762,0.09651012494614396,0.948051948051948,0.2006825938566552,-10.139240506329116,-0.3139130434782609,0.03167420814479627,0.12115621156211565,0.11822660098522153,-0.0030769230769229767,-0.013192612137203021,-0.0816630397434428,0.08000000000000007,-0.019952743502231533,0.09546925566343044,0.02020202020202011,-0.06255636631958683
24,2000-01-28,0.04726675680896264,0.08305266077584507,-0.006938090881366321,0.015222906850308028,0.0656594401614321,0.08470486859112447,0.02213592233009698,0.02213592233009698,0.0,0.0,-0.7772102161100196,-0.8420000000000001,-0.7748720864127345,-0.8698060941828255,-0.019011406844106515,0.09402412280701757,0.3883708173340648,0.4023494860499268,0.06172839506172824,0.09803921568627436,-0.051883262659017326,0.07407407407407396,0.01768015001339407,0.3788774002954212,0.00990099009900991,0.06681826132587032
25,2000-04-30,0.04568677721010017,0.10247685947389606,-0.09566218809980807,-0.11504819707247416,0.09038162750048563,0.1839847473784557,0.2496200607902737,0.2496200607902737,0.2272727272727273,0.13636363636363644,7.795414462081128,4.312236286919831,1.0328282828282829,-32.23404255319149,1.896640826873385,0.28013029315960924,0.06598182536546826,0.081675392670157,0.09011627906976738,0.2053571428571428,-0.13285977374375155,0.06896551724137945,0.04264280073703608,0.17354043920728435,-0.07843137254901966,0.24577799639285125
26,2000-07-28,0.03822273961971279,0.03696820866794992,-0.026233126750997537,-0.02763489662128093,0.05512634977179109,-0.12110842726784755,-0.1213134691395561,-0.1213134691395561,-0.11111111111111116,-0.040000000000000036,0.011028674553839934,1.0969023034154088,0.4012422360248447,-0.5681198910081744,0.28278322925958954,0.01781170483460559,-0.01927353595255743,-0.004840271055179146,0.053333333333333455,-0.06599326599326605,-0.12348300970873782,0.08064516129032273,0.016283766725574408,-0.0045641259698767644,0.0,0.06646485917346667
27,2000-10-27,0.04848711370856762,0.02800179211469533,0.05265911072362695,0.05829270822528776,0.047477369120719086,0.03931597831895561,0.08685121107266447,0.08685121107266447,0.08333333333333348,0.08333333333333348,-0.1858389527965093,0.2356060606060606,-0.3191489361702128,-0.9029968454258676,0.02138386648122381,-0.002307692307692233,-0.013605442176870763,0.0043774319066147704,0.045569620253164585,-0.0533525594808939,-0.034614053305642045,0.07462686567164177,-0.0008694572102845299,0.011004126547455416,0.0,-0.02863137109712455
28,2001-01-26,0.05520537956736615,-0.0407496186533014,-0.04464137816796421,-0.06948936587278254,0.07949074353860719,0.00014690759512259174,-0.035975803884113366,-0.035975803884113366,-0.03846153846153855,-0.03846153846153855,-0.13300852618757608,0.5030656039239729,-0.7434895833333333,-13.853658536585364,-0.23608510638297875,0.05050115651503462,-0.03218390804597704,-0.013075060532687588,0.07263922518159792,0.005331302361005319,0.007350304768734217,0.06944444444444442,0.022998508204873147,0.014058956916099818,-0.03191489361702116,0.030872824291703793
29,2001-04-27,0.08087896563373365,0.2191860842474201,0.32587776332899865,0.4317463661259744,0.02814115363800917,0.11552585193889532,-0.5373183619550859,-0.5373183619550859,-0.52,-0.6,0.576004495644844,-1.112176218641648,0.8477157360406091,-4.678051865907654,1.2956773618538326,-0.12550458715596335,-0.19477434679334915,-0.1982335623159962,0.02708803611738153,-0.1848484848484848,-0.15180637124043428,0.06493506493506485,-0.048851622311338,-0.15742397137745967,-0.04395604395604402,-0.14844712842001484
30,2001-07-27,0.03335748483427814,0.04155132027257236,-0.01843860337387216,-0.028985507246376836,0.04773572919502666,-0.04160905918756996,1.1520342612419698,1.1520342612419698,1.0833333333333337,1.5,-0.3278659297557497,-3.914545454545455,1.120879120879121,-0.7594153052450558,0.13578569348733385,-0.052245069240453135,-0.036381514257620366,-0.04039167686658507,0.0483516483516484,-0.07713754646840154,0.1149811162400336,0.07317073170731714,0.013926153059920844,-0.013800424628450214,-0.034482758620689724,0.0726174108112021
31,2001-10-26,0.3361012964515997,-0.20061846712157227,1.5891953104183318,1.696719448443064,0.010220874837592042,0.07934327127842278,-0.7787728026533997,-0.7787728026533997,-0.76,-0.8,-0.04535809018567638,19.7024329382408,-27.78626943005181,-7.3409578270193,-0.7580755426422834,-0.032765109586008534,-0.26326530612244897,-0.3227040816326531,0.01048218029350112,-0.07754279959718025,-0.044034625517501036,0.06818181818181812,-0.24395161290322576,-0.2610333692142087,-0.08333333333333326,-0.7035587788834542
32,2002-01-25,0.043947563384919335,0.05917708366635765,0.024543981064601542,0.02368376692701024,0.05688073394495419,0.013492871690427677,3.7211394302848575,3.7211394302848575,3.333333333333334,4.2,0.17949430397332589,-0.8870306755860905,-0.9453551912568308,-1.1980610979596438,0.6206287530907806,0.04097047379262997,-0.02008310249307488,-0.09322033898305092,0.053941908713692976,0.03056768558951961,0.3773622047244094,0.05319148936170226,0.012500000000000178,-0.023306627822286985,-0.06493506493506496,0.03459262630860272
33,2002-04-26,0.07481149278005028,0.05282221551463938,0.12332069407126545,0.09364107912286967,0.04346767912772576,0.1250313991459433,-0.044458558272467474,-0.044458558272467474,-0.07692307692307697,-0.07692307692307697,0.01012956419316846,0.4081088290210724,-0.4530973451327434,-1.2737620944792258,-0.10483870967741936,0.025505716798592808,0.1498233215547704,0.07476635514018692,0.04330708661417315,-0.02754237288135586,0.010004287551808044,0.06060606060606055,-0.02913580246913583,0.144668158090977,-0.06944444444444431,-0.037285525736911566
34,2002-07-26,0.0263285799440598,0.15022935779816504,-0.002928421335002485,-0.02296168034329593,0.046679417207009744,-0.04331565727044373,0.27384513127284804,0.27384513127284804,0.3333333333333335,0.29166666666666674,-0.22527985074626866,-1.5519984845614698,-3.3673139158576046,-10.592515592515591,1.1234477720964209,-0.12971698113207542,0.041794714197910254,-0.01835748792270531,0.04528301886792452,-0.1655773420479303,-0.2820149992924862,0.06666666666666665,0.019837232960325583,0.041042345276872894,-0.044776119402985086,0.1773106363532504
35,2002-10-25,0.023079809857392997,0.04551345962113662,-0.04293433177140549,-0.5634406945086556,0.06682215916687717,0.10333158293949474,-0.2128880772241064,-0.2128880772241064,-0.21875,-0.19354838709677413,0.2787477423239013,-1.2652711050102952,0.6035543403964456,-0.7425227568270479,0.13622291021671828,0.02611480660261134,0.15811209439528007,0.1722440944881889,0.06317689530685923,-0.018276762402088864,-0.04552621206148999,0.05357142857142838,0.04272651704073138,0.16458072590738415,0.0,1.3947598253275109
36,2003-01-24,0.040463235486772886,0.09135555237686543,0.016772863568215834,0.03100547155380352,0.05454596092520636,0.01136964569011112,0.41763341067285387,0.41763341067285387,0.3999999999999999,0.3999999999999999,0.530367231638418,-0.011642949547218671,-0.5993179880647912,3.0210437710437708,0.4820869916237765,0.12244897959183687,0.031584309730005256,0.04450041981528119,0.05432937181663844,0.05585106382978733,-0.08940739211232708,0.05084745762711873,0.013552295918367374,0.03922622246104246,0.0,0.05855417781019522
37,2003-04-25,0.03421414901118092,0.006050941500284068,0.017049119896783704,0.034752339648482115,0.044052398056201085,0.12303267973856212,0.13888239420154316,0.13888239420154316,0.11428571428571432,0.11428571428571432,0.03230272265805256,4.069371727748692,1.8606382978723404,-0.9968599539459913,0.0010213809069863355,-0.021818181818181848,0.07506172839506164,0.09726688102893902,0.04508856682769724,-0.07304785894206545,-0.09818594104308387,0.04838709677419351,0.009438414346389923,0.07911065149948304,0.015625,-0.027753320828388658
38,2003-07-25,0.024844165963249232,-0.05165562913907285,0.008109822399420041,-5.5148072574895395e-05,0.034187493676009366,-0.03892354967874101,-0.07534387189488811,-0.07534387189488811,-0.05128205128205132,-0.05128205128205132,-0.13544926240500665,0.7438678027368966,-0.30531796206768314,-198.9333333333333,-0.2019590504047344,0.06166630220861592,-0.006890215893431306,0.01098901098901095,0.035439137134052334,0.016304347826086918,-0.06084988684938397,0.05384615384615389,0.009194327567398908,-0.0033540967896502627,0.015384615384615332,-0.051578864477518034
39,2003-10-24,0.021715543799349042,0.005815550874622264,0.03348164127454956,1.1768144716523272,0.015311800604155712,0.04825113845557594,0.05706039076376545,0.05706039076376545,0.05405405405405417,0.05405405405405417,-0.09427783522923128,-0.4763103346165235,0.8886509635974305,-0.318962613674638,-0.17234913058302082,-0.0018537590113284488,0.06614246068455132,0.0724637681159419,0.019345238095238138,-0.03609625668449201,-0.04605087014725562,0.058394160583941535,-0.006331068560839981,0.06826923076923075,0.015151515151515138,-0.5379442045831949
40,2004-01-23,0.0415933525048251,0.05536080127475529,0.03283179683423198,0.03227767925006342,0.046447198834001835,0.013864497643035323,-0.02562486872505776,-0.02562486872505776,-0.02564102564102566,-0.02564102564102566,0.4460513796384396,-0.22391857506361326,-0.6275510204081632,-2.4663699307616223,0.3053553038105046,-0.042921997523730826,-0.014750542299349356,-0.0108108108108107,0.046715328467153316,-0.0610263522884883,-0.13219197305641314,0.04827586206896562,0.004662004662004726,-0.013951395139514045,0.0,0.022371967654986502
41,2004-04-30,0.05009041725890584,0.14591691471463708,0.059702749357921865,0.04079128215197336,0.04483453237410062,0.2149694593855412,0.22634188402672994,0.22634188402672994,0.2368421052631577,0.21052631578947367,0.289906566653507,0.2648451730418944,1.5806697108066967,0.10016863406408104,0.2573570019723865,0.06188012074169904,0.007926023778071391,0.008879781420765065,0.04741980474198049,0.014771048744461003,0.0410737386804656,0.04605263157894735,-0.004949729311678254,-0.01597444089456856,0.0149253731343284,0.10097548114948583
42,2004-07-30,0.031621169600589694,0.10559602462024964,0.014919146569192243,0.013606565108710944,0.04088355183430648,-0.11979440234111205,-0.06890490420108986,-0.06890490420108986,-0.06382978723404252,-0.0652173913043479,-0.3255458069781677,-1.2425115207373272,-0.4624004718372161,0.7081545064377683,0.3496266549538809,-0.008527918781725874,0.003058103975535298,0.0033852403520648893,0.039946737683089095,-0.053857350800582286,-0.05187946567256907,0.05031446540880502,0.008860562723457255,0.009276437847866248,0.0,0.0907567049808431
43,2004-10-29,0.04281788830116096,0.08442719240002039,0.0285971539861809,-0.42125956773608175,0.050507509446343635,0.022889049912620862,0.011327166320558746,0.011327166320558746,0.0,0.023255813953488413,-0.0010588413250642859,-4.7173396674584325,-0.20186505759736686,-0.7370782483847811,0.06811102329257522,0.04177759574032347,-0.015679442508710784,-0.011470985155195734,0.05121638924455851,0.0015384615384614884,0.003931847968545289,0.05389221556886237,0.007395993836671887,0.003676470588235503,-0.014705882352941237,0.8737650933040615
44,2005-01-28,0.033932135728542916,0.05629866867621192,0.03963843958135116,0.06765557163531111,0.030910904456288524,0.054546212184348734,0.015680418144483843,0.015680418144483843,0.02272727272727271,0.02272727272727271,0.06374924288310124,0.7955271565495208,0.5683848797250859,-1.7638225255972697,-0.04870723426482115,-0.01435030469825038,-0.0030973451327434014,-0.0013651877133104007,0.030450669914738205,-0.06144393241167422,-0.043080939947780734,0.045454545454545414,-0.0029060874885286077,0.003205128205128193,0.0,-0.010622925209920031
45,2005-04-29,0.05874332607005873,0.10304390475907366,0.12896967034576168,0.27263827704356336,0.02124686037079382,0.0977199984194097,-0.6427127366292961,-0.6427127366292961,-0.6444444444444444,-0.6444444444444444,0.13224199288256222,0.4450177935943061,-1.294478527607362,-1.4173369079535298,0.021368107984443,0.049262066214599054,-0.20062139369729248,-0.20505809979494194,0.017730496453900457,0.018003273322422242,0.008185538881309684,0.04891304347826075,-0.03543488265071326,-0.1811958010041077,-0.029850746268656688,-0.13326491138041294
46,2005-07-29,0.01804734796057139,-0.03872532506905613,0.02733507352583531,0.06582840236686383,0.01256519450691429,-0.03153347732181422,0.6491769547325104,0.6491769547325104,0.625,0.625,-1.0174754840331908,0.820711735008004,10.328869047619047,-14.76017130620985,-0.2878774303377833,0.002661091047329478,-0.1399222654081066,-0.14875322441960448,0.015098722415795685,-0.014469453376205752,0.2056833558863329,0.051813471502590636,-0.005407124681933939,-0.14492753623188406,0.0,-0.09810083344719224
47,2005-10-28,0.05025624656416805,0.1380552557435415,0.0469186459401878,0.35991672449687706,0.05225502797520032,0.02787689562890283,1.5467872738615096,1.5467872738615096,1.6153846153846154,1.5769230769230769,-74.96402877697842,-0.4926957933180035,-0.8938657559437804,-1.557422969187675,0.2253397081026673,0.0494786729857819,0.14267269205939306,0.13131313131313127,0.05263157894736836,0.032626427406199136,0.18574635241301896,0.049261083743842304,0.0019187719859290464,0.1355932203389829,-0.015384615384615441,-0.16315709740948334
48,2006-01-27,0.03216547066272678,0.09933489345978573,-0.004884078507039757,-0.005633687820211897,0.054240728598758725,0.0014826064945396846,-0.17991426821800371,-0.17991426821800371,-0.19117647058823528,-0.17910447761194026,-0.5243653341114678,0.6064524730035996,0.39232673267326734,-2.619207146845338,-0.2977718451586405,0.03811416184971095,0.02994350282485869,0.02589285714285716,0.0565217391304349,-0.012638230647709305,-0.11689540937056307,0.04225352112676073,0.021385253750398903,0.044202066590126377,-0.015625,0.10559980690321023
49,2006-04-28,0.07229401821255244,0.16257912721976364,0.5575938437301178,-0.09559683875602998,-0.20064578789531085,0.1073117891316122,0.10513739545997614,0.10513739545997614,0.1272727272727272,0.1090909090909089,0.440081799591002,-1.4706224066390041,2.216,-3.8043103448275866,1.189135838572891,-0.0762136767008873,0.3044432254525509,0.2193211488250653,-0.16460905349794253,-0.12639999999999996,-0.13263665594855312,0.04504504504504482,-0.25453125,0.2396921385376581,-0.015873015873015928,0.2854491867700033
50,2006-07-28,0.026249949147715727,0.005242565002023802,0.0002625871643504585,0.007535521358209563,0.05472954969357846,-0.05533635503961909,-0.1905405405405406,-0.1905405405405406,-0.16129032258064513,-0.16393442622950816,-0.17637034933257606,-4.561982013754188,-1.4781647318960751,-1.9824777128804183,-0.5337808502822028,-0.07440195893765311,0.12741799831791426,0.062098501070663614,0.06034482758620685,0.10805860805860812,-0.2737102255174543,0.0474137931034484,0.02787675539719125,0.08957871396895789,-0.016129032258064502,-0.002250339673913082
51,2006-10-27,-0.06367375253951735,-0.19250311571277925,-0.16198347107438016,-0.3928812795674701,0.0385004042037187,0.06144287193648613,0.1368948247078463,0.1368948247078463,0.13461538461538458,0.1568627450980391,0.2534482758620689,-1.557920792079208,11.531791907514453,-0.8085106382978724,-0.2191977077363897,-0.049654049654049626,-0.02834763148079078,-0.061827956989247264,0.03716608594657389,-0.10413223140495864,-0.15099957464908553,0.04526748971193406,0.10909461663947816,-0.07285307285307285,0.0,0.3300140431507723
52,2007-01-26,0.035774767146486086,-0.02528790217262256,-0.00359670495417097,0.0029684601113173503,0.06879439525153264,-0.008780487804878057,0.04258443465491935,0.04258443465491935,0.05084745762711873,0.033898305084745894,0.027510316368638318,-0.7657497781721384,-0.9940036900369004,-4.258169934640523,0.9146788990825688,0.10107066381156304,0.03416506717850276,-0.0014326647564469885,0.06830907054871216,0.0627306273062731,0.13977955911823647,0.04330708661417315,0.03180731752160315,-0.008340649692712976,0.016393442622950838,-0.028156395981314364
53,2007-04-27,-0.003065603923973037,-0.0355663824604141,-0.0061714019562180145,-0.05179430262671103,-0.0006372906045156722,0.07578740157480324,0.14366197183098595,0.14366197183098595,0.14516129032258052,0.14754098360655732,0.23828647925033475,-5.0606060606060606,49.53846153846154,-1.8335005015045127,-0.3981792045999042,0.0040840140023337135,-0.012620638455827615,0.02869440459110484,0.009433962264151052,-0.06076388888888884,-0.02197802197802201,0.041509433962264135,0.0024946543121879827,0.008410801239486565,0.016129032258064502,0.017086982287482844
54,2007-07-27,0.007585075850758516,-0.03157362970447086,-0.0021089630931458987,-0.20405774483027705,0.015122528924114144,-0.04635559621835928,-0.16871921182266014,-0.16871921182266014,-0.16901408450704225,-0.15714285714285714,-0.016216216216216158,-0.34141791044776115,-0.1156773211567732,-0.5391095066185319,-0.3049363057324841,0.013170637226418648,-0.002255639097744289,0.03417015341701535,0.020768431983385183,0.003696857670979492,-0.024269662921348245,0.04710144927536253,0.007465339495200896,0.008340649692712756,0.03174603174603185,0.21671576085197275
55,2007-10-26,0.04710071210579847,0.3746739697443924,0.06974286720676304,0.2995098039215687,0.02979448981423305,-0.0009593859929645232,-0.013333333333333308,-0.013333333333333308,0.0,-0.016949152542372947,-0.016483516483516536,-5.194050991501417,-0.9638554216867472,-10.947780678851172,4.364261168384878,0.0022940164404510197,-0.032027128862095015,-0.02629804450438289,0.03255340793489325,-0.018416206261510082,-0.02994011976047917,0.04152249134948094,-0.016584333098094484,-0.009142359599477512,-0.030769230769230767,0.057837607747153415
56,2008-01-25,0.04012435635869038,-0.366189166113272,0.1465261771485018,0.3338362881931347,-0.04435729847494552,0.08994878361075552,-0.8843843843843844,-0.8843843843843844,-0.8813559322033898,-0.8793103448275862,0.223463687150838,-2.668693009118541,3.4761904761904763,-2.037795275590552,-0.8443305573350417,-0.08010680907877178,-0.22070844686648505,-0.2389196675900277,-0.03842364532019715,-0.1088180112570356,-0.07644824311490972,0.043189368770764285,-0.08127018299246502,-0.2425307557117751,0.015873015873015817,-0.524822695035461
57,2008-04-25,0.03670838781991415,0.09594372099985038,0.02067777139574956,-0.0002828054298642524,0.05197884369870498,0.1333333333333333,9.558441558441556,9.558441558441556,9.285714285714283,9.14285714285714,-0.4621004566210045,-0.9789516292248532,0.4787234042553192,-1.0837126960040466,0.4540466392318243,0.001658718639850898,-0.011988011988011915,-0.031847133757961776,0.050204918032786816,0.04210526315789487,0.2802056555269923,0.0414012738853502,0.014840851396211718,-0.04234338747099764,0.0,0.09627394940192646
58,2008-07-25,0.02410127038471943,0.010379677683693078,-0.015756893640967884,0.05289957567185288,0.06093966712898746,-0.03964757709251099,-0.08118081180811809,-0.08118081180811809,-0.06944444444444431,-0.07042253521126751,0.3582342954159592,5.538461538461538,-1.0287769784172662,-0.6676737160120846,0.10377358490566048,0.04926516249223757,0.007583417593528763,-0.003759398496240629,0.05853658536585371,0.0,0.04377510040160648,0.058103975535168224,0.03598229747931492,-0.010296789824348895,0.015625,-0.04040940472167232
59,2008-10-24,-0.030792240355430375,-0.12111381454447145,-0.1033924147131694,-0.21708758731864586,0.031456818367513684,-0.03669724770642202,-0.23560910307898264,-0.23560910307898264,-0.2388059701492537,-0.2272727272727273,0.024999999999999908,-0.5470588235294118,-274.75,-6.718181818181818,-0.5376068376068376,-0.0692444269086604,-0.06422478675363774,-0.057547169811320686,0.04055299539170498,-0.12121212121212133,-0.10119276644863406,0.052023121387283267,0.06426448736998512,-0.07037943696450423,0.015384615384615332,0.1226101831354398
60,2009-01-23,0.03317750646757145,0.10827437711473388,0.030927835051546282,0.08716540837336995,0.03485424588086184,-0.0212885154061625,0.2661996497373029,0.2661996497373029,0.2745098039215685,0.2745098039215685,0.3841463414634145,-0.1655844155844156,-0.8849315068493151,-2.179650238473768,1.3715341959334566,-0.26494277236117003,0.23753351206434314,0.2732732732732732,0.03365810451727192,-0.2942528735632184,-0.2388698630136986,0.052197802197802234,0.0015706806282722585,0.2843976300197497,-0.015151515151515138,0.01940572760274284
61,2009-04-24,0.03940432261465476,0.03524840410768815,0.11443298969072167,-0.006628787878787845,-0.016304347826086918,0.09587864911276478,-0.8229598893499308,-0.8229598893499308,-0.8307692307692308,-0.8307692307692308,-0.010572687224669641,4.817120622568093,-3.952380952380953,-1.0161725067385443,-0.009353078721745955,-0.1502306805074971,-0.25953206239168114,-0.25235849056603776,-0.010282776349614277,-0.17589576547231267,-0.3447694038245219,0.04960835509138373,-0.053667886391357215,-0.23833931317273185,-0.015384615384615441,0.04216125912248292
62,2009-07-31,-0.003676936731330072,-0.02359249329758717,-0.03515263644773359,-0.004766444232602529,0.02279978211812317,0.027161138678506225,2.4765625,2.4765625,2.6363636363636367,2.6363636363636367,-0.4470169189670525,-0.6461538461538461,-2.0591397849462365,19.75,-0.1959087332808812,0.06515100101798453,-0.15447630193095385,-0.1472134595162986,0.02857142857142847,0.07509881422924924,0.3957081545064378,0.052238805970149516,0.02669858221322041,-0.15275908479138622,0.0,-0.01889896646277156
63,2009-10-30,0.030117926529227068,0.0038440417353102774,0.023585810162991327,0.046615581098339735,0.03530127814972617,-0.024154589371980683,0.9505617977528088,0.9505617977528088,0.95,0.95,0.26409017713365546,0.9829867674858224,-1.114213197969543,-0.21285140562248994,-0.1917808219178082,0.18891366677285748,0.13771626297577866,0.13193588162762016,0.03703703703703698,0.15441176470588225,0.3745387453874538,0.0472813238770684,0.0050215208034434244,0.1389992057188243,0.0,-0.04089091456335725
64,2010-01-29,0.036402569593147804,0.0912199124726476,0.016110902959910026,0.15741305674191586,0.05232216343327445,0.003387180823345437,-0.04262672811059909,-0.04262672811059909,-0.03846153846153855,-0.03846153846153855,0.8955414012738854,-0.5548141086749285,-8.377777777777778,-4.25,0.7711864406779659,0.0988745980707395,0.024939172749391947,0.023965141612200425,0.05519480519480524,0.060509554140127264,-0.054138702460850174,0.04740406320541757,0.01534618129907206,0.02510460251046021,0.0,-0.05715950865238052
65,2010-04-30,0.11609980928162746,0.2331119187868153,0.2408738938053097,0.3497627833421191,0.02157821229050283,0.08932744741625552,0.14921780986762934,0.14921780986762934,0.15999999999999992,0.14666666666666672,-0.16868279569892475,4.811563169164883,-5.352409638554216,-1.0989010989010992,-0.0430622009569378,0.06656912948061455,0.3204747774480712,0.3042553191489361,0.03923076923076918,0.009009009009008915,0.014191106906338737,0.0431034482758621,-0.08471001757469232,0.3326530612244898,-0.015625,-0.08644382102610426
66,2010-07-30,0.020291918832324733,0.016058542534810538,0.044424634128222174,0.09568443663346993,-0.001914006425593029,-0.10059594755661504,-0.13089005235602091,-0.13089005235602091,-0.12643678160919536,-0.11627906976744184,-0.349232012934519,-0.7092851879145173,-1.031833910034602,-0.4285714285714286,-0.02571428571428569,-0.08367626886145407,0.09573033707865153,0.07014681892332808,0.0007401924500369804,-0.11607142857142848,-0.32975746268656725,0.045454545454545414,-0.021697388632872627,0.13578356304236872,-0.0634920634920636,-0.07265913704262739
67,2010-10-29,0.02271458478715971,-0.010303090927278212,0.030372003698698306,0.05061486366066648,0.015341414971577372,0.03445534057778965,-0.3180722891566265,-0.3180722891566265,-0.3157894736842105,-0.3157894736842105,0.11552795031055907,-0.1761723700887199,7.282608695652174,2.0,-0.07917888563049857,-0.1379740518962076,-0.10582444626743226,-0.128048780487805,0.02144970414201186,-0.13804713804713808,-0.2366040361864996,0.045454545454545636,-0.00726202158979372,-0.0903370786516854,-0.03389830508474578,-0.05797833529774943
68,2011-01-28,0.043874313397700426,0.009298564786739405,0.051981223250034514,0.08804071246819345,0.03595278246205735,0.014860363822700506,0.6325088339222615,0.6325088339222615,0.6538461538461537,0.6538461538461537,0.3864142538975501,0.25384615384615383,0.034120734908136496,-1.25,0.021496815286624168,0.04254703328509435,0.01146788990825698,-0.018356643356643443,0.03982621288921062,0.01953125,0.1358249772105744,0.0415879017013232,-0.00771055753262162,0.0222332015810276,-0.05263157894736825,-0.07239037178265006
69,2011-04-29,-0.00565414909958495,-0.0870218305627879,-0.05138132423387365,-0.26504521359526034,0.03971871337413724,0.08457460237313819,-0.1601731601731602,-0.1601731601731602,-0.15116279069767447,-0.16279069767441867,-0.3630522088353414,-1.5386503067484665,2.0076142131979697,2.6666666666666665,0.0771628994544038,0.09022765130483056,-0.07573696145124709,-0.07301869991095278,0.04805013927576618,0.04597701149425282,0.050561797752809,0.039927404718693486,0.045626618848376266,-0.06089898501691636,0.0,0.2422120881238359
70,2011-07-29,0.02192348146200373,0.0184271141822967,0.02040675152185933,0.019304200254560918,0.023296593186372668,-0.05749534450651773,0.0579896907216495,0.0579896907216495,0.0547945205479452,0.06944444444444442,0.4060529634300125,-2.359908883826879,-0.5805907172995781,-0.8888888888888888,0.00795947901591898,0.004329004329004293,-0.030421982335623213,-0.023054755043227626,0.027906976744185963,-0.04029304029304026,0.053475935828877,0.041884816753926524,0.0015243902439021626,-0.02007205352547603,-0.01851851851851849,-0.0008273009307137036
71,2011-10-28,0.021292335402528062,-0.029186860527732894,0.01782929970849434,-0.0147762747138398,0.024418604651162745,0.0204988886144728,0.060901339829476216,0.060901339829476216,0.06493506493506485,0.06493506493506485,0.007174887892376747,0.9413735343383584,-0.42655935613682094,-32.36363636363636,-0.2476669059583633,-0.15644016227180513,0.06629554655870451,0.07669616519174037,0.02521008403361336,-0.17938931297709926,-0.15953589557650472,0.041876046901172526,0.0030441400304415107,0.08403361344537807,0.0,-0.014645001034982454
72,2012-01-27,0.00497590778824053,0.03261593077435099,-0.018116424670307718,-0.03633291085762569,0.02568851185853394,-0.05179090029041622,0.07347876004592413,0.07347876004592413,0.08536585365853666,0.07317073170731714,0.02849510240427433,-0.6082830025884383,0.7614035087719297,-1.4115942028985506,0.1354961832061068,0.1009918845807034,-0.02420503084954906,-0.007305936073059294,0.04035308953341743,0.07441860465116279,-0.002588438308886887,0.038585209003215486,0.02048558421851276,0.005813953488372103,-0.018867924528301886,0.07152985662517719
73,2012-04-27,0.0367271473786468,0.02223893425010748,0.08329941663274988,0.2838667251205611,-0.0032616925854738192,0.04262378764675856,0.058823529411764726,0.058823529411764726,0.0674157303370786,0.06818181818181812,-0.06753246753246755,-0.028634361233480177,0.19123505976095626,-0.5915492957746479,0.04873949579831938,0.06006006006006004,0.0447470817120621,0.041398344066237325,0.0115151515151517,0.017316017316017396,0.05276816608996526,0.037151702786377694,-0.03847583643122665,0.07658959537572252,-0.019230769230769273,-0.20374454737048464
74,2012-07-27,0.005108363812229788,-0.034892275354703066,0.001690670006261774,-0.007853850093904713,0.008297785309413941,-0.018849449204406343,-0.12727272727272732,-0.12727272727272732,-0.11578947368421055,-0.11702127659574467,0.1857010213556174,1.1428571428571428,0.0752508361204014,-7.672413793103447,-0.31009615384615385,-0.036312129796548964,-0.0018621973929235926,-0.005300353356890386,0.013181545835829755,-0.04680851063829783,-0.09860312243221027,0.0388059701492538,0.00309298279528325,0.0143176733780761,-0.019607843137254943,-0.027268250646313
75,2012-10-26,0.021291952363767568,0.027442012414243815,0.049259236106770084,0.13939081053175004,-0.004636337293538072,0.021706586826347296,-0.2523148148148148,-0.2523148148148148,-0.25,-0.24096385542168675,-0.303054032889585,-1.0804232804232805,-0.8149300155520995,-3.3204134366925064,1.0429732868757258,0.11330839123463375,-0.06716417910447757,-0.07726465364120783,0.004139562389118946,0.0982142857142856,0.09480401093892432,0.037356321839080435,-0.02543842744266711,-0.059108954565505134,-0.02000000000000001,-0.09827247990887812
76,2013-01-25,0.029122497055359187,-0.029040805511393764,0.01954125707476906,0.05089865579217645,0.038486171761280996,-0.016605616605616658,0.5294117647058822,0.5294117647058822,0.5555555555555556,0.5396825396825395,0.7179775280898877,-22.592105263157894,2.235294117647059,-1.5133630289532294,-0.2620807276861853,0.04152664426308217,0.005499999999999838,-0.0067372473532243396,0.03886925795053009,0.04065040650406515,0.1015820149875104,0.036011080332410066,0.009096302155428004,0.008438818565400963,-0.020408163265306145,-0.07607017543859651
77,2013-04-26,-0.0030902171735958106,0.9422552123130664,-0.05510430666744581,-0.4407875826386892,0.0468154294684906,0.10752421157188974,-0.019230769230769273,-0.019230769230769273,-0.030612244897959218,-0.030927835051546393,-0.22367560497056904,-0.6398537477148081,1.477922077922078,-0.2147505422993492,-0.3374422187981509,0.05415994468771612,-0.02784684236698154,-0.019379844961240345,0.0504535147392291,0.01171875,0.02569916855631149,0.03475935828876997,0.0501665686850874,-0.028358902835890376,0.0,2.473264469087042
78,2013-07-26,0.0037599380040755923,0.016691957511380858,0.017501546072974602,0.10125931637111284,-0.008140967275453881,-0.08452914798206279,-0.016511867905056758,-0.016511867905056758,-0.010526315789473715,-0.010638297872340273,-0.1718618365627632,0.12690355329949246,-0.5576519916142557,-0.7486187845303867,-0.0372093023255814,0.11281154350677736,0.007672634271099765,0.012845849802371578,0.0021586616297895045,0.061776061776061875,0.11274871039056733,0.036175710594315236,-0.011942526590781988,0.02105263157894744,0.0,-0.0768002799099039
79,2013-10-25,0.04277707880590187,0.07700386954118299,0.07725034948033804,0.2826137689614936,0.012149684108213156,0.027185892725936744,-0.053515215110178434,-0.053515215110178434,-0.04255319148936165,-0.043010752688172116,0.05391658189216675,0.7807807807807807,-1.8601895734597158,-3.6153846153846163,0.28743961352657,0.07170923379174843,0.04923857868020298,0.0536585365853659,0.010770059235325702,0.06909090909090909,0.041059602649006655,0.034912718204488824,-0.029272898961284155,0.06560449859418926,-0.02083333333333337,-0.16031456522254073
80,2014-01-24,0.02092245256114955,0.046348098342144484,0.008632362897765809,0.024745269286754024,0.03254374733247967,-0.007391511683357166,-0.155210643015521,-0.155210643015521,-0.15555555555555556,-0.1573033707865169,0.555984555984556,0.026138279932546468,-1.3911845730027548,0.0,0.22326454033771115,0.06782768102658121,-0.07837445573294621,-0.07499999999999996,0.030367607884922883,0.054421768707483054,-0.006361323155216425,0.03373493975903608,0.011284046692606964,-0.06684256816182932,0.0,0.021100736269006104
81,2014-04-25,0.019123848405898203,0.04041989600706364,0.034849247636628,-0.012961647727272707,0.0045985326030795175,0.0965649771799184,-0.4120734908136483,-0.4120734908136483,-0.3947368421052632,-0.4,-0.1761786600496278,-0.5686113393590797,4.049295774647887,-0.5840336134453781,0.07592024539877308,-0.002403433476394823,-0.15380577427821518,-0.16316316316316326,0.009824198552223384,-0.03225806451612912,0.06017925736235585,0.03263403263403264,-0.014236244709503796,-0.15080113100848258,-0.021276595744680767,0.054065254026576685
82,2014-07-25,-0.010252220435917005,-0.020744931636020758,-0.010486486486486537,-0.02266594711279002,-0.010029316463508686,-0.06396495071193864,0.9441964285714286,0.9441964285714286,0.9130434782608694,0.9333333333333332,-0.766566265060241,-0.9885714285714284,-0.504881450488145,-1.676767676767677,-0.04775481111903068,0.061091034245396525,-0.03598014888337464,-0.04306220095693769,0.006144393241167334,0.053333333333333455,0.2330917874396137,0.033860045146727025,0.00019516003122554967,-0.037180910099889115,0.0,0.0019657178801699704
83,2014-10-24,0.032646322628747886,0.03981704381319218,0.05659346662296505,0.27958770476716355,0.009871155444721502,0.02176456821904993,-0.04936854190585538,-0.04936854190585538,-0.045454545454545525,-0.04597701149425293,1.9451612903225808,190.16666666666663,-1.6422535211267606,-0.26865671641791045,-0.03667664670658688,0.029354524813493432,-0.03346203346203358,-0.04000000000000015,0.005089058524173185,0.022151898734177108,0.04995102840352583,0.033842794759825434,-0.022048780487804787,-0.03458213256484133,0.0,-0.1873708441235712
84,2015-01-23,0.4242650850954099,0.7669583738482197,0.8126357150242995,-0.19260644418872264,0.037812532153513656,-0.010994044892350008,0.17995169082125595,0.17995169082125595,0.1785714285714286,0.1807228915662651,0.9353778751369112,-0.39843068875326937,64.46052631578948,-326.38775510204084,12.388500388500388,0.12572869072002524,0.062583222370173,-0.04036458333333326,0.03797468354430378,0.12074303405572764,0.14925373134328354,0.03167898627243915,-0.2713487629688747,0.06447761194029833,-0.10869565217391307,1.1884697096504222
85,2015-04-24,0.9315445476436188,-0.19174025837897327,0.5246719908727895,0.6342419383573847,1.6386754572944031,0.6915238536359425,-1.0010235414534288,-1.0010235414534288,-1.0,-1.0,0.08205998868138087,21.05072463768116,-0.9228810720268008,-1.7769693928750627,-0.7189367999535721,0.05248425472358287,-0.4016290726817042,-0.3907734056987788,0.8331707317073169,0.013812154696132506,-0.02475649350649345,0.030706243602866,0.3661007667031764,-0.2596747055524397,-0.1707317073170731,-0.5054201538529426
86,2015-07-31,-0.01929980784552654,-0.055018804305537516,-0.03064259657655977,-0.16494058650387,-0.007909073830546731,-0.0041073384446878025,-821.0,-821.0,inf,-inf,-0.5732217573221757,-0.9351955307262568,-2.515204170286707,-0.8495318049725541,-0.38488540161057205,0.005851063829787284,-0.2450261780104712,-0.2338530066815145,-0.005854177754124557,-0.452316076294278,0.17436537661256746,0.03773584905660377,0.011625576267789263,-0.1454545454545455,-0.11764705882352955,0.13162825278810408
87,2015-10-30,0.003048955326591773,-0.014546951658832796,0.016577571067410313,0.06083550913838121,-0.01022552973924895,-0.029694803409403336,-0.36585365853658536,-0.36585365853658536,-0.3620689655172413,-0.3684210526315789,0.5674019607843137,0.10344827586206896,-0.5521788990825688,-0.6775751072961373,-0.2017455521987244,-0.11131676361713384,-0.2801664355062413,-0.2761627906976745,-0.0050856531049250355,-0.10447761194029836,0.0007087172218285254,0.036363636363636376,-0.013077075490390387,-0.2092198581560284,-0.06666666666666654,-0.07106252135292113
88,2016-01-29,-0.021334984992138702,-0.04017686174842462,-0.014921406333054943,0.0018459266551809075,-0.027798503893321055,-0.017568716350240817,1.1057692307692308,1.1057692307692308,1.1081081081081083,1.1388888888888888,0.40500390930414376,-0.7665441176470589,0.4750320102432779,-1.5707154742096503,0.1442388561816652,0.12466527819101447,-0.10211946050096332,-0.06827309236947787,-0.02421307506053261,0.12777777777777755,0.4015580736543909,0.035087719298245716,-0.00662517566753662,-0.04484304932735428,-0.0357142857142857,-0.04195547005403566
89,2016-04-29,-0.02846961229139489,-0.14396604882295327,-0.08038157641164001,-0.1198869917700528,0.024539515113350063,0.09128929910585516,0.007305936073059405,0.007305936073059405,0.0,0.012987012987013102,-0.2621035058430717,-19.00393700787401,4.092013888888889,-0.5481049562682216,0.05696435134141864,0.003703703703703765,0.4613733905579398,0.478448275862069,0.02922525503170648,0.029556650246305383,0.1278423446184942,0.033898305084745665,0.054567502021018566,0.4401408450704225,0.03703703703703698,-0.027344672808882642
90,2016-07-29,-0.011835802048465679,-0.0043220338983051,-0.00020956013328021767,0.10202372644801128,-0.02379809077463846,-0.05299326020880135,-0.1577515865820489,-0.1577515865820489,-0.14102564102564094,-0.15384615384615385,0.16892911010558076,-1.0621036518696698,-0.8022502557108763,0.1870967741935483,0.06397774687065373,0.10635213494992103,0.0396475770925111,0.04664723032069973,-0.014733458344495019,0.07655502392344515,-0.2417114695340502,0.0371009490940466,-0.012073591414335172,0.035044824775876116,0.0,-0.0965146639140202
91,2016-10-28,-0.0019776675692944057,-0.04136522257213382,0.008468003940556246,0.21593211752786207,-0.012553124508106415,0.024979067820262383,0.20021528525296012,0.20021528525296012,0.20895522388059687,0.21212121212121213,-0.05032258064516126,-0.7429577464788732,0.2853448275862069,-1.5760869565217392,-0.03464052287581698,0.008695652173912993,0.17514124293785294,0.1838440111420614,-0.006253398586188229,0.022222222222222143,-0.026587887740029514,0.035773710482529086,-0.01066925315227929,0.15118110236220472,0.03571428571428559,-0.21159985214556945
92,2017-01-27,-0.008414121090177473,-0.004572494006925276,-0.0005819632947435815,0.3198625143214249,-0.01592077471804887,-0.008441116405718208,-0.26367713004484306,-0.26367713004484306,-0.2592592592592593,-0.2625000000000001,0.4164402173913044,11.904109589041095,-0.11535881958417173,0.7547169811320755,-0.06296547054840895,-0.08809636277751542,-0.05769230769230771,-0.0541176470588236,-0.012859097127222996,-0.08260869565217388,-0.22154779969650995,0.0345381526104418,-0.007647058823529451,-0.07592339261285908,0.034482758620689724,-0.24580172193333905
93,2017-04-28,0.022935497755641743,0.10926281050706854,0.02734740563585314,0.12215909090909086,0.01836515682264573,0.08691473293972263,0.4165651644336175,0.4165651644336175,0.3999999999999999,0.423728813559322,-0.14964028776978422,-0.7112526539278132,-1.5208491281273693,-12.82258064516129,0.7944364161849711,0.024734524734524758,0.024234693877551058,0.017412935323383172,0.0257760532150777,0.03791469194312791,0.09005847953216373,0.033385093167701774,-0.004346967002568647,0.003700962250185125,0.0,-0.011472167278892331
94,2017-07-28,0.004348000320589796,-0.0037791983275037295,0.0012753036437247456,0.06526019690576645,0.007515807054519374,-0.06644770085901974,-0.1263972484952709,-0.1263972484952709,-0.1071428571428571,-0.11904761904761907,-0.5843203609701071,-1.3051470588235294,-2.660844250363901,-1.125511596180082,-0.05556674048721566,0.0818905598382409,0.022415940224159492,0.017114914425427896,0.010807889759524514,0.0547945205479452,0.05937052932761078,0.03456048084147256,0.003175233181186509,0.014011799410029502,0.0,-0.06482963640521389
95,2017-10-27,-0.0577755610972569,0.015456636668146341,-0.13308937994056158,-0.3071032479535252,0.015728607514998494,-0.0460081190798376,0.9852362204724407,0.9852362204724407,0.9866666666666666,1.0,0.2306648575305293,71.79518072289156,4.377738825591586,-4.036231884057972,0.1786399488382009,-0.056301833897908986,0.21071863580998773,0.23076923076923084,0.016573108794440072,-0.06493506493506485,-0.08170155300472659,0.03340595497458243,0.07794263105835819,0.2312727272727273,0.0,0.4655214573908793
96,2018-01-26,0.014207372588875387,0.05742786741912397,0.060167910447761264,0.04163490853658547,-0.02399502613223492,0.045248226950354686,-1.6886465047099652,-1.6886465047099652,-1.6912751677852351,-1.695945945945946,1.207276736493936,-1.0625620655412116,-0.8616362451108214,-0.010739856801909252,0.14993669741363713,0.02116598588934271,-0.4426559356136821,-0.4375,-0.0255061793321062,0.004629629629629539,-0.16911764705882348,0.03232607167955015,-0.03762158194164078,-0.442409923213231,0.0,0.015142034789137782
97,2018-04-27,-0.04600208768267222,-0.13631751042958618,-0.10754509458864936,-0.07765480654898016,0.009674722299637615,0.10517030804722484,-2.051115910727142,-2.051115910727142,-2.0485436893203883,-2.029126213592233,-0.4815184815184815,-1.2936507936507935,3.508833922261484,-4.243667068757539,-0.422931739540736,-0.00787878787878793,0.1028880866425994,0.12847222222222232,0.012412304371289816,0.018433179723502224,0.784070796460177,0.031313818924438415,0.05835240274599561,0.09745762711864404,0.03333333333333344,-0.06356837606837606
98,2018-07-27,-0.0182946177497183,-0.02262837249782424,-0.029060166128515474,-0.09639032130107106,-0.009779179810725512,-0.09332023575638504,-0.2636986301369864,-0.2636986301369864,-0.2685185185185185,-0.2547169811320755,0.6396917148362236,4.792792792792793,-0.5890804597701149,-1.2644105615470436,0.19378577269010624,0.02834453268173487,0.021276595744680767,0.04923076923076919,-0.00879530916844362,0.013574660633484337,-0.07217261904761918,0.033003300330032966,0.008648648648648559,0.019305019305019263,0.032258064516129004,0.08161832463030416
99,2018-10-26,-0.017509836047302163,-0.035930543187889574,-0.02426888708367181,-0.07122475856014042,-0.012284963364128655,0.01313651137594807,0.03720930232558151,0.03720930232558151,0.05063291139240489,0.03797468354430378,-0.3166862514688602,-0.8118195956454122,0.0998092816274634,-1.659634317862166,-0.10707762557077627,0.1207080907686824,-0.27884615384615385,-0.2727272727272727,-0.006722237160527,0.1339285714285714,0.09623095429029682,0.03194888178913735,0.005359056806002238,-0.2954545454545455,0.03125,0.03797314292669074
100,2019-01-25,0.006579693703913758,-0.035837990116842966,0.009184098241232121,0.04608294930875578,0.0044751748745137645,0.008688677984226791,0.1381165919282512,0.1381165919282512,0.14457831325301207,0.14634146341463405,0.766981943250215,-9.338842975206614,-0.2670520231213873,-0.5565031982942429,-0.05318332907184864,-0.04028410897911583,1.1822222222222225,1.2177419354838708,0.005684894423389375,-0.03543307086614167,0.34601316752011724,0.030959752321981338,-0.002132196162046851,1.163978494623656,0.03030303030303028,-0.07828805940981043
101,2019-04-26,0.01086442015101996,0.05221056665229673,0.017865889814122626,-0.043036258895289725,0.005257982299464059,0.07951232441028355,-0.0764381402679275,-0.0764381402679275,-0.0842105263157894,-0.1063829787234042,0.015571776155717696,-0.4757185332011893,-0.3217665615141956,-4.3173076923076925,0.18633540372670798,-0.020435214845907386,-0.05600814663951115,-0.054545454545454564,0.005383580080753792,-0.02448979591836742,-0.5548913043478261,0.03003003003003002,-0.005519943019942963,-0.0583850931677018,0.0,0.09952506148757534
