Unnamed: 0,Quarter end,Assets,Current Assets,Liabilities,Current Liabilities,Shareholders equity,Revenue,Earnings,Earnings available for common stockholders,EPS basic,EPS diluted,Cash from operating activities,Cash from investing activities,Cash from financing activities,Cash change during period,Cash at end of period,Price,ROE,ROA,Book value of equity per share,P/B ratio,P/E ratio,Cumulative dividends per share,Equity to assets ratio,Net margin,Asset turnover,Current ratio
0,1994-03-31,0.002863239782825877,-0.030474268415741638,-0.01684934450891895,-0.014061872237846496,0.03620238441407375,-0.07657657657657657,-0.20382695507487525,-0.20382695507487525,-0.2024539877300613,-0.450381679389313,1.2649769585253456,1.6396396396396398,-5.2344827586206915,-1.4593837535014005,-0.0446015773728583,0.01724137931034475,-0.015408929276965576,0.002072538860103501,0.04180064308681675,-0.07032967032967019,-0.023168440826549896,1.0444444444444445,0.0331001076426265,-0.011100832562442207,0.0,-0.01665969024696512
1,1994-06-30,0.002863239782825877,-0.030474268415741638,-0.01684934450891895,-0.014061872237846496,0.03620238441407375,-0.07657657657657657,-0.20382695507487525,-0.20382695507487525,-0.2024539877300613,-0.450381679389313,1.2649769585253456,1.6396396396396398,-5.2344827586206915,-1.4593837535014005,-0.0446015773728583,0.01724137931034475,-0.015408929276965576,0.002072538860103501,0.04180064308681675,-0.07032967032967019,-0.023168440826549896,1.0444444444444445,0.0331001076426265,-0.011100832562442207,0.0,-0.01665969024696512
2,1994-09-30,0.01634928758046694,-0.005342769913960543,-0.003847330914178327,0.06104319478402598,0.04875824330012635,-0.01618084473527659,-0.12852664576802508,-0.12852664576802508,-0.1230769230769232,-0.450381679389313,0.18616480162767046,0.2047781569965869,0.008143322475570036,-0.24390243902439024,-0.035297466552803865,-0.03248587570621475,-0.015408929276965576,0.002072538860103501,0.04320987654320985,-0.07032967032967019,-0.023168440826549896,0.5217391304347825,0.03203959364417819,-0.011100832562442207,0.0,-0.062574493444577
3,1994-12-31,0.015158742778396128,0.008719916288803642,0.040157998683344236,0.06943697672632299,-0.022944678573817656,0.03688475027210058,-0.13429256594724226,-0.13429256594724226,-0.14035087719298245,-0.450381679389313,-0.05488850771869636,0.019830028328611915,0.308562197092084,2.5483870967741935,-0.12983180879315434,-0.07737226277372257,-0.015408929276965576,0.002072538860103501,-0.014792899408283988,-0.11583924349881802,-0.023168440826549896,0.34285714285714297,-0.0376072690560324,-0.011100832562442207,0.0,-0.05676142039778409
4,1995-03-31,0.03487704276092528,0.03665283540802222,0.013333333333333421,0.017884076707606056,0.06983431466520608,0.11406578026592018,0.7285318559556786,0.7285318559556786,0.7448979591836735,-0.450381679389313,-0.7459165154264973,-0.475,-0.9271604938271604,-0.7772727272727273,-0.033231603933536746,0.06329113924050622,-0.015408929276965576,0.002072538860103501,0.07207207207207203,0.08021390374331537,-0.023168440826549896,0.2553191489361701,0.03383162863886713,-0.011100832562442207,0.0,0.01839014057384957
5,1995-06-30,0.04626406336713584,0.07605070046697793,0.05375582944703528,0.06999717753316402,0.034749776014335154,-0.020938023450586263,-0.1842948717948718,-0.1842948717948718,-0.1812865497076024,-0.450381679389313,1.7642857142857142,0.05555555555555558,-3.9661016949152543,-6.887755102040818,0.2023851280252542,-0.007440476190476164,-0.015408929276965576,0.002072538860103501,0.03921568627450989,-0.07425742574257421,-0.023168440826549896,0.20338983050847448,-0.011161846778285134,-0.011100832562442207,0.0,0.005672686016829021
6,1995-09-30,0.017721091715690918,-0.0014259144451332915,0.004109534911289403,-0.025455025059351044,0.039025295318201536,-0.014542343883661268,-0.10314341846758346,-0.10314341846758346,-0.09999999999999998,-0.450381679389313,1.152454780361757,0.8847117794486214,-3.834285714285714,-0.29982668977469673,0.11785297549591588,0.03748125937031488,-0.0092295345104334,0.002072538860103501,0.03234501347708907,-0.002673796791443861,0.01794871794871811,0.16901408450704225,0.0210364289379168,-0.005612722170252439,0.0,0.02463100498260795
7,1995-12-31,0.025680509819715255,0.04246600856770355,0.048364881350596134,0.06205169847069957,-0.00863095238095235,0.03982204861111116,-0.06900328587075577,-0.06900328587075577,-0.07936507936507943,-0.450381679389313,-0.7232893157262905,-0.398936170212766,0.10483870967741926,-2.363861386138614,-0.14378914405010434,0.027456647398844014,0.00040502227622507536,0.002072538860103501,-0.005221932114882533,-0.0053619302949061715,0.004408060453400475,0.15662650602409633,-0.03341708542713562,0.005644402634054524,0.0,-0.01844205890448669
8,1996-03-31,0.025176117334565262,-0.00017866714311243204,-0.0004129129129128994,-0.019687798661994216,0.0661062743920744,0.11729103620995507,0.6835294117647059,0.6835294117647059,0.6896551724137931,-0.450381679389313,-0.33405639913232105,0.4026548672566373,-1.8175182481751824,-1.1923774954627948,0.0323072234074977,0.08931082981715899,0.012145748987854256,0.016546018614270963,0.06299212598425186,0.09703504043126696,0.05391849529780557,0.13541666666666674,0.039771250324928564,0.014031805425631427,0.0,0.01991026360067294
9,1996-06-30,-0.055041117494649135,-0.005122706695258493,-0.1053738405497766,-0.1588457038866502,0.02044379364721793,-0.031661529840291365,-0.19496855345911945,-0.19496855345911945,-0.19387755102040816,-0.450381679389313,1.44299674267101,-4.198738170347003,-7.169642857142858,-0.9905660377358492,0.0002952465308532215,0.003873466752743804,0.0027999999999999137,0.029501525940996975,0.0345679012345681,-0.05651105651105659,-0.039857227840571,0.12844036697247696,0.08000000000000007,0.005535055350553543,0.0219780219780219,0.18275135184676028
10,1996-09-30,0.025416050736731588,0.02796072326667476,0.07513747219074007,0.1307371349095967,-0.03995805508030248,-0.04610339506172845,-0.109375,-0.109375,-0.09493670886075957,-0.450381679389313,1.0946666666666665,-1.165680473372781,-0.8364688856729378,785.0,0.23199527744982285,0.002572347266881048,0.017550857598723546,0.02075098814229248,-0.0357995226730311,-0.03124999999999989,-0.027881040892193343,0.10569105691056913,-0.06365740740740744,0.00917431192660545,0.010752688172043001,-0.09089500193723364
11,1996-12-31,0.05682663690476186,0.018463509814200085,0.03720766798110331,0.06348230148968148,0.08571428571428563,0.06420626895854409,-0.040935672514619936,-0.040935672514619936,-0.04895104895104885,-0.450381679389313,0.0,0.0,0.0,0.0,0.0,0.1250801796023091,-0.001960015680125493,0.01742497579864466,0.07178217821782185,0.16666666666666652,0.09432759719566608,0.11029411764705864,0.027194066749072883,0.006363636363636349,0.010638297872340495,-0.042277531537674766
12,1997-03-31,0.5967614186394439,0.37063936863776736,0.6020100880825114,0.3636830945190517,0.5893783755162554,0.1484085510688835,0.6707317073170731,0.6707317073170731,0.6544117647058822,-0.450381679389313,-1.4054742202418842,11.294642857142858,-18.141592920353986,2.7251908396946565,0.41926209870627695,0.10319270239452694,-0.1056559308719559,-0.09895337773548996,0.3949191685912241,0.02995391705069128,0.06814210832847989,0.0993377483443707,-0.00457280385078207,0.012646793134597932,-0.11578947368421055,0.005072979708081293
13,1997-06-30,0.02744708994709,-0.008762047815746632,0.004252919476491536,0.0056071243462281215,0.06033247826231802,0.1994705055017787,-0.11800486618004867,-0.11800486618004867,-0.6133333333333333,-0.450381679389313,-4.073783359497645,-0.4950375211813121,-1.0967991739803822,-1.314207650273224,-0.15530047265361244,0.1348837209302325,-0.08607817303469477,-0.08447729672650484,0.043046357615893927,-0.18568232662192385,0.0850599781897492,0.09036144578313254,0.03191489361702127,-0.03122212310437112,-0.04761904761904756,-0.014256619144602856
14,1997-09-30,-0.00961538461538458,-0.016458307025297825,-0.04969583528310717,-0.19192203167463212,0.04420635918059568,0.004138501862325894,-0.03448275862068961,-0.03448275862068961,-0.04597701149425293,-0.450381679389313,-0.1373850868232891,-0.6337488015340365,1.096,-0.2880434782608695,-0.13089528377298165,0.12295081967213115,-0.07592503604036528,-0.05190311418685123,0.0349206349206348,0.07417582417582412,0.0964824120603016,0.09392265193370153,0.054358013120899606,-0.023941068139963214,-0.025000000000000026,0.2171218109953288
15,1997-12-31,0.07134635956182045,0.09847641872806644,0.15186133543431168,0.35822799489736745,-0.027049796900857515,0.3012089572743508,-1.1085714285714283,-1.1085714285714283,-1.072289156626506,-0.450381679389313,-0.3226761397276495,-1.2984293193717278,-0.08587786259541985,-0.8381679389312977,-0.02437341917682223,-0.012976480129764822,-0.2912116484659386,-0.2956204379562043,-0.036809815950920144,-0.04603580562659848,-0.04537121906507802,0.08080808080808087,-0.09177777777777774,-0.3179245283018868,0.02564102564102577,-0.19123182522695392
16,1998-03-31,0.054600606673407485,0.0827132115167335,0.033900478796169635,0.08265027322404372,0.08454972785749626,-0.0624505094230059,-16.19736842105263,-16.19736842105263,-23.500000000000004,-0.450381679389313,0.284965034965035,-7.973684210526316,-2.099512874043145,-14.490566037735848,0.3363186424699505,0.1101068200493016,0.10931768158473942,0.11226252158894634,0.08757961783439483,0.15281501340482562,0.4229476716274605,0.07943925233644866,0.028382676780034144,0.053941908713692976,0.0625,0.0
17,1998-06-30,0.030560882070949088,0.030226700251889223,0.05003101095720487,0.0528391167192428,0.0037068719703450283,-0.014639639639639657,-0.16450216450216448,-0.16450216450216448,-0.4444444444444445,-0.450381679389313,0.27210884353741505,0.6226415094339623,-0.3607594936708861,-0.7832167832167832,0.05467372134038806,0.09252405625462612,0.06878306878306882,0.057453416149068286,0.007320644216691097,0.0046511627906977715,0.02327935222672051,0.06926406926406936,-0.026171782060433024,0.047244094488188886,0.0,-0.021445519255338663
18,1998-09-30,0.015001744388882353,-0.005937827453719846,0.014176018901358443,0.016479400749063622,0.016193181818181746,-0.017714285714285682,-0.03626943005181349,-0.03626943005181349,-0.026666666666666727,-0.04166666666666674,1.850267379679144,-0.25193798449612403,-3.752475247524752,1.225806451612903,0.11538461538461542,-0.06470189701897022,0.06373762376237635,0.0396475770925111,0.010174418604651292,-0.07175925925925941,-0.12759643916913946,0.08097165991902823,0.0012215978499878766,0.04385964912280715,0.0,-0.022102023687401
19,1998-12-31,0.3601054078826764,0.14019676739283216,0.5942535430013589,0.8430361090641121,0.02292423818842604,0.13147178592204778,0.0,0.0,0.0,0.014492753623188468,-0.50093808630394,-1.1191709844559583,0.2482014388489209,-1.8260869565217392,-0.0854572713643178,-0.0463600144875046,0.2984293193717278,0.19774011299435035,0.02302158273381294,-0.05486284289276799,-0.10468631897203327,0.0786516853932584,-0.24792581747193754,0.3289315726290518,-0.09411764705882353,-0.3813656303642952
20,1999-03-31,-0.00016847780304940496,0.03451463790446852,-0.012420847540185131,-0.03238704518192725,0.02732987154960376,0.2087403598971722,0.5,0.5,0.4794520547945207,0.4714285714285715,-0.8195488721804511,-5.173913043478262,-1.0835734870317002,-0.6491228070175439,-0.03278688524590168,0.29624003038359303,0.04211469534050183,-0.030660377358490587,0.00421940928270037,0.26649076517150383,-0.03419164204305625,0.06944444444444442,0.027579493835171887,-0.018066847335140083,-0.012987012987012991,0.06921535378449195
21,1999-06-30,0.009099334400539227,0.020554066130473725,-0.02638717632552401,-0.25537190082644623,0.08566108007448793,-0.04508719693747343,-0.3655913978494624,-0.3655913978494624,-0.3703703703703704,-0.3883495145631069,6.145833333333332,0.8020833333333333,-6.310344827586207,-1.45,0.015254237288135688,0.09317316144154696,-0.05546001719690452,-0.0936739659367396,0.08263305322128868,0.08958333333333357,0.03846153846153855,0.06493506493506485,0.07578149668455958,-0.07819687212511506,-0.02631578947368418,0.3705305651672435
22,1999-09-30,0.03439926525841197,-0.006713368359603011,0.02798885511651461,-0.012486126526082164,0.0468022543494242,-0.00801781737193763,0.2598870056497176,0.2598870056497176,0.23529411764705865,0.2857142857142858,0.29154518950437325,1.4277456647398843,-1.0844155844155845,3.666666666666667,0.07011686143572615,-0.040203698740284066,-0.0013654984069184641,-0.03489932885906033,0.036222509702457766,-0.1147227533460804,-0.011784511784511786,0.06707317073170738,0.012034047549163374,-0.014970059880239585,-0.013513513513513488,0.00589101620029453
23,1999-12-31,0.0510129953991445,-0.03526300323244192,0.09042749784403116,0.21326215228996914,-0.023876404494382004,0.048046699595868825,-0.7892376681614351,-0.7892376681614351,-0.7976190476190476,-0.7901234567901234,-0.6252821670428894,-0.6285714285714286,-18.076923076923077,-6.071428571428571,-0.3322932917316692,0.12482546774643954,-0.186873290793072,-0.17941585535465931,-0.028714107365792718,0.08639308855291583,0.08219761499148204,0.06571428571428561,-0.07105568445475641,-0.1965552178318136,0.013698630136986356,-0.20487345743568292
24,2000-03-31,0.030566008755087862,0.11392019494364902,0.0134448084962151,0.03219082908754056,0.06690647482014378,0.1418166238217653,6.170212765957447,6.170212765957447,6.411764705882352,5.999999999999999,-1.9036144578313248,-0.2435897435897436,-2.5900900900900896,-1.3708920187793427,0.18457943925233647,0.12462760675273075,0.03587443946188329,0.045762711864406835,0.06041131105398456,0.15705765407554662,0.35064935064935066,0.058981233243967875,0.03496721823290684,0.04413619167717542,0.0135135135135136,0.07917927134026037
25,2000-06-30,0.01617110067814287,0.010391030899644438,0.0030100334448159853,-0.02939196769127217,0.04270622611822872,-0.06904315196998123,-0.1810089020771513,-0.1810089020771513,-0.19047619047619047,-0.19327731092436973,-4.08,0.7542372881355932,-1.9036827195467416,-1.8607594936708864,-0.13412228796844186,0.12516556291390726,0.09036796536796544,0.0907617504051863,0.036363636363636376,0.061855670103092786,0.060897435897435674,0.05822784810126569,0.026244343891402615,0.09903381642512077,-0.013333333333333308,0.040950639853747584
26,2000-09-30,-0.0014667057788207982,-0.0021650879566982306,-0.04268089363121042,-0.06102635228848818,0.07846518646259959,0.021765417170495738,0.021739130434782702,0.021739130434782702,0.019607843137254832,0.01041666666666674,0.025974025974025983,-0.5169082125603865,0.4451410658307211,0.4411764705882353,-0.22323462414578588,0.16578379438885624,0.02382133995037217,0.043090638930163516,0.06315789473684208,0.12459546925566345,0.04284537215050821,0.05980861244019131,0.07995296884185765,0.03406593406593417,0.0135135135135136,0.06275611755063815
27,2000-12-31,0.011236780258519373,-0.013018714401952793,-0.008359456635318674,0.014032496307237796,0.04497301619028593,-0.023274161735700183,0.014184397163120588,0.014184397163120588,-0.00961538461538458,0.010309278350515427,0.21940928270042195,0.05000000000000005,0.24511930585683306,0.030612244897959107,-0.29618768328445744,0.02659037361157845,0.18516723218613665,0.23646723646723644,0.04180418041804178,-0.03453237410071941,-0.02343955754543059,0.05643340857787815,0.0334784975503537,0.23591923485653554,0.0,-0.026660791010245655
28,2001-03-31,-0.020190282518701475,-0.02143446001648808,-0.03699800960074928,-0.059237679048312675,0.007268553940321444,0.04765751211631675,0.2902097902097902,0.2902097902097902,0.2912621359223302,0.2959183673469388,-1.3287197231833907,3.114285714285714,-2.254355400696864,-1.9207920792079207,0.3875,-0.16672131147540992,-0.014314928425357863,0.025345622119815614,0.009503695881731831,-0.19970193740685532,-0.3311758360302049,0.05341880341880345,0.027916776402423068,0.034393809114359415,-0.013333333333333308,0.04018109790605552
29,2001-06-30,-0.006745237565784601,0.04043807919123843,-0.0062006079027355785,0.0036129032258065408,-0.007595898214963871,-0.034309946029298384,-0.20596205962059624,-0.20596205962059624,-0.19548872180451127,-0.19685039370078736,-3.6,-0.8402777777777778,-1.4888888888888892,-0.25806451612903225,0.2072072072072073,-0.055282313594334005,-0.014937759336099532,0.017977528089887732,-0.005230125523012608,-0.06517690875232783,-0.07338709677419353,0.05070993914807298,-0.000768639508070601,0.011637572734829682,0.0135135135135136,0.036670293797606
30,2001-09-30,0.0032089552238805386,0.0569500674763832,0.021287007585025768,0.04217022370789403,-0.02506697282816684,-0.053493013972055865,-0.4266211604095563,-0.4266211604095563,-0.42056074766355145,-0.4313725490196079,0.1497975708502024,-1.1014492753623188,0.12215909090909086,1.869565217391304,0.4925373134328359,-0.05143690129112877,-0.09646166807076664,-0.08940397350993368,-0.024185068349106286,-0.045816733067729036,-0.06483899042645791,0.05019305019305032,-0.02820512820512822,-0.0780608052588333,-0.013333333333333308,0.014170252965256537
31,2001-12-31,-0.01115822361080121,-0.03166496424923393,-0.02731193100143748,-0.0283740439180854,0.015309126594700741,0.04301982285955287,-0.1428571428571429,-0.1428571428571429,-0.16129032258064513,-0.1206896551724137,-0.1109154929577465,-6.571428571428571,0.28860759493670884,-1.318181818181818,-0.10499999999999997,0.1271130625686061,-0.12494172494172495,-0.1200000000000001,0.015086206896551825,0.1544885177453028,0.2410423452768731,0.049632352941176405,0.02691292875989437,-0.12655971479500885,0.0,-0.003415441937486996
32,2002-03-31,-0.006920935830888486,-0.017405063291139222,-0.03214285714285714,-0.20187912646013206,0.032669630775178815,0.06550748079255975,1.9027777777777777,1.9027777777777777,1.942307692307692,1.8823529411764703,-1.3227722772277228,3.051282051282051,-1.6522593320235757,-1.0952380952380951,0.011173184357542,0.013829372808725982,0.046350559403303127,0.05647382920110201,0.035031847133758065,0.0,0.1548556430446193,0.045534150612959616,0.03982528263103813,0.04591836734693877,0.0135135135135136,0.2311766538581368
33,2002-06-30,-0.005832891447617561,-0.0026838432635534204,0.029011324596004636,0.08240534521158137,-0.057094721078247875,-0.008728652751423205,-0.19617224880382772,-0.19617224880382772,-0.5947712418300654,-0.5918367346938775,-5.4355828220858875,-1.0,-3.4246987951807237,-13.0,-0.13259668508287292,-0.015946205571565786,0.05142566191446018,0.04823989569752274,-0.03589743589743588,-0.05063291139240511,-0.07110389610389611,0.04355108877721947,-0.05164319248826299,0.030243902439024417,0.013333333333333421,-0.07861661746098693
34,2002-09-30,-0.008076805851874425,-0.014531754574811597,-0.00927414368739954,0.0064667842445620405,-0.006154457018066273,-0.022588055130168483,-0.11011904761904767,-0.11011904761904767,-0.096774193548387,-0.08333333333333326,0.008298755186721962,-inf,-0.4124223602484473,-3.8333333333333335,0.43312101910828016,-0.14252245216712212,0.12784503631961264,0.1318407960199004,-0.008510638297872353,-0.1104761904761905,-0.1835022719328906,0.04494382022471899,0.0018238665971861405,0.10321969696969703,0.026315789473684292,-0.020873386432298968
35,2002-12-31,0.0642955907205407,0.0005461496450027692,0.10297054418372432,0.12821261682243,0.00239712345185783,0.034077555816686145,0.04347826086956519,0.04347826086956519,0.017857142857142568,0.0181818181818183,-1.0123456790123455,0.6744186046511629,-0.8752642706131079,-1.6323529411764706,-0.19111111111111112,-0.03688524590163944,0.14899098325461568,0.12747252747252746,0.0053648068669527324,-0.027837259100642383,-0.15368150684931506,0.043010752688172005,-0.05799739921976588,0.12188841201716748,0.0,-0.1131369798971481
36,2003-03-31,0.0001443522194153335,-0.015829694323144072,-0.01516351703066654,-0.04452498058503751,0.027102431247509,0.08030303030303032,0.4198717948717949,0.4198717948717949,0.456140350877193,0.4464285714285714,-20.666666666666668,0.3333333333333333,0.20338983050847448,-1.1550387596899223,0.03663003663003672,0.0375886524822695,0.02765321375186857,0.005847953216374213,0.0277481323372466,0.03083700440528636,-0.09205867475973696,0.04270986745213557,0.026780784097183874,-0.002295332823259555,0.012820512820512777,0.03004744333157605
37,2003-06-30,0.0432994154578914,0.04353854686633385,0.03527519246236932,0.045516120292603546,0.056849049282110986,0.004558204768583485,-0.17607223476297973,-0.17607223476297973,-0.18072289156626492,-0.18518518518518529,3.9661016949152543,1.0208333333333337,8.169014084507044,1.6,0.09187279151943464,0.10776942355889707,0.0007272727272726875,-0.002906976744185941,0.06230529595015578,0.07905982905982901,0.07465181058495829,0.039548022598870025,0.013175584834633105,-0.0023006134969324465,0.0,-0.0019447287615148574
38,2003-09-30,0.002213460607318307,0.006909380813181043,0.0007769145394007638,-0.0015548069448043653,0.004589682393978389,-0.00977312390924956,-0.021917808219178103,-0.021917808219178103,-0.014705882352941237,-0.015151515151515138,-0.3526734926052332,-0.7783505154639175,-0.2980030721966206,0.40384615384615374,0.1181229773462784,0.04360345536816124,0.017805232558139483,0.013605442176870763,0.008797653958944274,-0.017821782178217838,0.019699326075687036,0.04211956521739135,0.002388535031847105,0.013835511145272816,0.0,0.008511947492565008
39,2003-12-31,0.03892608185520041,0.029559250461863362,0.06487745369856945,0.061250973267583664,-0.0038377192982456117,0.06943954881917525,0.050420168067226934,0.050420168067226934,0.059701492537313376,0.06153846153846133,-0.5746924428822495,2.186046511627907,-0.6805251641137855,-1.356164383561644,-0.0376266280752533,-0.10110366574694528,0.021777936451267355,0.021093000958772645,0.0067829457364341214,-0.1088709677419355,-0.13472292831723442,0.03911342894393744,-0.0413026211278793,0.007581501137225111,0.012658227848101332,-0.029896278218425887
40,2004-03-31,0.030359396797980494,0.10330684439887207,0.03395126015413452,0.07263389581804837,0.024032287653641626,0.05800922874093595,0.18933333333333333,0.18933333333333333,0.19718309859154928,0.2028985507246377,-1.4586776859504131,0.5328467153284671,-3.0,0.1923076923076923,-0.04661654135338345,0.045384784038588144,-0.017470300489168422,-0.026291079812206568,0.026948989412896918,0.03846153846153855,-0.002937720329024729,0.04015056461731481,-0.006075669704501463,-0.02784048156508634,0.0,0.02861635220125769
41,2004-06-30,-0.04680851063829783,-0.13452602230483268,-0.07735697018533437,-0.048791609667122704,0.007524184879971418,-0.0542056074766355,-0.12780269058295968,-0.12780269058295968,-0.11764705882352945,-0.12048192771084333,-8.927927927927929,-0.7523809523809524,-4.619863013698629,6.580645161290323,-0.37066246056782337,-0.060822147651006686,0.007112375533428139,0.01060752169720347,0.012183692596063887,-0.08496732026143783,-0.06776664702416024,0.03739445114595896,0.05696026674076138,0.0007739938080495445,0.012499999999999956,-0.09008458167736666
42,2004-09-30,0.15496482683982693,0.07758389261744969,0.2463973799126637,0.1910354745925216,0.006045519203413896,-0.022068511198945928,-0.9460154241645244,-0.9460154241645244,-0.9466666666666668,-0.9452054794520548,-0.2488636363636364,40.403846153846146,-2.5695364238410594,-1.7574468085106385,0.44611528822055146,-0.008932559178204569,-0.2206920903954802,-0.2471374045801528,-0.005555555555555647,-0.021428571428571352,-0.03286978508217442,0.03953488372093017,-0.1288117770767614,-0.2227378190255221,-0.03703703703703709,-0.09530742524358836
43,2004-12-31,0.07390922401171296,0.21748878923766826,0.16326530612244894,-0.04709197021533506,-0.10639802050194412,-0.008420343550016862,-33.38095238095238,-33.38095238095238,-33.0,-33.0,-0.033282904689863835,-0.9345099860659544,-0.8215792646172393,3.6011235955056176,1.4194107452339688,-0.21022983325822453,-0.8545536927956502,-0.8643852978453739,-0.10986964618249527,-0.2068126520681266,0.0006535947712418277,0.03803131991051445,-0.16807483403741694,-0.8557213930348259,-0.05128205128205132,0.27766773953949003
44,2005-03-31,-0.04308229263238261,-0.13873542050337628,-0.057375197650779364,-0.1412882787750792,-0.0055379746835443324,0.0808423913043479,-1.1970588235294115,-1.1970588235294115,-1.1953125,-1.1953125,-1.8607198748043816,-1.9645390070921984,-1.2195945945945943,-1.5934065934065935,-0.3481375358166189,-0.12610556348074176,-1.7943925233644862,-1.7476635514018692,-0.012552301255230214,-0.018404907975460016,5.252122795558458,0.018318965517241333,0.03917301414581065,0.0,-0.027027027027027084,0.0030035849239413714
45,2005-06-30,-0.023650766512794186,-0.04347826086956519,-0.03155204089783525,-0.03959665518937528,-0.003977724741447863,-0.027027027027026973,0.2388059701492537,0.2388059701492537,0.24,0.24,-1.3145454545454545,-1.2058823529411764,1.7076923076923078,-0.8888888888888888,-0.05934065934065935,-0.05713352921971927,1.7137254901960786,1.5625,-0.008474576271186418,-0.04375000000000007,0.0,0.017989417989418,0.02024432809773136,0.0,-0.02777777777777779,-0.004057187017001529
46,2005-09-30,0.02194723324772352,0.1130153999006458,0.002062025734081097,0.02919334186939815,0.07008785942492013,-0.06395348837209303,-0.608433734939759,-0.608433734939759,-0.6129032258064516,-0.6129032258064516,1.8092485549132944,-0.1071428571428571,-0.5625,-8.055555555555555,0.4450934579439252,-0.010041551246537384,-0.1098265895953756,-0.12682926829268304,0.05128205128205132,-0.0032679738562092497,0.0,0.017671517671517645,0.04721176873075605,0.0,-0.014285714285714348,0.08147429679922412
47,2005-12-31,0.02193283070596297,0.17429145280071426,0.031525228413861184,0.08260761383428705,0.000186601977981038,-0.14561766735679782,-0.4,-0.4,-0.4166666666666666,-0.5,-0.4032921810699589,-3.8,-6.792207792207793,1.089238845144357,0.6434923201293452,0.05316544246239952,-2.264610389610389,-2.2905027932960893,-0.004065040650406471,0.0032786885245903448,0.0,0.01736465781409624,-0.021234890558641032,1.3931034482758622,-0.02898550724637672,0.08466367713004486
48,2006-03-31,-0.020679633355689675,-0.08342835423793238,-0.0597669964889882,-0.07423580786026196,0.07070895522388065,0.22172859450726976,9.666666666666666,9.666666666666666,9.857142857142854,11.5,-2.782758620689655,2.0142857142857142,-1.289237668161435,-1.541457286432161,-0.2120019675356616,0.0242444370640984,0.6405648267008985,0.696969696969697,0.0663265306122447,0.02941176470588225,-0.564563309653155,0.017068273092369468,0.0931241655540722,0.7204610951008645,-0.0149253731343284,-0.009922275508516657
49,2006-06-30,-0.004851044401324001,-0.025088119427742032,-0.030722226937112795,-0.03922542204568025,0.04826624847534422,-0.014876033057851238,-0.5865384615384616,-0.5865384615384616,-0.5921052631578947,-0.5866666666666667,-1.274661508704062,-1.4265402843601895,0.9147286821705428,-0.5475638051044083,-0.12172284644194753,-0.07295719844357973,-0.035993740219092296,0.0025510204081633514,0.04593301435406705,-0.13015873015873006,-0.4467370441458733,0.01579466929911133,0.05343511450381677,0.01842546063651596,-0.015151515151515138,0.014698513445799309
50,2006-09-30,0.02167804094741066,0.031263292216078264,0.016636021364153653,0.21989664082687346,0.03125,-0.03221476510067112,0.023255813953488413,0.023255813953488413,0.032258064516129004,0.0,2.605633802816901,-0.4555555555555556,-0.08502024291497977,-2.4102564102564106,0.1954513148543,-0.06470793983910461,0.11769480519480502,0.15776081424936386,0.03019213174748403,-0.1058394160583942,-0.0650477016478751,0.016520894071914594,0.00927536231884063,0.16282894736842102,-0.015384615384615441,-0.15465020576131705
51,2006-12-31,0.01807465618860516,0.2031346669416374,0.06089053483765405,0.17538657064181318,-0.06205673758865249,0.05131761442441052,0.2840909090909092,0.2840909090909092,0.28125,0.25806451612903225,0.447265625,3.2448979591836737,-0.3053097345132744,0.48,0.241973840665874,0.11705310396409875,0.20915032679738574,0.2263736263736265,-0.06483126110124338,0.08163265306122436,-0.031076066790352463,0.016252390057361454,-0.07869040781160264,0.1739745403111741,0.046875,0.023658845292571232
52,2007-03-31,-0.05011854220653912,0.029139526911210245,-0.08426692644909882,-0.1191205622634709,0.022168757518473917,-0.07255936675461737,0.18584070796460184,0.18584070796460184,0.19512195121951206,0.20512820512820507,-1.5168690958164643,-0.4423076923076923,1.070063694267516,-3.0073710073710083,-0.3910962182862614,0.005021760964178057,-0.15675675675675682,-0.14516129032258074,0.017094017094017255,0.07547169811320753,-0.1833413116323601,0.017873941674506174,0.07637157107231918,-0.13373493975903614,-0.0149253731343284,0.16825185466996384
53,2007-06-30,-0.002263756675179973,0.0008327781479013918,0.0221631205673758,0.08735679214402614,-0.04858776059179559,0.0024893314366998265,-0.3395522388059702,-0.3395522388059702,-0.346938775510204,-0.34042553191489355,-1.5718015665796343,-0.6896551724137931,-0.10153846153846158,-0.9033047735618116,-0.062106918238993725,0.04863424383744164,0.02136752136752129,0.008385744234800763,-0.02334267040149396,0.03157894736842093,0.24677608440797186,0.01756007393715331,-0.04662612221256879,0.020862308762169768,0.0,-0.07954082878775537
54,2007-09-30,0.02059456629239631,0.0237976368780164,-0.07883781439722459,-0.2148635936030104,0.2231843081816576,-0.008868393047179901,9.988700564971749,9.988700564971749,10.375,10.612903225806454,0.0730593607305936,-88.47222222222223,5.636986301369863,-21.582278481012654,1.3629505448449288,-0.116581956797967,1.9972105997210603,2.1039501039501043,0.27246653919694075,-0.09523809523809512,-0.11659614480488956,0.0172570390554041,0.1986634264884568,2.1103542234332417,-0.015151515151515138,0.30390942862197057
55,2007-12-31,-0.010488513937182977,-0.11345903771131338,-0.1020619527351474,-0.16295231248502273,0.13002022536839064,0.04688618468146033,-0.9562982005141388,-0.9562982005141388,-0.9532967032967032,-0.95,-2.285106382978724,-1.049221975230232,-0.9540763673890608,-1.4218942189421897,-0.2433487052146152,-0.09888529306005034,-0.1258724988366683,-0.04353650368385786,0.12772351615326816,-0.29323308270676696,-0.7205960617349654,0.016964285714285758,0.14191586416624435,-0.0446780551905388,0.0,0.05915072581739245
56,2008-03-31,-0.05103980644046313,-0.12376237623762375,-0.061549753591276124,-0.17520755797308907,-0.03822551777039118,0.04170940170940174,-3.4705882352941178,-3.4705882352941178,-3.3529411764705883,-3.2222222222222223,0.5331125827814569,-0.2387096774193549,2.5393258426966288,0.23615160349854225,-0.3975621190811064,0.06424581005586605,-0.2387543252595156,-0.18417366946778715,-0.019986675549633515,-0.05319148936170204,0.11428571428571432,0.017559262510974394,0.013537505548157913,-0.20953690967446129,0.04615384615384621,0.06237991546048428
57,2008-06-30,-0.0024889212651004744,-0.003766478342749569,-0.005586592178770999,0.12495661228740018,0.00119633125083074,0.0003281916639317206,-1.3095238095238095,-1.3095238095238095,-1.325,-1.325,-1.181425485961123,-0.008474576271186418,-0.7333333333333334,-0.8584905660377359,-0.0933852140077821,0.011998500187476502,-0.11538461538461532,-0.04549356223175982,-0.0013596193065942286,0.0280898876404494,0.2495726495726496,0.01725625539257969,0.003722356032406449,-0.07424593967517401,0.02941176470588225,-0.11442006269592475
58,2008-09-30,-0.0247078870496592,0.009241755933627305,0.02359550561797752,0.02252391237272456,-0.08178438661710041,-0.06889763779527558,-1.1230769230769229,-1.1230769230769229,-1.1538461538461535,-1.1538461538461535,5.8809523809523805,-0.017094017094017144,-0.4523809523809523,-3.466666666666667,0.2540772532188842,0.1652463875509449,-1.0359683794466403,-1.0368705035971224,-0.08441116405718174,0.1693989071038251,0.2257181942544461,0.016963528413910245,-0.05868237347294936,0.0,0.02857142857142869,-0.013002042205582098
59,2008-12-31,-0.05116685386247344,-0.004370447450572357,0.041053787047200974,0.021726010863005518,-0.1726431463273569,-0.06483439041578576,-11.0,-11.0,-8.5,-9.0,0.10380622837370246,-1.017391304347826,1.0652173913043477,-0.2432432432432432,0.15331964407939758,-0.15230524642289345,0.15384615384615394,0.12195121951219501,-0.17397769516728626,-0.07476635514018692,0.0,0.016680567139282676,-0.1279258400926998,0.0,0.0,-0.025519001310435163
60,2009-03-31,-0.022754175983164537,-0.057274247491638786,-0.037115141290594685,-0.17395156526875366,-0.00489339391821042,-0.009419743782969059,1.2000000000000002,1.2000000000000002,1.2000000000000002,1.0625,-1.7053291536050157,-32.0,-3.736842105263158,-2.2098214285714293,-0.16083086053412465,-0.2063015753938484,-5.609523809523809,-5.3478260869565215,-0.01890189018901877,-0.040404040404040435,0.0,0.016406890894175685,0.01833643369651861,-0.8245614035087719,-0.01388888888888895,0.14119895250902406
61,2009-06-30,0.004104979811574649,-0.0044345898004434225,0.0031756460797196517,-0.04540579191991423,0.005795574288725014,0.0,-2.096590909090909,-2.096590909090909,-2.090909090909091,-2.121212121212121,-1.4755555555555555,-1.032258064516129,-2.915384615384616,-0.5461254612546125,-0.08698727015558694,-0.02551984877126645,-0.8119834710743802,-0.8200000000000001,0.0027522935779815683,-0.005263157894736858,2.8359375,0.016142050040355068,0.0015657620041753528,-0.8178571428571428,-0.014084507042253502,0.04291739022575048
62,2009-09-30,0.028148247436498908,0.08596881959910907,0.015391332823927463,0.2737827715355805,0.048367382573773376,-0.04031951312286042,-2.1450777202072544,-2.1450777202072544,-2.1388888888888893,-2.108108108108108,1.9953271028037385,-28.0,-0.7590361445783133,-5.243902439024391,0.4043377226955849,0.0518913676042676,4.395604395604395,4.2222222222222205,0.04117108874656927,0.04761904761904767,5.31073610707012,0.015885623510722757,0.01980198019802004,4.333333333333333,-0.014285714285714348,-0.14741912464319695
63,2009-12-31,-0.0002607391956195304,0.011279737489745756,0.018490647172651142,0.08879741252572781,-0.02931379080612928,0.07491082045184294,-0.8959276018099548,-0.8959276018099548,-0.8780487804878049,-0.8780487804878049,-0.6333853354134165,1.259259259259259,-0.1166666666666667,-1.0689655172413792,-0.019856591285162702,0.0811433840479483,-0.20570264765784108,-0.2021276595744681,-0.03778558875219695,0.040404040404040435,-0.7959889349930844,0.015637216575449697,-0.029126213592233108,-0.2058823529411764,0.0,-0.07121434051754205
64,2010-03-31,-0.024450674838625508,-0.0687487325086189,-0.0555203715431708,-0.1428571428571429,0.0255662319835277,0.0306047197640118,9.782608695652174,9.782608695652174,8.2,8.0,-2.068085106382979,0.16393442622950816,0.4716981132075471,15.944444444444445,-0.34327518289251546,-0.01876332622601273,0.3025641025641026,0.31333333333333324,0.008219178082191858,0.01941747572815533,0.2381920903954801,0.030792917628945427,0.051315789473684204,0.3009259259259258,0.014492753623188468,0.08651246620606813
65,2010-06-30,0.04404491378157993,0.1254355400696865,0.07040679481448375,0.2114051669817265,0.003848084323239132,-0.12486583184257605,-0.04838709677419351,-0.04838709677419351,-0.0652173913043479,-0.044444444444444516,-3.0836653386454183,-0.9225352112676056,-0.3012820512820513,-1.5622950819672132,0.2939160239931449,-0.007388092133854941,1.40748031496063,1.4111675126903551,0.0018115942028986696,-0.014285714285714457,-0.2279613068078117,0.014936519790888612,-0.03854818523153947,1.4733096085409256,-0.02857142857142847,-0.0709842410837711
66,2010-09-30,-0.045963766724281374,-0.023800309597523217,-0.11380246397995407,-0.2335500650195058,0.061666666666666765,0.031888798037612354,-0.288135593220339,-0.288135593220339,-0.3023255813953488,-0.3023255813953488,-1.4244741873804971,-89.18181818181819,5.110091743119266,-0.4606413994169096,0.1225165562913908,0.025394045534150592,-0.08667211774325434,-0.0652631578947368,0.05967450271247742,0.024154589371980784,-0.5867612293144208,0.015452538631346656,0.11273105961989073,-0.0733812949640289,0.014705882352941124,0.2736403541403169
67,2010-12-31,0.027309937596457168,0.04578790882061457,0.047950047125353334,0.053613844587716335,-0.00031397174254321763,0.1034072900158478,0.2083333333333333,0.2083333333333333,0.2333333333333334,0.2333333333333334,-4.027027027027027,-1.2907216494845362,-0.7012012012012012,0.07567567567567557,0.11740412979351025,0.08667805294619968,0.23903312444046554,0.2680180180180181,-0.0017064846416383614,0.023584905660377187,0.18363844393592688,0.0,-0.026906878802058998,0.2577639751552796,0.0,-0.007418657631870995
68,2011-03-31,-0.015480078380143647,-0.064442759666414,-0.0572231590781338,-0.06956521739130439,0.04098618090452266,0.035547576301615764,0.6009852216748768,0.6009852216748768,0.5945945945945945,0.5675675675675675,-1.5595238095238095,-0.4042553191489362,-0.35678391959798994,-3.8341708542713566,-0.29778247096092925,0.1355599214145382,0.06213872832369938,0.08703374777975115,0.03333333333333344,0.13824884792626735,-0.09859835669405526,0.0304347826086957,0.057465736955999214,0.08148148148148149,0.014492753623188468,0.0054731638418077395
69,2011-06-30,0.025077953957407303,0.050648298217179866,0.033985213450989704,0.1221876081689166,0.014783526927138356,0.015256588072122048,-0.13230769230769235,-0.13230769230769235,-0.13559322033898302,-0.1206896551724137,-2.877659574468085,-0.6845238095238095,1.6796875,-1.5833333333333337,0.2473684210526317,0.03979238754325265,0.019727891156462674,0.052287581699346435,0.027295285359801413,0.008097165991902909,-0.04075067024128677,0.015471167369901506,-0.010004547521600736,0.0034246575342467,0.04285714285714293,-0.06374012291483755
70,2011-09-30,-0.021357840916445547,-0.03008098727342845,-0.0017299042786299568,0.04380012338062933,-0.047569496060651084,-0.04166666666666663,-0.5390070921985816,-0.5390070921985816,-0.5098039215686274,-0.5294117647058824,-0.058073654390934815,-0.018867924528301886,0.22448979591836732,-0.8328267477203648,0.03315250150693183,-0.04392678868552413,-0.0400266844563042,-0.04192546583850931,-0.04106280193236711,-0.07228915662650602,-0.08775852431525999,0.015235457063711875,-0.0268718419843822,-0.06257110352673499,0.027397260273972712,-0.07076769192298071
71,2011-12-31,0.022022353018980256,0.1228628230616302,0.09912199630314222,0.10490543735224578,-0.08178554705790543,0.036350677120456254,0.9692307692307692,0.9692307692307692,0.8799999999999999,0.9166666666666669,0.06766917293233088,2.5384615384615383,-0.7238095238095238,6.254545454545455,0.2327887981330221,-0.003132613992342548,0.07644197359277283,0.05348460291734214,-0.09068010075566746,0.03896103896103886,0.03247549019607844,0.0,-0.1014869011092755,0.0461165048543688,0.0,0.016280947255113087
72,2012-03-31,-0.028730425779733393,-0.10853399433427756,-0.08082825310069375,-0.189087991441562,0.05354411014788374,0.04917469050894074,0.35546875,0.35546875,0.36170212765957466,0.3695652173913042,-1.7084507042253525,-0.3695652173913043,0.25,-2.761904761904762,-0.3327023189777567,0.1190642458100557,0.03938024531956087,0.023076923076922995,0.048014773776546615,0.2333333333333334,0.06290801186943606,0.0300136425648021,0.08458103493564484,0.006960556844547661,0.026666666666666616,0.09929829206937656
73,2012-06-30,0.012791472351765476,0.03177755710029784,0.012921669525443049,0.04551451187335087,0.012100677637947754,-0.008194034742707301,-0.05187319884726227,-0.05187319884726227,-0.0625,-0.0634920634920636,-2.131212723658052,0.4482758620689655,0.4827586206896553,-1.1337126600284495,0.06666666666666665,0.020592823712948682,0.06583850931677017,0.05112781954887224,0.01585903083700435,-0.027027027027027084,-0.007258514796203208,0.01523178807947012,-0.0007265681763137799,0.03801843317972353,0.012987012987013102,-0.013127785137902026
74,2012-09-30,0.03512695697934487,0.08777670837343599,0.033641905622036505,0.10599369085173492,0.037780966044954616,-0.059814937210839414,-0.26747720364741645,-0.26747720364741645,-0.2666666666666666,-0.2542372881355932,0.20210896309314585,-0.4940476190476191,-0.2372093023255813,4.74468085106383,0.35904255319148937,0.014980128401100634,0.09965034965034958,0.09298998569384832,0.03729401561144852,0.0,-0.0275590551181103,0.015003261578603988,0.0026660203587010045,0.10099889012208664,-0.012820512820512886,-0.016475469855992242
75,2012-12-31,0.0350788002033553,0.055211466996991636,0.057448667540410676,0.0165430690245294,0.004915514592934045,0.05518453427065029,0.07468879668049787,0.07468879668049787,0.09090909090909084,0.06818181818181812,-0.16374269005847952,1.5176470588235291,-0.3353658536585365,-0.5240740740740741,0.12573385518590996,0.03734939759036138,-0.023317435082141014,-0.010471204188481577,-0.002508361204013432,0.0,-0.06015037593984963,0.0,-0.02924824752235922,-0.006048387096774244,0.0,0.03803201389750588
76,2013-03-31,-0.0461075638506876,-0.14522891162166696,-0.0886180541210494,-0.20314253647586972,0.014980128401100634,0.04130579613590935,0.5945945945945945,0.5945945945945945,0.5625,0.5744680851063829,-2.0367132867132867,-1.0373831775700937,2.3394495412844045,-5.0389105058365775,-0.4511082138200783,0.051684088269454254,0.0379815518176887,0.04761904761904767,0.009220452640402277,0.05555555555555558,0.04615384615384621,0.029562982005141288,0.06424302788844627,0.049695740365111485,-0.012987012987012991,0.07267945729484193
77,2013-06-30,0.019373109351869644,0.02295467922307237,0.01903898458748876,0.04366197183098586,0.02093373493975914,-0.012156110044785671,-0.060532687651331685,-0.060532687651331685,-0.053333333333333344,-0.054054054054054064,-1.7251264755480609,-26.25,-0.3736263736263736,-0.9682080924855492,-0.026128266033254133,0.08614025400331315,0.02770517511761628,0.03661616161616155,0.024086378737541603,0.07565789473684204,0.03294117647058825,0.015605493133582947,0.0014038371548898974,0.04251207729468609,0.0,-0.019836184320499158
78,2013-09-30,0.07185250662962495,0.18162639048715,0.09608540925266906,0.3134278002699056,0.03879628263755719,-0.050518134715025864,-0.3479381443298969,-0.3479381443298969,-0.35211267605633795,-0.3571428571428571,0.7162790697674419,-0.4801980198019802,-2.0614035087719302,-29.60606060606061,0.7674796747967481,0.07524148449415335,-0.010681586978636748,-0.009744214372716331,0.04055150040551503,0.04892966360856277,0.02505694760820054,0.015365703749231631,-0.030841121495327032,0.001853568118628468,-0.013157894736842146,-0.10033539878346888
79,2013-12-31,0.0002356267672007917,0.02256127252069473,-0.0863433441558441,-0.021577189827896248,0.12255041181482527,0.06241473396998633,0.19762845849802368,0.19762845849802368,0.19565217391304346,0.2,0.037940379403794015,0.3999999999999999,-3.0,-0.8633474576271186,0.05933762649494013,0.07021276595744698,-0.015938303341902382,0.022140221402213944,0.12392829306313335,0.029154518950437188,0.06555555555555559,0.0,0.12222757955641272,0.02405180388529149,0.0,0.04511563250347539
80,2014-03-31,-0.023733804475853937,-0.11698412698412695,-0.05230427540255411,-0.12234182200052512,0.007084123972169509,0.047833065810593885,0.4620462046204621,0.4620462046204621,0.4727272727272727,0.4814814814814814,-1.4960835509138382,1.829931972789116,-0.756198347107438,-8.155038759689923,-0.4007815892314373,0.04616743980561066,-0.0235109717868337,0.006016847172081841,0.004854368932038833,-0.07082152974504252,0.0161626694473409,0.01513317191283292,0.03157894736842093,0.010840108401083848,0.0,0.006106408706166633
81,2014-06-30,0.06098811606442656,0.15297501348193432,0.09678931333489582,0.055937780436733364,0.0238663484486874,0.011029411764705843,-0.02708803611738153,-0.02708803611738153,-0.03703703703703709,-0.03749999999999998,-2.6789473684210527,-0.6033653846153846,-2.076271186440678,-1.6771397616468038,0.4528985507246377,0.047086148648648685,-0.014446227929374,0.004784688995215447,0.0331262939958592,0.04268292682926833,0.02206259620318129,0.014907573047107991,-0.03498542274052485,0.013404825737265423,-0.013333333333333308,0.09188149750615948
82,2014-09-30,0.022685922219695343,0.06828811973807293,0.07606837606837602,0.16997167138810187,-0.039013617960986346,-0.04818181818181822,-0.31090487238979114,-0.31090487238979114,-0.2948717948717948,-0.2987012987012987,0.3840125391849529,0.4242424242424243,-0.047244094488189003,0.030399999999999983,0.32119700748129665,0.04597701149425282,0.004885993485342022,0.01547619047619042,-0.032732130928523666,0.011695906432748648,0.017068273092369468,0.016451233842538215,-0.06020716443677165,0.014109347442680775,0.0,-0.08690148596587778
83,2014-12-31,-0.008172569077667169,-0.11631640396964392,0.06304606830818105,-0.10290556900726387,-0.09945104046980724,0.03342884431709646,-0.010101010101010057,-0.010101010101010057,0.0,0.0,0.09966024915062288,0.7276595744680852,-10.016528925619834,-2.0729813664596275,-0.2608531521328803,0.03528050896471968,0.021069692058346856,-0.018757327080891062,-0.09599447513812154,0.07225433526011571,0.0,0.016184971098265773,-0.09207807118254883,-0.016521739130434754,0.0,-0.014947863299379138
84,2015-03-31,-0.05639013452914799,-0.1450041288191577,-0.06874007658541137,-0.2569500674763833,-0.039977317833853165,-0.00955021565003078,0.6394557823129252,0.6394557823129252,0.6181818181818182,0.6296296296296295,-1.545829042224511,-0.5221674876847291,-1.065077910174152,0.23589001447178,-0.4361593462717058,0.03910614525139655,0.06772486772486785,0.02270011947431305,-0.03666921313980143,0.1482479784366577,0.03948667324777877,0.015927189988623525,0.017450682852807375,0.03094606542882405,-0.013513513513513488,0.1506455363152419
85,2015-06-30,0.03439467743851732,0.02356577168244156,0.0571657807642163,0.16527424627678888,0.0016243354991138936,0.0031104199066873672,-0.13070539419087135,-0.13070539419087135,-0.1235955056179775,-0.125,-2.2,0.7216494845360826,-8.873239436619716,-0.7962529274004684,-0.15760869565217395,0.03745519713261647,0.03964321110009905,-0.004672897196261627,0.01506740681998431,0.07746478873239449,0.00712250712250717,0.015677491601343796,-0.03181705195128004,-0.002572898799313883,0.0,-0.12161659133209254
86,2015-09-30,0.017860219376327983,0.04283827137195706,0.07968883407646342,0.061097256857855387,-0.07887365472504793,-0.03410852713178292,-0.2291169451073985,-0.2291169451073985,-0.21794871794871795,-0.20779220779220786,0.37421383647798745,-0.3562874251497006,-0.7459749552772809,-3.2988505747126435,0.4301075268817205,-0.05234064605285893,0.07769304099142049,0.021126760563380254,-0.06406250000000002,-0.065359477124183,-0.05233380480905225,0.01708930540242548,-0.09499358151476256,0.019776440240756532,0.0,-0.01719336481414213
87,2015-12-31,0.027758970886933014,-0.08722403184943905,0.0204727176873738,0.08930669800235025,0.0424135723431498,0.07158908507223116,0.1609907120743035,0.1609907120743035,0.19672131147540986,0.18032786885245894,0.0389016018306636,1.427906976744186,0.943661971830986,-0.89,0.03308270676691727,-0.011119212541013446,0.07474568774878376,0.04712643678160933,0.04340567612687818,0.05594405594405605,-0.035820895522388214,0.01680216802168033,0.014184397163120588,0.045531197301855064,0.0,-0.16206726623136625
88,2016-03-31,-0.004830917874396157,-0.04877081681205397,-0.022128465644911333,-0.1480582524271845,0.025487486565330952,-0.0005991611743558777,0.2826666666666666,0.2826666666666666,0.2602739726027399,0.26388888888888906,-1.6398678414096917,-0.7586206896551724,-1.8876811594202896,-11.363636363636365,-0.3318777292576419,0.03004608294930877,0.003292181069958877,-0.01866081229418226,0.02479999999999993,-0.013245033112582849,-0.03250773993808044,0.016524520255863484,0.03048951048951065,-0.009677419354838679,0.0,0.11651841505550233
89,2016-06-30,-0.002868490732568452,0.02751146310962893,0.0012327199084265494,0.10921177587844257,-0.00823476568348558,0.011990407673860837,-0.018711018711018657,-0.018711018711018657,-0.010869565217391351,-0.01098901098901095,-2.3941480206540446,-0.4920634920634921,-3.5346938775510206,-1.1228070175438596,0.06100217864923741,0.14316392269148182,0.03937653814602138,0.023489932885906173,-0.0023419203747073736,0.1163310961968682,0.13173333333333326,0.016255899318300848,-0.005157437567861023,0.02117263843648209,0.0,-0.07361074532525691
90,2016-09-30,0.015600796636423997,0.05659229208924942,0.0204907220121362,0.09160958904109597,0.0070954106280192155,-0.07138625592417057,-0.1970338983050848,-0.1970338983050848,-0.19780219780219788,-0.18888888888888888,0.09012345679012346,0.0625,-0.3446054750402576,6.392857142857142,0.4250513347022585,0.05025046963055724,0.01736385161799503,0.02513661202185791,0.012519561815336422,0.05210420841683372,0.007068803016022641,0.017543859649122858,-0.008458390177353281,0.032695374800638,-0.013698630136986356,-0.03212508884150666
91,2016-12-31,-0.00915132367360283,-0.062392013822230814,0.027059634608755708,0.06718954248366016,-0.07180332783690603,0.07304625199362036,0.1503957783641161,0.1503957783641161,0.1643835616438356,0.15068493150684925,0.013590033975084959,10.735294117647056,-0.3022113022113022,-1.8743961352657004,-0.260806916426513,-0.01550156506185729,0.048487199379363854,0.03624733475479736,-0.07109737248840807,-0.02857142857142869,-0.051941974730931206,0.01724137931034475,-0.06329113924050632,0.03320463320463318,0.013888888888888841,-0.12138346306359228
92,2017-03-31,0.04282572842221,0.01986076986076979,0.0362476925658668,-0.12101910828025475,0.05490956072351416,0.04131985731272292,0.3050458715596329,0.3050458715596329,0.2941176470588236,0.2976190476190477,-1.4458100558659217,-0.4223057644110275,-3.4542253521126765,-0.7348066298342542,-0.0935672514619883,0.07691143073429219,0.05549389567147611,0.0380658436213992,0.056572379367720416,0.1607843137254903,0.03849950641658429,0.016949152542372836,0.011750881316098694,0.03662182361733923,0.0,0.1602173004596743
93,2017-06-30,0.024935420949971032,0.04035334270226865,0.0014574898785424395,0.01700111482720179,0.07057562767911829,-0.0022837567799028893,-0.11950790861159932,-0.11950790861159932,-0.10909090909090913,-0.11926605504587162,-2.8596491228070176,-0.8329718004338394,-1.977044476327116,-1.375,0.03870967741935494,0.0702938282018839,0.001402032947774412,-0.0029732408325074955,0.07401574803149624,0.011824324324324342,0.01615969581749055,0.01666666666666661,0.04442508710801407,0.00720980533525606,-0.013698630136986356,0.02297939778129932
94,2017-09-30,0.012755889311799162,0.0063681976071015,0.015443078913324637,0.045217867909016274,0.007579007579007645,-0.0440629470672389,-0.2155688622754492,-0.2155688622754492,-0.2142857142857143,-0.2083333333333333,0.07008086253369261,3.168831168831169,-0.20264317180616745,2.1111111111111107,0.11594202898550733,0.05740181268882182,-0.006650332516625834,-0.00994035785288272,0.012463343108504388,-0.015025041736226985,0.04022450888681006,0.017839922854387742,-0.005282179594106262,-0.007874015748031371,0.0,-0.0371804802478698
95,2017-12-31,0.03753174200101572,0.06653883029721963,0.0340791464288559,0.11746198217094905,0.04442236730059612,0.102963184675247,-0.9262086513994912,-0.9262086513994912,-0.922077922077922,-0.9342105263157896,-0.04785894206549124,-0.6978193146417446,-0.11233885819521183,0.1339285714285714,0.11781076066790352,0.0351552795031056,-0.24700493305144464,-0.23694779116465856,0.04996379435191889,0.02203389830508473,0.026528776978417268,0.018000947418285174,0.006707657909446718,-0.2323232323232324,-0.01388888888888895,-0.04556425071308423
96,2018-03-31,0.046502520926134494,0.12729234088457386,0.02856702856702853,-0.032848427968090066,0.0789509444217964,0.08548168249660781,22.79310344827586,22.79310344827586,21.66666666666667,25.8,-1.4814814814814814,-0.27835051546391754,-1.6099585062240664,-1.2913385826771653,-0.030705394190871368,-0.012240489619584679,0.029012634534393955,0.04868421052631566,0.07931034482758625,-0.05804311774461035,0.26062198861147623,0.017217310376919537,0.031093836757357003,0.044172932330827086,0.014084507042253502,0.16559386973180068
97,2018-06-30,-0.010290471958463887,-0.015151515151515138,0.00029944602485398875,0.02280446385249868,-0.028211586901763175,-0.0665,-0.23043478260869565,-0.23043478260869565,-0.2279411764705882,-0.22388059701492533,-3.1346153846153846,1.985714285714285,-2.7891156462585034,2.5675675675675675,-0.113013698630137,-0.009111894059045113,-0.005911778080946006,-0.0025094102885820924,-0.023642172523961724,-0.08274647887323938,-0.08860319666435024,0.017383348581884617,-0.018039849219170682,0.0018001800180016407,-0.01388888888888895,-0.037078430083492216
98,2018-09-30,-0.0014178363816815807,-0.03384615384615386,0.017138152971112097,0.12120493358633765,-0.03408501814411613,-0.06159614354579535,-0.480225988700565,-0.480225988700565,-0.4761904761904762,-0.4807692307692307,0.1660231660231659,1.263157894736842,-0.02091254752851713,-0.3560606060606061,-0.08204633204633205,0.0376410004904364,-0.08371454711802373,-0.08679245283018877,-0.03141361256544495,0.06333973128598848,0.01143728555089596,0.01888489208633093,-0.03290375651220179,-0.08086253369272234,0.0,-0.13832184064996236
99,2018-12-31,0.021250414122769627,-0.005363727790814621,0.029651975572069663,0.041675481277765984,0.007782101167315147,0.05936073059360725,-0.44565217391304346,-0.44565217391304346,-0.4545454545454546,-0.4444444444444445,0.2240618101545253,-0.2875264270613108,0.09320388349514563,-2.3529411764705883,0.12092534174553092,-0.031785418882193106,0.07588617074388404,0.06611570247933883,0.004729729729729737,0.0,0.03995476818695809,0.018093556928508336,-0.013042245534448549,0.07917888563049846,-0.014084507042253502,-0.045162823864986934
100,2019-03-31,0.396653999443878,1.1359959555106167,0.5828926682864084,0.16551584077985382,0.05298894954067368,0.09671336206896552,3.6797385620915035,3.6797385620915035,3.733333333333333,3.666666666666667,-1.2488728584310191,-0.4451038575667656,-13.124333925399645,54.73913043478261,6.01313320825516,0.05455211130095194,0.017169373549884126,-0.07881136950904387,0.04841963685272368,0.048736462093862835,-0.02718376223269303,0.03597745990463808,-0.2461936225222637,0.010869565217391351,-0.08571428571428563,0.8327109783420463
101,2019-06-30,0.06566678833327799,-0.40623274161735706,0.07349555324816026,0.11204042516117796,0.01972436464786953,0.06828788995332835,-0.5363128491620112,-0.5363128491620112,-0.5352112676056338,-0.5357142857142856,-2.8731884057971016,27.03743315508021,-1.2200410196308231,-1.964430577223089,-0.8269127875869449,0.1102881610924662,-0.1286496350364964,-0.2103786816269284,0.021808851828095,0.05851979345955272,0.08979135618479872,0.019246861924686158,-0.04306402439024404,-0.15322580645161288,-0.0625,-0.4660418364574844
