Unnamed: 0,Quarter end,Assets,Current Assets,Liabilities,Current Liabilities,Shareholders equity,Revenue,Earnings,Earnings available for common stockholders,EPS basic,EPS diluted,Cash from operating activities,Cash from investing activities,Cash from financing activities,Cash change during period,Cash at end of period,Price,ROE,ROA,Book value of equity per share,P/B ratio,P/E ratio,Cumulative dividends per share,Equity to assets ratio,Net margin,Asset turnover,Current ratio
0,1993-06-30,0.006916426512968199,0.009871513632090156,0.013321332133213293,0.011589895988112886,0.0015174506828528054,-0.01666666666666672,-0.0453172205438066,-0.0453172205438066,-0.026490066225165587,-0.04081632653061229,-0.1977124183006536,0.1607142857142858,-0.3436619718309859,3.0,-0.033434650455927084,-0.03714388748647679,0.02441454907822637,0.03006012024048088,0.007905138339921125,-0.002840909090909172,0.023415191319246187,0.9759036144578312,-0.0053446369332842405,0.02166476624857472,0.008771929824561429,-0.00168722977960567
1,1993-09-30,0.006916426512968199,0.009871513632090156,0.013321332133213293,0.011589895988112886,0.0015174506828528054,-0.01666666666666672,-0.0453172205438066,-0.0453172205438066,-0.026490066225165587,-0.04081632653061229,-0.1977124183006536,0.1607142857142858,-0.3436619718309859,3.0,-0.033434650455927084,-0.03714388748647679,0.02441454907822637,0.03006012024048088,0.007905138339921125,-0.002840909090909172,0.023415191319246187,0.9759036144578312,-0.0053446369332842405,0.02166476624857472,0.008771929824561429,-0.00168722977960567
2,1993-12-31,-0.0026167307220541502,-0.012723041117145062,0.009948481080120695,-0.03584018801410105,-0.013333333333333308,0.0,0.0,0.0,0.0,-0.04081632653061229,-0.1977124183006536,0.1607142857142858,-0.3436619718309859,3.0,-0.1383647798742138,0.006741573033707926,0.02441454907822637,0.03006012024048088,-0.005228758169934622,-0.002840909090909172,0.023415191319246187,0.0,-0.010746711135816043,0.02166476624857472,0.008771929824561429,0.023978028942643004
3,1994-03-31,0.0678035582520291,0.06286342920006294,0.16798592788038702,0.1154783668494821,-0.01965601965601971,0.0433783395575984,-0.03164556962025311,-0.03164556962025311,-0.5102040816326531,-0.04081632653061229,-0.1120162932790224,-0.2153846153846154,-0.6995708154506437,-3.6363636363636362,0.42335766423357657,-0.0200892857142857,0.02441454907822637,0.03006012024048088,-0.009198423127463884,-0.014245014245014231,0.023415191319246187,0.5609756097560976,-0.08185053380782925,0.02166476624857472,0.008771929824561429,-0.04719414070559114
4,1994-06-30,0.010749385749385665,0.00576667159544586,-0.006626506024096424,-0.06801420376946188,0.028822055137844638,0.03854625550660784,0.12091503267973858,0.12091503267973858,0.12500000000000022,-0.04081632653061229,-0.05275229357798161,-0.007843137254901933,2.671428571428572,-1.6982758620689655,-0.20769230769230773,-0.06264236902050113,0.02441454907822637,0.03006012024048088,0.030503978779840683,-0.054913294797687806,0.023415191319246187,0.328125,0.017747858017135743,0.02166476624857472,0.008771929824561429,0.07919666540356207
5,1994-09-30,0.012078395624430359,0.008967950602763786,0.010157671315949024,0.04513481828839394,0.014007308160779441,0.012725344644750836,-0.005830903790087438,-0.005830903790087438,0.0,-0.04081632653061229,0.4213075060532687,0.233201581027668,0.0,-0.9382716049382716,-0.016181229773462813,0.07735925475901184,0.02441454907822637,0.03006012024048088,0.019305019305019263,0.04587155963302747,0.023415191319246187,0.2588235294117649,0.0020044097013429685,0.02166476624857472,0.008771929824561429,-0.0346107544141252
6,1994-12-31,0.012985063424153731,0.009471076788576394,0.014858171994597047,0.01093662366797532,0.011111111111111072,0.009162303664921543,-0.026392961876832814,-0.026392961876832814,-0.02469135802469136,-0.04081632653061229,-0.16013628620102216,0.125,-0.3929961089494164,0.3999999999999999,-0.023026315789473683,0.006015037593984918,0.02441454907822637,0.03006012024048088,0.012626262626262541,-0.011695906432748536,0.023415191319246187,0.20560747663551404,-0.0018003600720144508,0.02166476624857472,0.008771929824561429,-0.0014548477605736965
7,1995-03-31,0.052385892116182615,0.0733256351039262,0.04658385093167694,0.0011095700416088317,0.058212058212058215,0.0601815823605707,0.1325301204819278,0.1325301204819278,0.139240506329114,-0.04081632653061229,0.1926977687626774,-0.1737891737891738,0.3141025641025641,-9.285714285714286,0.19528619528619529,0.02428998505231683,0.02441454907822637,0.03006012024048088,0.05735660847880309,0.01183431952662728,0.023415191319246187,0.18604651162790686,0.005410821643286656,0.02166476624857472,0.008771929824561429,0.07211988760536991
8,1995-06-30,0.038583397873688696,0.04666487358795046,0.05369506853186379,0.08257134940426702,0.02357563850687616,0.011744555908979716,-0.061170212765957466,-0.061170212765957466,-0.06666666666666676,-0.04081632653061229,-0.18537414965986398,0.17586206896551726,-0.6585365853658536,-0.27586206896551724,0.11830985915492966,0.08208682962422477,-0.01945525291828798,-0.02140077821011677,0.023584905660377187,0.023391812865497075,0.023415191319246187,0.15032679738562085,-0.014351205899940322,-0.015625,-0.008695652173913104,-0.0331489031256067
9,1995-09-30,-0.015320995186766996,-0.021842477193884102,-0.02682043717312588,-0.020732019452265216,-0.003564573622155231,-0.0159613059250302,-0.025495750708215303,-0.025495750708215303,-0.02380952380952384,-0.04081632653061229,-0.09394572025052196,-0.09090909090909094,2.442857142857143,-2.261904761904762,-0.1335012594458438,-0.03877275792312873,-0.019345238095238138,-0.01988071570576544,-0.0023041474654377225,-0.06285714285714293,-0.04743303571428581,0.13636363636363644,0.01193124368048526,-0.013605442176870873,-0.008771929824561429,-0.0011545605140304005
10,1995-12-31,-0.023545611015490568,-0.15998949165900433,0.0057875155022737435,-0.026659696811291208,-0.052834342322509616,-0.7127058245269108,-1.2819767441860466,-1.2819767441860466,-1.2926829268292683,-0.04081632653061229,0.7488479262672811,-0.1387096774193548,0.5975103734439835,-3.660377358490567,0.4098837209302326,0.0961066292528936,-0.3090541224076884,-0.3133874239350912,-0.049653579676674386,0.10060975609756097,0.0931458699472758,0.115,-0.029976019184652206,-0.16666666666666666,-0.1769911504424777,-0.13699869333601367
11,1996-03-31,-0.004230416696044514,0.00891321344800633,-0.0204137553089464,0.03759398496240607,0.012928529924462584,1.9666381522668948,-4.731958762886597,-4.731958762886597,-4.625,-0.04081632653061229,-0.3201581027667985,-0.011235955056179804,-0.37662337662337664,-0.7021276595744681,0.08659793814432981,0.05503999999999998,-0.008784773060029338,-0.013293943870014702,0.012150668286755815,0.11080332409972304,0.5230439442658092,0.10762331838565033,0.01709929954676559,0.03310344827586209,-0.043010752688172116,-0.02760307477288615
12,1996-06-30,-0.06457551511718472,0.029448233106013744,-0.004755244755244803,0.03002070393374745,-0.12591424064247814,0.015570934256055269,0.05248618784530379,0.05248618784530379,0.04597701149425282,-0.04081632653061229,0.03488372093023262,-0.06818181818181822,-0.2458333333333333,1.5238095238095235,0.2011385199240987,0.01789505611161668,0.07459379615952733,0.058383233532934176,-0.12725090036014408,0.00498753117206996,0.03131597466572833,0.09311740890688247,-0.0654243467692932,0.08144192256341798,-0.0224719101123596,-0.0005988741166605973
13,1996-09-30,0.0361819695708121,0.060523938572718976,0.03906689151208553,0.09321608040201013,0.03281378178835115,0.028676888131743405,0.04461942257217855,0.04461942257217855,0.0439560439560438,-0.04081632653061229,-0.35018726591760296,0.1422764227642277,-0.41988950276243103,-1.4622641509433962,-0.07740916271721954,-0.008939213349225428,0.09347079037800696,0.06930693069306937,0.035763411279229766,0.1339950372208436,-0.038212214261344135,0.537037037037037,-0.003250975292587777,0.093827160493827,-0.02298850574712641,-0.0299017257909876
14,1996-12-31,-0.023741690408357045,-0.07921635434412266,-0.04246686502569652,-0.12916570903240632,-0.00174741858617955,0.0,-0.03266331658291455,-0.03266331658291455,-0.03157894736842093,-0.04081632653061229,1.3458213256484148,0.6725978647686832,2.619047619047619,-0.9795918367346941,-0.001712328767123239,0.16145520144317516,0.4959145191703331,0.484126984126984,0.0013280212483399725,0.12253829321663012,0.1007449450159632,0.05783132530120461,0.022396173081104642,0.20993227990970653,0.2352941176470589,0.057384643894001997
15,1997-03-31,-0.0050882969170906725,-0.007554733271662006,-0.0028248587570621764,-0.02744787542887306,-0.007638446849140723,0.025117306099917247,0.06493506493506485,0.06493506493506485,0.07608695652173902,-0.04081632653061229,-0.5307125307125307,-0.3659574468085106,-0.1947368421052632,209.0,-0.36020583190394506,0.1211493657778928,0.06176470588235295,0.04812834224598928,-0.006631299734747964,0.11890838206627685,-0.23525620367386396,0.06150341685649208,-0.00255210548702689,0.013992537313432862,0.02857142857142869,0.02044631382170814
16,1997-06-30,0.02241275571600476,0.04365387602920623,0.026203966005665658,-0.04070556309362283,0.01812059012187306,0.027732902530963832,0.01951219512195124,0.01951219512195124,0.02020202020202011,-0.04081632653061229,0.4162303664921465,0.09060402684563762,-0.3071895424836601,-1.0857142857142856,0.04825737265415553,0.07157700300161607,0.01345468935496652,0.016156462585034115,0.020026702269692945,0.08013937282229966,0.03750526759376327,0.05579399141630903,-0.004264392324093702,0.002759889604415866,0.0185185185185186,0.0879322189145868
17,1997-09-30,-0.01272620273650138,-0.01414111342661506,-0.02042788129744655,-0.014710042432814709,-0.003937627972909086,0.002357872674875639,1.2177033492822966,1.2177033492822966,1.227722772277228,-0.04081632653061229,0.18853974121996292,-3.0246153846153847,5.613207547169812,-5.722222222222222,-0.21739130434782605,0.026287438052144063,0.32682545880515423,0.3347280334728033,0.01308900523560208,0.004838709677419395,-0.0004061738424046002,0.054878048780487854,0.008993576017130689,0.3110091743119265,0.0181818181818183,0.0005788255104188789
18,1997-12-31,-0.01363534758959839,-0.06869998490110217,0.03029449062984368,0.14355440712029854,-0.06293485135989885,-0.02953476215368533,-0.6051779935275081,-0.6051779935275081,-0.6044444444444445,-0.04081632653061229,-0.7822706065318819,-1.5957446808510638,-1.1148359486447932,-0.10588235294117644,-0.24836601307189546,-0.041780390510182674,0.005297233666862855,-0.0068965517241378355,-0.05297157622739024,-0.05296950240770471,-0.28240552620885817,0.050096339113680166,-0.04987266553480485,-0.015395381385584384,0.008928571428571175,-0.18559032342887194
19,1998-03-31,0.03165130684393413,0.0330739299610896,0.04540481400437635,0.05749435099171474,0.014681066486669003,-0.0035012119579854732,0.09289617486338808,0.09289617486338808,0.1123595505617978,-0.04081632653061229,1.6785714285714284,0.022959183673469497,-1.1490683229813663,-0.3421052631578947,-0.21739130434782605,-0.03483786152497813,0.0043911007025760895,-0.011363636363636465,0.013642564802182731,0.018644067796609987,-0.029445073612684006,0.05137614678899083,-0.016528925619834656,-0.003553660270078196,-0.008849557522123686,-0.023117654655818158
20,1998-06-30,0.016182177637841466,-0.000941619585687392,0.024856096284667784,0.04059829059829068,0.005155496424413819,0.018918918918918948,-0.03500000000000003,-0.03500000000000003,-0.040404040404040435,-0.04081632653061229,0.045333333333333226,-0.08478802992518708,-0.125,-1.78,0.21666666666666656,0.011577752553916021,-0.0029146021568056124,-0.02043422733077893,0.006729475100942128,-0.0016638935108153063,0.013418903150525184,0.04712041884816753,-0.010901657960481592,-0.012125534950071182,-0.008928571428571397,-0.03992596509783186
21,1998-09-30,0.006268914829226091,0.019478479421928933,0.03152923155476128,0.026694045174537884,-0.02647253474520184,-0.001061007957559701,-0.538860103626943,-0.538860103626943,-0.5368421052631579,-0.5319148936170213,0.8647959183673469,-0.029972752043596725,15.761904761904766,-1.3846153846153846,-0.06849315068493156,-0.1579892280071813,-0.3484361297866122,-0.36636245110821386,-0.02005347593582896,-0.16333333333333344,-0.14622913068508925,0.046666666666666634,-0.03260619977037882,-0.35740072202166073,-0.018018018018018056,-0.007022858716607018
22,1998-12-31,0.013462226996061588,-0.02650231124807401,0.016829600296992986,-0.02533333333333332,0.008837525492862097,0.005045140732873099,0.1853932584269662,0.1853932584269662,0.20454545454545456,0.18181818181818188,0.19835841313269492,0.2584269662921348,-0.03125,-1.4666666666666668,0.03431372549019618,0.04530916844349675,-0.11709286675639295,-0.13065843621399165,0.0068212824010913655,0.06573705179282863,0.6277815239379636,0.042993630573248336,-0.004509850462853128,-0.12134831460674145,-0.009174311926605559,-0.0011787546803494475
23,1999-03-31,-0.028757153960291108,-0.04146881924659706,-0.0535475234270415,-0.09211126310989516,0.005559299191374656,-0.0023778071334213946,0.8199052132701421,0.8199052132701421,0.7924528301886791,0.8269230769230769,-0.0547945205479452,-0.265625,0.26099706744868034,5.0,0.19905213270142186,-0.039520652728199816,-0.011686991869918728,-0.015384615384615441,0.004065040650406582,-0.046728971962616835,0.08367854183927093,0.042748091603053366,0.03528850739151168,-0.017902813299232934,0.0,0.05574453314821248
24,1999-06-30,-0.02757165720937005,0.0300528401585205,-0.074964639321075,-0.07584128578603723,0.034176578991455875,0.02304025423728806,0.2395833333333333,0.2395833333333333,0.2421052631578948,0.2315789473684211,0.06884057971014501,-0.9270516717325228,0.9813953488372094,-0.8809523809523809,0.019762845849802483,0.1045925139368198,0.0719794344473006,0.08774038461538458,0.03373819163292846,0.10196078431372556,0.11620795107033645,0.04245973645680823,0.06356517733763245,0.0703125,0.0185185185185186,0.11461073119410847
25,1999-09-30,0.04024837285853211,0.05530618788073105,0.04740061162079502,0.05027173913043481,0.03191317025757323,0.03468806626973864,-0.0357142857142857,-0.0357142857142857,-0.03389830508474578,-0.034188034188034185,-0.21016949152542366,6.041666666666668,-0.38262910798122063,7.8000000000000025,0.1705426356589148,0.11151165585195866,0.20047961630695466,0.225414364640884,0.03655352480417751,0.07473309608540935,0.02842465753424661,0.0393258426966292,-0.00801212646167171,0.2068126520681266,0.0181818181818183,0.004778479145773007
26,1999-12-31,-0.0006472491909385036,-0.07853562205681297,0.009555408095553995,-0.011901681759379001,-0.01271585557299848,0.006504878658994295,-0.0326797385620915,-0.0326797385620915,-0.01754385964912264,-0.035398230088495415,-0.10443490701001434,2.502958579881657,-1.1520912547528517,0.931818181818182,0.2814569536423841,0.031351351351351475,0.13583699560527362,0.1577998196573489,-0.006297229219143663,-0.004966887417218624,-0.1571761571761573,0.03783783783783767,-0.012006112202575858,0.13508064516129048,0.017857142857142568,-0.06740253640206673
27,2000-03-31,0.0052533103051237715,0.006758984503791643,0.013540160378598731,0.03220738413197166,-0.004770233741453357,0.007208550832711991,0.09684684684684686,0.09684684684684686,0.08928571428571419,0.11009174311926584,-0.0846645367412141,-0.6064189189189189,-7.9,-3.0352941176470587,-0.4470284237726099,-0.04612159329140464,0.046429827646851766,0.05451713395638635,0.002534854245880957,-0.03993344425956746,-0.17147372580007902,0.03776041666666674,-0.009942554131683656,0.039964476021314255,0.017543859649122858,-0.02467892218584744
28,2000-06-30,0.06900995060491089,0.10594399869002792,0.10376134889753574,0.2617960426179604,0.026202268733024336,0.042448173741362234,-0.03490759753593431,-0.03490759753593431,-0.024590163934426257,-0.02479338842975209,0.01221640488656206,1.3605150214592276,-1.2518115942028984,-2.190751445086705,0.9626168224299064,-0.017802197802197828,-0.0131092436974789,-0.031019202363367637,0.0265486725663715,-0.02079722703639497,-0.07343824511206487,0.03638644918444167,-0.040169604998884216,-0.02561912894961571,-0.008620689655172377,-0.12348308804544272
29,2000-09-30,-0.016808410902029114,-0.015250222090612997,-0.031139835487661523,-0.02895054282267795,0.0021796668223572624,0.006628787878787845,0.06170212765957439,0.06170212765957439,0.058823529411764726,0.05932203389830515,0.06034482758620685,-0.8163636363636364,-5.417266187050362,-1.470873786407767,-0.2309523809523809,-0.004699037816066287,0.01873297002724783,0.0076219512195121455,0.004926108374384342,-0.0300884955752212,-0.006690684508491973,0.033898305084745665,0.019297837712159985,0.006134969325153339,0.0,0.014065836954120005
30,2000-12-31,-0.010897697861326772,-0.04089610584874459,-0.03080654942389327,-0.015734989648033104,0.014603075967065447,-0.013170272812793926,-0.3466933867735471,-0.3466933867735471,-0.3412698412698413,-0.35200000000000004,-0.09268292682926826,3.8415841584158414,-0.8306188925081434,-0.7835051546391752,-0.06501547987616096,0.16276978417266186,-0.07087930458040792,-0.07186081694402424,0.009803921568627416,0.15693430656934293,0.1331606217616581,0.03395784543325542,0.025775547445255453,-0.0714285714285714,0.0,-0.025562817719680275
31,2001-03-31,0.05798099435339488,0.06991691487693985,0.11262670504317353,0.1430374421539755,-0.008880722707089284,-0.006196377502383221,0.3895705521472392,0.3895705521472392,0.3734939759036144,0.3950617283950615,0.2813620071684588,-0.10020449897750516,-0.8653846153846154,-14.0,0.9039735099337748,0.06341840680587785,-0.027347966894566426,-0.04237978810105958,-0.008495145631068013,0.05205047318612,0.13031550068587094,0.03397508493771252,-0.06315321325327994,-0.02626641651031892,-0.017391304347826098,-0.063943955880161
32,2001-06-30,-0.0030590991929184685,-0.004981684981684942,0.034304352716229884,0.01582627898417366,-0.05437973119110151,-0.021822541966426856,-0.554083885209713,-0.554083885209713,-0.5526315789473684,-0.5575221238938053,0.013986013986013957,-0.3818181818181817,33.5,-1.0329670329670328,-0.015652173913043518,0.018909090909090983,-0.14317425083240842,-0.15829787234042547,-0.04895960832313352,0.02848575712143941,0.03762135922330101,0.03395399780941944,-0.05150723949679559,-0.1464354527938343,-0.008849557522123686,-0.02046178343949045
33,2001-09-30,-0.00731213684141807,-0.034604623766750116,-0.017072640278381956,-0.09311594202898554,0.007351739911779066,-0.027457710223093845,0.9504950495049505,0.9504950495049505,0.96078431372549,0.98,0.13103448275862073,-0.2867647058823529,0.5093167701863355,13.111111111111107,-0.22438162544169613,-0.09279086366880797,-0.060880829015544036,-0.07987866531850363,0.011583011583011782,-0.04664723032069973,0.07446393762183234,0.03177966101694918,0.014764764764764847,-0.05417607223476295,-0.0267857142857143,0.06445582378281722
34,2001-12-31,-0.03939493587635645,-0.03965832824893223,-0.05741785595751747,-0.09928086296444273,-0.012974375608173829,-0.026216284345853325,-0.032994923857868064,-0.032994923857868064,-0.02000000000000001,-0.03030303030303028,-0.002439024390243905,-0.25773195876288657,-0.3278463648834019,-2.393700787401575,0.40318906605922544,0.06766325727773402,0.058390804597701074,0.039560439560439635,-0.007633587786259555,0.05657492354740067,0.14840348330914366,0.030800821355235982,0.02762022194821201,0.060859188544152724,-0.027522935779816567,0.06620342089187536
35,2002-03-31,-0.011981377516089298,-0.003653113087674687,-0.010680751173708923,-0.11022399645154136,-0.013802168912257606,0.006989386487186168,0.18635170603674545,0.18635170603674545,0.18367346938775508,0.1875,-0.1797066014669927,-0.0069444444444444215,0.15714285714285725,-1.1468926553672316,-0.04220779220779225,0.030213706705969123,0.01867940920938316,0.014799154334038,-0.011538461538461496,0.0376266280752533,-0.012954186413902112,0.030876494023904355,-0.0019198464122870407,0.01687289088863886,0.0,0.1198166583112512
36,2002-06-30,0.03672649158062513,0.05579467559381479,0.018032981373828468,0.04336989032901295,0.06297900699766745,0.06966580976863758,0.030973451327433562,0.030973451327433562,0.02586206896551735,0.035087719298245716,0.3785394932935917,0.2937062937062937,0.0670194003527338,-3.8846153846153846,0.12711864406779672,0.0858369098712446,0.17228144989339025,0.19166666666666665,0.06095979247730221,0.09902370990237096,0.08290653008962877,0.02995169082125604,0.025246453474392805,0.17920353982300896,0.009433962264151052,0.011895625479662277
37,2002-09-30,0.050665062495822484,-0.010116261512909563,0.05768558443071914,0.07763975155279512,0.04122257053291545,-0.004325883201153569,0.16952789699570814,0.16952789699570814,0.17647058823529416,0.1694915254237288,-0.5708108108108108,0.28648648648648645,-1.0,1.08,0.2345864661654136,-0.018774703557312256,0.06838850491087678,0.07954545454545459,0.04034229828850866,-0.07614213197969544,-0.17499261010937028,0.02908067542213888,-0.008911819887429728,0.07692307692307687,0.009345794392523477,-0.08146884085450634
38,2002-12-31,-0.02481073859660288,-0.07580841976815134,0.028646981048920283,-0.01197073819552208,-0.09784735812133072,-0.001206854936036672,-0.062385321100917435,-0.062385321100917435,-0.06428571428571417,-0.06521739130434777,1.5163727959697733,4.718487394957983,inf,-2.301282051282051,-0.2472594397076736,0.01678415575696546,0.07456588355464744,0.057489878542509976,-0.09753231492361923,-0.02197802197802201,-0.06843425295592975,0.02825888787602548,-0.07477520113582581,0.05313588850174211,0.0,-0.06461157365994641
39,2003-03-31,0.03366168699849958,0.06684271331902948,0.020672664952870567,0.0527260489118242,0.05389621224762231,0.04349927501208306,-0.017612524461839585,-0.017612524461839585,-0.01526717557251911,-0.015503875968992276,-0.2352352352352353,-0.6583394562821454,-3.132450331125828,-0.7192118226600985,-0.09223300970873782,0.05001650709805228,0.012674271229404344,0.002297090352220588,0.05208333333333348,0.16292134831460658,-0.0196153846153847,0.0292553191489362,0.019437340153452658,-0.0008271298593878207,0.0,0.01346182139179053
40,2003-06-30,0.04550331334805935,0.08864480198019797,0.008605310105992192,0.028772378516624064,0.10117162761241284,0.06067623899953677,0.2330677290836653,0.2330677290836653,0.22480620155038755,0.22834645669291345,0.4738219895287958,-0.6795698924731183,0.7857142857142858,-8.245614035087721,0.7361853832442067,0.01116176701776439,0.05162703379224043,0.04812834224598928,0.0990099009900991,-0.03864734299516903,-0.01412318556296588,0.028423772609819094,0.05318615153035622,0.04884105960264895,0.0,0.0581403788923569
41,2003-09-30,0.013944223107569707,0.043342333380701925,-0.03350327749453752,0.029210689869484163,0.07951114306254503,0.007860262008733576,0.07108239095315018,0.07108239095315018,-0.4620253164556962,-0.4679487179487179,-0.4520426287744227,-0.1812080536912752,-0.5860869565217391,-0.26150121065375304,0.3131416837782341,0.059235074626865725,0.0202320737875632,0.03644314868804677,0.07770270270270263,-0.03643216080402012,-0.014325507361719003,0.027638190954773826,0.06479275845640786,0.02604577742699288,0.0092592592592593,0.013787899574701612
42,2003-12-31,0.04780615586116577,0.051484609098338296,0.04586069544622662,0.022946859903381744,0.05021310602024509,0.02209705372616977,-0.06636500754147813,-0.06636500754147813,-0.08235294117647053,-0.07228915662650592,1.0518638573743924,0.9098360655737704,1.0672268907563027,0.8262295081967213,0.4354964816262705,0.13899897255247318,-0.022163896179644205,0.011954992967651236,0.05120167189132707,0.05736636245110805,0.08397254743641502,0.02689486552567244,0.0022371364653241965,0.013846153846153841,0.0,0.027877393599025524
43,2004-03-31,0.02147727272727273,0.04443005181347148,0.016675244467318606,0.015938606847697656,0.027393785668991862,0.04684188215345486,0.16639741518578344,0.16639741518578344,0.17948717948717952,0.16883116883116878,-0.2559241706161137,-0.06008583690987124,0.4857723577235773,-1.0323159784560143,-0.009803921568627416,0.034536082474226903,0.02773635550253517,0.05767894371091041,0.029821073558647937,-0.016029593094944342,-0.008193668528864162,0.02857142857142869,0.005803571428571575,0.055386949924127515,0.0,0.028042920150088912
44,2004-06-30,0.021359439314718058,0.06994915044028271,0.0028348688873138803,0.08347859771450716,0.04394519195161095,0.014780319902814252,0.07063711911357351,0.07063711911357351,0.07608695652173902,0.07777777777777772,0.3747346072186837,-0.013698630136986356,-0.20383036935704515,-28.555555555555557,0.2728272827282727,0.06614349775784767,0.008995937318630355,0.031537450722733285,0.04247104247104262,0.0350877192982455,-0.020277882087870847,0.027777777777777686,0.022192632046160732,0.03522645578720328,0.0,-0.012486393033233071
45,2004-09-30,-0.016229168935845806,-0.0382519995363394,-0.05421504290762247,-0.057382910260993965,0.028260612510346395,-0.00857940941739821,0.0025873221216041733,0.0025873221216041733,0.0,0.0,-0.4424710424710425,-0.01851851851851849,0.10996563573883167,-1.2298387096774193,-0.04926534140017291,-0.022549363243369647,0.002876042565429948,0.022292993630573358,0.03425925925925921,-0.061743341404358325,-0.07589114603296288,0.027027027027026973,0.04515848892748586,0.02152777777777781,0.0,0.020295681493969653
46,2004-12-31,0.14636846767050482,0.050982282752802144,0.10269000853970957,0.15133699981035464,0.19342226310947552,0.024552223787482445,-0.07096774193548383,-0.07096774193548383,-0.06060606060606055,-0.061855670103092675,0.8324099722991689,0.3726415094339624,-0.1099071207430341,-5.885964912280703,0.2531818181818182,-0.06562275878556056,-0.03728133065672501,-0.008099688473520272,0.20322291853178154,-0.09677419354838712,-0.10203235172127756,0.02631578947368407,0.04113003739094312,0.015635622025832685,-0.01834862385321101,-0.0871941531617414
47,2005-03-31,0.002269654239907215,0.023165137614678862,0.013068731848983495,0.027343106572228715,-0.00847947581422237,0.014731879787860837,0.12361111111111113,0.12361111111111113,0.129032258064516,0.13186813186813184,-0.2418745275888133,0.037800687285223455,0.3043478260869565,-1.1579892280071813,-0.03191875226695684,0.07573237815018552,-0.030682156687518506,-0.007537688442211143,-0.00520833333333337,-0.10571428571428576,0.035565819861431924,0.02991452991453003,-0.010774142059058134,0.01740294511378848,-0.028037383177570097,-0.004038153589082882
48,2005-06-30,-0.05772103107684901,-0.10916834790405736,-0.09632107023411374,-0.14927048260381592,-0.01846452866861026,0.024777390631049112,-0.04079110012360943,-0.04079110012360943,-0.03809523809523818,-0.029126213592232997,0.16450648055832495,-0.4006622516556292,1.4293333333333331,9.272727272727273,-0.3387036343199701,-0.05779521940777733,-0.040565457897971835,-0.013924050632911468,-0.012715033657441976,-0.05271565495207664,-0.08920606601248883,0.029045643153526868,0.0415490116982653,-0.012499999999999956,0.0,0.04711639286962588
49,2005-09-30,0.0924988495167971,0.0275541016607952,0.17574283599450147,0.29645684131172256,0.014554455445544569,0.016622591613147053,0.09922680412371143,0.09922680412371143,0.10891089108910902,0.10000000000000007,-0.21575342465753425,7.182320441988951,-1.3583973655323822,-1.0918141592920354,0.047025495750708135,-0.0714375867726873,-0.013452914798206206,-0.016046213093709905,0.02121212121212124,-0.0607082630691399,-0.07835455435847216,0.02822580645161299,-0.07126258714175049,0.005329780146568819,-0.019230769230769273,-0.207423726550504
50,2005-12-31,-0.03992324253486845,-0.12881106893596184,-0.06349491860778844,-0.23855211513301355,-0.01434566214501809,-0.010590858416945405,-0.10785463071512312,-0.10785463071512312,-0.1071428571428572,-0.10000000000000007,0.2783842794759825,-0.8129642133693451,-3.6952526799387435,-10.349397590361447,-0.4199134199134199,0.016446921299442918,0.019805194805194715,0.015655577299412915,-0.007418397626112737,-0.0035906642728905647,-0.01647183846971301,0.02745098039215676,0.02668890742285224,0.0013253810470510439,0.009803921568627416,0.1441206199460916
51,2006-03-31,0.05362453078535556,0.11328179901616298,0.0202631326226832,0.041809851088201684,0.0880198019801981,0.050704225352112615,0.18134034165571625,0.18134034165571625,0.18999999999999995,0.18181818181818168,-0.4722459436379163,1.1227436823104693,-0.8704545454545455,-0.7938144329896908,-0.14925373134328354,0.0037443166622090907,0.01082457815982174,0.017341040462427904,0.08968609865470856,0.010810810810810922,-0.015667206915181087,0.029262086513994763,0.0324939073923638,0.00794176042356032,0.009708737864077666,0.06861518074063166
52,2006-06-30,0.019432748808587474,0.022724403484408517,-0.010636295180722843,-0.0056807769836906274,0.04850304850304843,0.016621983914209215,-0.018909899888765347,-0.018909899888765347,-0.01680672268907568,-0.017094017094017144,0.2944983818770226,-0.5731292517006803,1.2938596491228072,-1.46875,0.08223684210526305,0.09325872635225152,-0.0018897637795275426,0.002525252525252375,0.04938271604938271,0.0035650623885916666,0.05708013172338111,0.028430160692212606,0.028520849724626318,0.013788575180564866,-0.00961538461538458,0.02859111264209435
53,2006-09-30,0.029501202741342606,0.025675842488581683,0.1131195890019978,0.2648359749354958,-0.04678007290400976,0.029887482419127975,0.013605442176870763,0.013605442176870763,0.02564102564102577,0.0260869565217392,0.37375,1.3505976095617531,-0.06883365200764824,-0.84,0.012158054711246093,-0.09432122836948588,-0.005048911328494721,-0.0031486146095718315,-0.02483660130718956,-0.13676731793960914,-0.12512980269989615,0.02764423076923084,-0.0740103270223752,-0.009715025906735786,0.0,-0.18908238446081715
54,2006-12-31,-0.061235286337785966,0.07666385846672275,-0.0311965811965812,0.06702608188838699,-0.093234999544751,-0.012973711164219859,0.31543624161073835,0.31543624161073835,0.3333333333333335,0.3305084745762714,0.2029117379435849,-0.947457627118644,0.6899383983572895,36.333333333333336,0.44844844844844856,0.04238428417653406,0.12432603869330786,0.11054958938723948,-0.09048257372654156,0.06790123456790131,0.02373887240356076,0.026900584795321425,-0.03407682775712517,0.09875735775016348,0.01941747572815533,0.009003056083257466
55,2007-03-31,0.06785949093641408,0.08718980549966471,0.11910013233348038,0.024716646183258195,0.009539110352444924,0.02680733310273253,0.16326530612244894,0.16326530612244894,0.17499999999999982,0.17834394904458595,-0.5612708018154311,-1.4193548387096775,-0.5577156743620899,-0.4419642857142857,0.17277125086385636,-0.013940880340777008,0.14640338504936534,0.10750853242320813,0.028739867354458326,0.08477842003853553,-0.1263768115942029,0.02733485193621865,-0.05473594184306185,0.1053571428571427,0.0,0.06098559266535687
56,2007-06-30,0.0033862526936101482,-0.027966275961340714,-0.011115490737091059,-0.01719083155650325,0.02168291227372188,0.034529223513559026,-0.32967836257309946,-0.32967836257309946,-0.3191489361702127,-0.32432432432432434,0.9034482758620692,-29.0,2.090659340659341,-2.396,-0.2056570418385386,0.07959156957716984,0.0386318897637794,-0.0005136106831022946,0.027936962750716214,0.04973357015985802,-0.04844061048440618,0.02660753880266076,0.018321646686270118,-0.011308562197092087,0.00952380952380949,-0.010955944757348957
57,2007-09-30,0.06745266479663402,0.10006346519991527,0.0670440051020409,-0.031728813559322,0.06795171339563866,0.005698469553891306,0.046892039258451534,0.046892039258451534,0.046875,0.05600000000000005,-0.0625,1.271978021978022,-1.0462222222222222,-1.9369627507163325,0.24258160237388715,0.07420880320116408,0.01563610518834402,-0.0035971223021582506,0.07177700348432059,0.04399323181049075,0.0557880055788007,0.02591792656587466,0.00044424700133283146,0.0016339869281045696,-0.009433962264150941,0.13612606287541928
58,2007-12-31,0.013919113118456172,-0.05403846153846159,-0.03272319760926412,-0.24912477244083464,0.07082953509571555,0.004694835680751242,-0.11354166666666665,-0.11354166666666665,-0.1119402985074628,-0.11363636363636374,0.5033816425120774,-0.7714631197097944,-22.346153846153847,-0.3241590214067278,0.1319402985074627,-0.006772773450728131,-0.112199673431304,-0.10675605982465186,0.07932379713914184,-0.07293354943273911,-0.0297225891677676,0.02526315789473688,0.05617229129662515,-0.08972267536704738,-0.01904761904761909,0.25981873111782483
59,2008-03-31,0.0840285089495425,0.1511486074405366,0.10712906464818106,0.2495337560611713,0.05856814505831288,0.04141153722204316,0.16098707403055235,0.16098707403055235,0.17647058823529416,0.17948717948717952,-0.359254498714653,1.4550264550264551,-1.2837837837837838,2.760180995475113,0.4382911392405062,-0.10887600863734516,-0.140304781923279,-0.12990762124711308,0.06385542168674685,-0.1748251748251748,-0.044928522804629,0.02566735112936347,-0.0235442505780954,-0.11170848267622456,-0.01941747572815533,-0.07875517767604101
60,2008-06-30,0.02200306324479806,-0.06940397350993377,0.034114692339891166,0.0428358208955224,0.008041817450743949,0.042704626334519664,-0.04352226720647778,-0.04352226720647778,-0.03571428571428559,-0.036231884057970835,0.24674022066198603,1.1616379310344829,-5.546031746031746,-2.419975932611312,-0.4327099376604328,-0.03188368830506316,-0.04034229828850855,-0.03649635036496357,0.01528878822197055,-0.08898305084745761,0.057020669992872364,0.025025025025025016,-0.013562970936490948,-0.016139878950907738,-0.01980198019801982,-0.10761403301189132
61,2008-09-30,0.009174647269537315,0.023626530031312317,0.039465695203400035,0.003005581794761625,-0.026645392899880327,-0.026858584359697242,0.04867724867724865,0.04867724867724865,0.05925925925925912,0.0601503759398494,-0.06033789219629927,-0.4596211365902293,-1.1494413407821231,-1.5872881355932202,0.4479638009049773,-0.07640627058358583,-0.016878980891719797,-0.02272727272727271,-0.017847183491355282,-0.09069767441860456,-0.09103169251517196,0.0244140625,-0.03557398515931909,-0.006151742993848353,-0.010101010101010057,0.02055157783081429
62,2008-12-31,-0.07468579086529759,-0.11030774935113086,0.016874350986500586,-0.1668093607305936,-0.1903122694861077,-0.15995730405611466,-0.4591321897073663,-0.4591321897073663,-0.4685314685314685,-0.4609929078014184,-0.03681506849315064,-0.28044280442804426,-5.032710280373832,-1.5642135642135642,-0.17455357142857142,-0.15618314077877626,-0.046971169420148895,-0.09090909090909084,-0.19136854060193065,-0.14066496163682873,-0.17062314540059353,0.023832221163012424,-0.12491513917175835,-0.05845942228335633,-0.04081632653061229,0.06781863063531235
63,2009-03-31,-0.047324539084824035,-0.09908314232131699,-0.09388562675516976,-0.1902723069018668,-0.014373924486284053,-0.07623888182973315,-0.03358208955223885,-0.03358208955223885,-0.013157894736842146,-0.02631578947368418,-0.38222222222222224,-0.9538461538461538,0.05098493626882972,-0.4450127877237852,-0.11736073553272044,-0.14908722109533454,-0.08327668252889198,-0.11550387596899235,-0.0154494382022472,0.0535714285714286,-0.07692307692307687,0.023743016759776525,0.03465218515645208,-0.08619430241051862,-0.03191489361702116,0.11260493977369525
64,2009-06-30,0.07219163448105848,0.14467445356771136,0.04768613087271967,0.1247884940778341,0.10947930574098796,0.123796423658872,0.5115830115830116,0.5115830115830116,0.4933333333333334,0.5135135135135136,1.1093525179856116,18.83333333333333,-0.7574421168687983,-5.442396313364055,0.5906862745098038,0.09435836313071122,-0.015943641082684312,-0.04294478527607348,0.10342368045649077,0.11016949152542366,0.25872093023255816,0.02319236016371096,0.03474131467133201,-0.011990407673860837,-0.03296703296703296,0.01766088905899732
65,2009-09-30,0.0589384939643609,0.1311376035562739,-0.01075702568239878,0.08424219631440401,0.14412663149125238,0.0828816226613045,0.22222222222222232,0.22222222222222232,0.2142857142857142,0.2053571428571428,0.18417462482946806,0.9635854341736694,0.3181818181818181,-0.33298755186721996,0.24768875192604,0.2145579960065347,-0.015825169555388263,-0.011904761904761972,0.1286360698125404,0.10178117048346058,0.27790608160123176,0.022666666666666842,0.08043478260869574,0.004045307443365731,-0.011363636363636357,0.04325166559209115
66,2009-12-31,-0.013860239568631694,-0.035816362986781036,-0.05205926328666577,-0.1507110648629899,0.032686084142394815,-0.011464556757629585,-0.02298850574712641,-0.02298850574712641,-0.029411764705882363,-0.03703703703703709,-0.3986175115207373,-0.0641940085592011,1.0586206896551724,-1.3094867807153965,-0.061438715652979314,0.16529666716484834,0.07082695252679949,0.12418906394810025,0.02691867124856806,0.0323325635103926,0.1831325301204818,0.022164276401564376,0.04717192041135698,0.11281224818694602,0.011494252873563315,0.13529381469846016
67,2010-03-31,0.02833027522935772,0.1214451134784622,0.015987955262403153,0.05125587094139261,0.06283296772171743,0.03691604050963737,-0.005347593582887722,-0.005347593582887722,-0.007575757575757569,-0.007692307692307666,0.03639846743295029,0.5045731707317074,-0.5393634840871022,-0.035175879396984966,-0.06315789473684208,0.04155444401692954,0.041830532713621686,0.09068425391591096,0.060791968767428976,0.013422818791946513,-0.0829938900203665,0.022108843537415046,0.03351836037574718,0.0709630702389572,0.011363636363636465,0.06677553982943185
68,2010-06-30,0.016915280850760217,0.06484387906823064,0.004375132312469221,0.05613830613830606,0.029854046881910627,0.06033396345305597,0.20537634408602146,0.20537634408602146,0.1984732824427482,0.19379844961240306,0.05175600739371533,-0.5430597771023302,0.5381818181818181,-1.90625,0.061095505617977615,-0.024134958748922464,0.02779684282772821,0.07029478458049887,0.029968454258675118,-0.07947019867549676,-0.13048306496390905,0.02204658901830281,0.01280727122495362,0.050033806626098576,0.0224719101123596,0.00824970233032829
69,2010-09-30,0.055060359348680483,0.0897525405321542,-7.025925665704591e-05,-0.007724848261909113,0.1097272922482284,0.021244985886198275,-0.01338090990187335,-0.01338090990187335,-0.012738853503184707,-0.006493506493506551,0.1625659050966608,-2.104212860310421,0.09692671394799056,7.2988505747126435,0.4778292521508936,0.043659305993690715,-0.020701168614357224,0.015536723163841916,0.10719754977029106,0.011990407673860837,-0.036398467432950166,0.021164021164021163,0.0518050173363247,0.01030264005151338,0.01098901098901095,0.09822859552931253
70,2010-12-31,0.003026775320139618,-0.1304812072892938,-0.006534569983136618,0.12863762743280827,0.0102554179566563,-0.024003491416933358,-0.16094032549728754,-0.16094032549728754,-0.16774193548387095,-0.16993464052287574,0.2328042328042328,-4.5120481927710845,1.0668103448275863,-1.7541551246537397,-0.2438423645320197,0.05489058154999405,-0.051142175247187234,-0.0264255910987482,0.01429230059935449,-0.047393364928910005,0.02186878727634189,0.020725388601036343,0.007174713980996561,-0.02358189929891652,-0.010869565217391351,-0.2295787088597873
71,2011-03-31,0.03226555246053864,0.03520261972984029,0.0072848150505693265,-0.031039579569715925,0.05305497031220074,0.08973021314651962,0.16487068965517238,0.16487068965517238,0.17829457364341073,0.17322834645669286,-0.5505824647455548,-0.5671812464265295,-0.3076120959332638,-0.4214876033057852,-0.1865561148948771,0.03025787965616056,-0.01221703197987789,0.009999999999999787,0.05499999999999994,0.017412935323383172,0.03566796368352798,0.021475985942990945,0.020215633423180668,0.0006527415143602332,0.01098901098901095,0.06834155824734567
72,2011-06-30,0.037039416621157166,0.0705417160933175,0.020924027524224176,0.051355932203389854,0.050685097611252505,0.050471891670086144,0.07308048103607767,0.07308048103607767,0.07236842105263143,0.0738255033557047,0.9795361527967256,-0.9313077939233818,0.16415662650602414,-1.9984126984126984,0.22897706589006184,0.046501279341417234,-0.04292469989086933,-0.021923620933521848,0.05213270142180093,-0.009779951100244544,0.01064495929868503,0.02102446483180432,0.013021324778260013,-0.02413568166992808,0.0,0.018243747667039845
73,2011-09-30,-0.005173161514156478,0.009751052670458726,0.01121045392022002,-0.006126068031597654,-0.02088863242931338,-0.019401041666666674,-0.04913793103448272,-0.062068965517241385,-0.05521472392638027,-0.05000000000000005,-0.061337008959338364,13.903846153846152,-0.4036222509702457,-1.0,0.0,-0.0969490804719888,-0.026225769669327333,-0.016630513376717282,-0.008599508599508645,-0.14074074074074072,-0.10656753407682784,0.020591538749532123,-0.01564828614008951,-0.0267379679144385,0.010869565217391351,0.015992301700041178
74,2011-12-31,-0.01553791063366028,-0.10454312678323208,0.071482010474053,-0.11743714517437145,-0.09123055162659124,-0.058690744920993236,-0.08159564823209431,-0.0689338235294118,-0.1168831168831168,-0.11184210526315784,0.2760646108663729,0.4632258064516128,2.85466377440347,-inf,-0.3427132701421801,-0.10700412007062987,0.023809523809523725,0.008088235294117618,-0.08302354399008682,-0.10057471264367823,-0.10540915395284324,0.0201760821716801,-0.07702498107494317,0.006868131868131844,0.0,0.01461302543748877
75,2012-03-31,0.01262019230769229,0.05008169934640527,-0.02272438745715377,-0.006065061569564435,0.049416342412451415,0.056002257017915065,0.11056268509378088,0.11056268509378088,0.18382352941176472,0.1777777777777778,-0.523590333716916,-0.9620811287477954,-0.5936972425436129,-1.097666378565255,0.050923839567372786,0.1382810440284734,0.01486847121616486,0.002917578409919797,0.0504504504504506,0.2428115015974441,0.12325581395348828,0.021215390147429014,0.036497847037112896,0.004774897680763779,0.0,0.05649893314367005
76,2012-06-30,0.04135561455567705,0.0960865167665137,0.06949857105741741,0.05528846153846145,0.013842541095043792,0.006411969008816465,0.03733333333333344,0.03733333333333344,0.04347826086956519,0.04402515723270439,0.6775362318840579,17.86046511627907,-1.6246537396121885,7.63716814159292,0.41852487135506,-0.004400694846554698,0.01577761081893314,-0.006545454545454632,0.01758147512864494,-0.051413881748072036,-0.020703933747412084,0.02077464788732386,-0.02650840751730954,0.006109979633401208,-0.010752688172043001,0.038624984221820265
77,2012-09-30,0.03419418698821208,0.028818852924474836,-0.007773594072634559,0.15559838794462946,0.07546019748872368,-0.004911069816830316,-0.00514138817480725,-0.00514138817480725,0.0,-0.0060240963855421326,-0.03167746580273578,0.5782983970406905,-1.9822616407982263,-1.285860655737705,-0.0843409915356711,0.04478306385948572,0.006286982248520756,-0.00512445095168379,0.07458912768647273,0.027100271002709952,0.03453136011275548,0.02035184546395308,0.03982930298719789,0.01754385964912264,-0.0217391304347826,-0.10970224832894472
78,2012-12-31,-0.0174889062907857,-0.05961087346488201,-0.030725915044681137,-0.05989385898407884,-0.0039106778508274384,-0.01467253568093907,-0.14642549526270454,-0.14642549526270454,-0.14880952380952386,-0.1393939393939394,0.29219330855018577,-0.56875,2.0338600451467266,-0.4767025089605734,-0.04820072631231431,0.014250723669561259,-0.03638368246968038,-0.022075055187637967,-0.0011764705882353346,-0.05804749340369397,-0.006811989100817373,0.019945909398242145,0.013875317568887937,-0.0145888594164455,-0.011111111111111072,0.00031851481093858597
79,2013-03-31,0.0045164718384698155,0.01650770359501097,-0.02115433190199545,-0.04241935483870962,0.0288477951635846,0.03343711926357118,0.1392532795156407,0.1392532795156407,0.1398601398601398,0.1338028169014085,-0.42807825086306095,-0.2663043478260869,-0.6383928571428572,-1.308219178082192,0.015608740894901054,0.102305159165752,-0.02669717772692604,-0.013544018058690764,0.028661170003926095,0.10364145658263313,0.08984910836762694,0.021213125621478257,0.024286815728604468,-0.004037685060565344,0.0,0.06154475982532759
80,2013-06-30,0.002968056657556728,0.009238542042584008,0.01999870976066065,0.06703722418730007,-0.01139254507244769,0.015457165313073062,0.06023029229406561,0.06023029229406561,0.06748466257668717,0.06211180124223593,0.6891348088531186,-0.1728395061728395,1.5534979423868314,-0.6888888888888889,0.004781420765027411,0.07618004381597276,-0.01371473354231978,0.0007627765064837089,-0.001908396946564861,0.045685279187817285,0.07300188797986151,0.020447906523856085,-0.014301844185171109,-0.0006756756756756133,0.0,-0.05416291725585976
81,2013-09-30,-0.01541166129504834,-0.05013230351140674,-0.029030421858200036,0.17426992896606164,-0.0044752741105392735,0.021155830753353918,0.027568922305764458,0.027568922305764458,0.04022988505747138,0.040935672514619936,-0.3144729005360334,-1.1134328358208956,0.5439161966156325,-44.0,-0.20462270564242013,0.0663458869251412,0.013110846245530494,0.022103658536585247,0.010707456978967578,0.07038834951456319,0.057478005865102766,0.020356234096692072,0.01107292859870168,0.0020283975659229907,0.0224719101123596,-0.19109319077606124
82,2013-12-31,-0.0016069515533865266,-0.0413341364252372,0.016284523189161067,0.007931173544831305,-0.016520566419420124,-0.04383527033855483,-0.10325203252032522,-0.10325203252032522,-0.08839779005524873,-0.0898876404494382,0.731537793223284,-5.052631578947368,-0.16336116910229648,-1.4003322259136213,0.10299145299145307,0.11541131551544592,0.025490196078431504,0.026845637583892586,-0.000756715853197143,0.10204081632653073,0.09317803660565717,0.01995012468827939,-0.01491691842900289,0.018218623481781385,0.0,-0.048893867264071744
83,2014-03-31,-8.941877794332864e-05,0.00227754653263168,0.0013459812844507366,-0.006401707121899136,-0.003085361672951703,0.034614876469811096,0.09428830462375347,0.09428830462375347,0.10909090909090913,0.1049382716049383,-0.4520822880080281,0.8636363636363635,-0.1272613849033063,-3.6016597510373445,-0.24292909724912826,0.02263886727866815,0.02600382409177815,0.020334059549746097,0.009844755774327972,0.024691358024691468,-0.007610350076103556,0.025977995110024518,-0.003066896683918019,0.010603048376408129,0.01098901098901095,0.008715110116594094
84,2014-06-30,0.012609175187050958,0.033772136028835664,0.032068104717403845,-0.05503355704697988,-0.005387436955525016,0.038692376452560406,0.04971002485501242,0.04971002485501242,0.06010928961748618,0.06703910614525133,0.5018315018315018,0.017421602787456525,-0.15296640457469626,-1.2727272727272727,0.08751279426816794,0.05576264739444658,0.02236302646291466,0.016370106761565806,0.0041244844394450215,0.04417670682730912,0.028118609406952988,0.02561811140899617,-0.01768890597961925,0.0019672131147541183,0.010869565217391351,0.0939871570344426
85,2014-09-30,-0.03514866058286725,-0.03880845903130448,0.027660630116596474,0.09446022727272728,-0.06805347470323841,0.0003688222276863051,0.0284135753749013,0.0284135753749013,0.04123711340206193,0.03664921465968597,0.0432926829268292,-1.0034246575342465,0.5940928270042194,-2.1461988304093564,-0.09223529411764707,0.03148868713071051,0.03937294932555613,0.021008403361344463,-0.05750560119492165,0.028846153846153744,0.002486325211337625,0.024687772291606125,-0.03425327852808768,0.008507853403141308,0.021505376344086002,-0.12177161152614735
86,2014-12-31,-0.045978764949963336,-0.07223405094235469,0.0939649969824985,-0.2215444516547697,-0.18945155506090394,-0.05137028388841092,-0.09516500383729852,-0.09516500383729852,-0.08910891089108908,-0.08585858585858586,0.2758620689655173,-19.0,0.1275807305452621,-0.8367346938775511,-0.01658890616899944,0.04352078239608792,0.08488249736934406,0.03360768175582973,-0.18185419968304284,0.10654205607476652,0.014880952380952328,0.024092970521542027,-0.1503850830968788,0.010382868267359013,0.02105263157894744,0.19182160651354965
87,2015-03-31,-0.02001982794460966,0.06400339991500202,-0.0792188448171236,-0.15271757252417473,0.061637043252727126,-0.01826661484648273,0.016963528413910026,0.016963528413910026,0.021739130434782483,0.022099447513812098,-0.5052679798442511,-1.0,-0.4582159624413146,2.3125,-0.05587770163415917,0.09867452135493382,0.0569026834788231,0.020570670205706687,0.062469733656174364,0.3429054054054055,0.07086999022482887,0.02850816495986708,0.08349236641221358,0.006422607578676853,0.010309278350515427,0.25577364262044355
88,2015-06-30,0.02431224096857365,0.07293497363796142,0.09388293092085552,0.002558048012593517,-0.059208162678738185,0.014251781472684131,0.08423686405337771,0.08423686405337771,0.09574468085106402,0.09189189189189184,0.2388888888888889,inf,-0.7227036395147314,-12.245283018867926,0.6655499720826354,-0.02016816963197665,0.08259406546344428,0.02730819245773741,-0.04466727438468554,-0.07798742138364778,-0.027841168416248285,0.027448869752422004,-0.08168207837956842,0.02169751116783658,0.010204081632652963,0.07019324455992204
89,2015-09-30,0.059576908372626525,-0.13573077209440845,0.15204294008106034,0.3801766437684005,-0.06927365767967619,0.003382773874577083,-0.0030769230769230878,-0.0030769230769230878,0.014563106796116497,0.014851485148514863,0.2436472346786247,-17.72891566265061,-0.3125,-2.1560402684563758,-0.4619510559839088,-0.09228281823269703,0.07487990957897718,-0.005063291139240422,-0.05582061068702293,-0.050477489768076415,-0.1051643192488264,0.026715557883708836,-0.12155358427235675,0.011867582760774598,-0.020202020202020214,-0.3738097947725807
90,2015-12-31,-0.016236694930543027,-0.053583735354927664,-0.002995150708376859,0.012229806598407222,-0.03922534055473492,-0.05368257261410792,-0.19907407407407407,-0.19907407407407407,-0.19138755980861244,-0.19024390243902434,0.4050480769230769,-0.9258192293842276,7.881818181818181,-1.1400580551523951,0.12024922118380064,0.02301842844420099,-0.001577287066246047,-0.039440203562341014,-0.02223345123799892,0.08477011494252862,0.01364113326337879,0.026275510204081483,-0.02347161572052403,-0.014814814814814947,-0.02061855670103097,-0.06500272611619308
91,2016-03-31,0.008068952869979773,-0.010194793373384359,0.0113013208716799,0.008429334082607376,0.0021352921079602627,0.015209646478487215,0.2283236994219653,0.2283236994219653,0.2426035502958581,0.2349397590361446,-0.4610778443113772,0.35922330097087385,-0.27021494370522003,-3.38860103626943,-0.25639599555061177,0.011652045804593673,0.06108478146392837,-0.002649006622516437,-0.0005167958656331352,0.03443708609271523,0.031573498964803326,0.02759134973900101,-0.005869200670765795,0.021929824561403462,-0.03157894736842093,-0.01846572502267729
92,2016-06-30,0.007670850767085069,0.05168291337134456,0.00424368162957367,0.010587907495124059,0.013721980738089057,0.03414765825347543,0.012549019607843048,0.012549019607843048,0.014285714285714237,0.014634146341463428,0.019841269841269767,0.25,-0.5778401122019635,-1.7613882863340564,0.26252804786836204,0.11967961871979882,0.023325062034739386,-0.015272244355909903,0.0175801447776629,0.12035851472471193,0.09081786251881584,0.026850507982583368,0.0061849873488895035,-0.0012262415695892814,-0.010869565217391351,0.04066275001650288
93,2016-09-30,0.02455242966751925,0.06497026932493878,0.033101699690111674,-0.1177281499862145,0.009080208508491784,0.0061341686243800994,0.029434546862896926,0.029434546862896926,0.03286384976525825,0.033653846153846034,0.4848249027237354,0.5514285714285714,0.2491694352159468,0.7663817663817665,0.3672985781990521,0.051670115282293816,0.0106692531522794,0.0006743088334457692,0.013719512195121908,0.03314285714285714,0.0436982520699174,0.025912838633686645,-0.015088013411567512,0.006752608962553808,-0.01098901098901095,0.2071043450681891
94,2016-12-31,-0.03362603154092392,-0.03719517201740696,0.025451074853429127,-0.02828125000000004,-0.14197633727712045,-0.049293034115968304,-0.13092550790067725,-0.13092550790067725,-0.12727272727272745,-0.12558139534883728,0.15775681341719072,-0.5764272559852671,1.4547872340425534,-0.8548387096774194,0.0389948006932408,-0.03339142166507392,0.05518234165067182,0.022237196765498624,-0.13433583959899753,-0.04646017699115046,-0.0453944468929044,0.02548794489092998,-0.11205673758865242,0.02256097560975601,0.0,-0.009196006305832949
95,2017-03-31,0.011730383516683984,0.014924100289954056,-0.013783628063643971,-0.03601865251648173,0.06710040784618365,0.048574157456678924,0.1454545454545455,0.1454545454545455,0.15104166666666674,0.14893617021276606,-0.5527387958352196,-0.6086956521739131,-0.3764897074756229,-3.5,-0.09382819015846544,0.0673451584763014,0.026148249204183568,0.007251153592616966,0.06543138390272141,0.2331786542923435,0.038319482917820835,0.026421854008060963,0.05463258785942493,0.0005963029218845063,0.011111111111111072,0.05287722089631397
96,2017-06-30,0.01997476871320436,0.062179648769010935,0.002741326622326179,-0.049708090075062605,0.05478205478205478,0.01626545217957065,0.19652305366591089,0.19652305366591089,0.19909502262443435,0.1944444444444444,0.6619433198380567,-6.7444444444444445,0.4813205907906168,-3.1377777777777784,0.2213529682466635,0.0984035307579143,0.06448038998448924,0.05104712041884807,0.05543478260869583,0.031044214487299993,0.0840373499333038,0.025523560209423923,0.03392911239018481,0.05184743742550646,0.0,0.11772113640942973
97,2017-09-30,0.03769473157228265,0.08029428051578202,0.032357818312194635,0.15815341407758465,0.04788197739625577,0.0463508322663253,-0.09728363866077072,-0.09728363866077072,-0.0981132075471698,-0.0968992248062015,0.06577344701583443,-2.5106382978723403,-0.5055718475073314,-0.6320166320166322,0.06669178598342129,0.021429634406468608,0.015195670274771091,0.00996264009962644,0.04994850669412965,-0.03284671532846728,-0.036915504511894966,0.025101042331418855,0.009961910342807023,0.0033994334277620553,0.01098901098901095,-0.06724052458425345
98,2017-12-31,0.07804296620030082,0.04547451669595781,0.14456262209680926,0.16505001515610784,-0.0479993413469455,-0.022271169848262384,-0.6340097970608818,-0.6340097970608818,-0.6317991631799164,-0.6309012875536482,0.06285714285714293,2.498079385403329,-2.2384341637010685,0.2542372881355932,0.07841752031084415,0.10305473265018694,-0.13922493336067254,-0.14734895191122074,-0.047572339382049966,0.0509433962264152,0.08091993185689939,0.02427889603652212,-0.11691325790542505,-0.1332580463015246,-0.0217391304347826,-0.10262356863313526
99,2018-03-31,0.015478979650933145,0.037893114800028105,0.044414944054617767,0.16547417718225566,-0.050678889561532436,0.03604505632040045,0.15105162523900573,0.15105162523900573,0.1477272727272727,0.13953488372093026,-0.9231182795698925,-1.1028550512445094,-0.9559386973180076,0.972972972972973,0.14346544382574522,0.044555981156165984,-0.14816579323487378,-0.17932031814895155,-0.047888774459320486,0.09694793536804314,0.17888100866824286,0.02755267423014596,-0.06504599211563722,-0.1641693811074919,-0.011111111111111072,-0.10945996877187304
100,2018-06-30,-0.04658457550226836,-0.06262653529491158,-0.04307088901801282,-0.006362317222904368,-0.05575293796119163,0.01352983812515096,2.0847176079734218,2.0847176079734218,2.108910891089109,2.1326530612244903,12.27972027972028,1.227758007117438,-69.30434782608695,-2.5753424657534247,-0.1976511028358636,-0.12935721812434142,0.09507829977628646,0.04669603524229071,-0.04434829637641946,-0.0859247135842881,0.02272727272727271,0.026813880126183017,-0.00983836964160234,0.04754481683554168,-0.011235955056179804,-0.05665054413542936
101,2018-09-30,0.0135135135135136,0.03808495320374372,0.02330170777988605,-0.17591552460121318,-0.011287988422575944,-0.028367103694874832,-0.16908992999461492,-0.16908992999461492,-0.15923566878980888,-0.1596091205211726,0.12638230647709325,-1.4297124600638975,-0.537555697008275,-1.556521739130435,0.1370938950374867,-0.01132842757552288,0.07099080694586313,0.011784511784511677,-0.003961516694963253,0.03491495076096696,-0.07810457516339875,0.02611367127496167,-0.02448545067423713,0.02604166666666674,-0.011363636363636357,0.2596936486573096
102,2018-12-31,-0.020791415157612292,-0.049240585338789056,-0.01157098353360031,-0.012540894220283485,-0.04410616705698678,-0.02539254170755645,-0.12702527543745945,-0.12702527543745945,-0.13257575757575754,-0.18604651162790692,0.05563347358578774,0.5464684014869889,0.4810736407432898,-1.8645833333333333,-0.1042386185243328,-0.03481539516207999,0.2327134000953744,0.1938435940099832,-0.03352272727272732,-0.031141868512110867,-0.0669975186104218,0.025449101796407136,-0.02364496180429232,0.18419144307469185,0.011494252873563315,-0.037140676672602346
103,2019-03-31,0.07232876712328773,0.0485082792326208,0.10246885787182958,-0.016427388183324114,-0.009493670886076,-0.010320956576463149,-0.33853006681514475,-0.33853006681514475,-0.3275109170305677,-0.2809523809523809,-0.5358724534986714,1.9447115384615383,-1.1198884758364311,-1.2560240963855422,0.029793200140203258,0.0006595302115570687,0.08742746615087049,0.05017421602787464,-0.010582010582010805,0.03571428571428581,-0.14171732522796354,0.026277372262773824,-0.07637853949329365,0.06736068585425592,-0.02272727272727271,0.06599735799207385
104,2019-06-30,-0.004368932038834927,-0.02247112842632526,-0.018922506211074386,0.019649122807017468,0.0391631454189425,0.03917079994912887,0.2648709315375981,0.2648709315375981,0.26623376623376616,0.2715231788079471,0.5858778625954197,-0.9918367346938776,-7.724806201550387,-2.047058823529412,-0.030292716133424106,-0.039089434191847516,-0.12326574172892213,-0.14200398142003978,0.04159239453357122,-0.029310344827586213,-0.09384683488269152,0.02560455192034139,0.043565954013715213,-0.12392426850258174,-0.011627906976744208,-0.04129077029840389
