Unnamed: 0,Quarter end,Assets,Current Assets,Liabilities,Current Liabilities,Shareholders equity,Revenue,Earnings,Earnings available for common stockholders,EPS basic,EPS diluted,Cash from operating activities,Cash from investing activities,Cash from financing activities,Cash change during period,Cash at end of period,Price,ROE,ROA,Book value of equity per share,P/B ratio,P/E ratio,Cumulative dividends per share,Equity to assets ratio,Net margin,Asset turnover,Current ratio
0,1993-12-31,0.006249389708036235,0.07768582136164892,-0.001718126231744943,-0.024595612674495948,0.03337060290702665,0.058967741935483924,0.05209222886421872,0.05209222886421872,0.05223880597014907,0.2456140350877194,0.6075514874141876,-2.097560975609756,-0.3269230769230769,0.7037037037037037,0.14835164835164827,0.05434782608695653,0.006924101198402033,0.03560209424083771,0.04072398190045234,-0.10791366906474807,0.09929701230228473,inf,0.026860413914574943,0.017906336088154173,0.0,0.10486257928118392
1,1994-03-31,0.006249389708036235,0.07768582136164892,-0.001718126231744943,-0.024595612674495948,0.03337060290702665,0.058967741935483924,0.05209222886421872,0.05209222886421872,0.05223880597014907,0.2456140350877194,0.6075514874141876,-2.097560975609756,-0.3269230769230769,0.7037037037037037,0.14835164835164827,0.05434782608695653,0.006924101198402033,0.03560209424083771,0.04072398190045234,-0.10791366906474807,0.09929701230228473,inf,0.026860413914574943,0.017906336088154173,0.0,0.10486257928118392
2,1994-06-30,0.011955361475012085,0.007244801854669358,0.0009870918754746327,-0.036877177040739006,0.048023304203079535,0.058967741935483924,0.05209222886421872,0.05209222886421872,0.05223880597014907,0.2456140350877194,0.6075514874141876,-2.097560975609756,-0.3269230769230769,0.7037037037037037,0.22009569377990434,-0.07162235485621271,0.006924101198402033,0.03560209424083771,0.05434782608695653,-0.10791366906474807,0.09929701230228473,1.0,0.03559176672384212,0.017906336088154173,0.0,0.045828549559892906
3,1994-09-30,0.014211465065879112,0.02423937279723809,0.009962325216819723,0.023979872631496143,0.02755717916137224,0.018033386133788243,-0.0016233766233766378,-0.0016233766233766378,0.0,0.2456140350877194,0.5153024911032029,0.2606060606060605,0.6559999999999999,1.152173913043478,0.388235294117647,0.11163062536528344,0.006924101198402033,0.03560209424083771,0.035051546391752675,0.053763440860215006,0.09929701230228473,0.6086956521739129,0.013250517598343723,0.017906336088154173,0.0,0.0002744488152959247
4,1994-12-31,-0.004406036080329745,-0.02331460674157304,-0.0020028540670455897,-0.004530098280098316,-0.011824715974959377,-0.012507480550568495,-0.1121951219512195,-0.1121951219512195,-0.0921985815602836,0.2456140350877194,0.18882104274307188,-0.08814102564102566,0.4444444444444444,-2.7171717171717167,-0.480225988700565,0.057308096740273484,0.006924101198402033,0.03560209424083771,-0.003984063745019807,0.022959183673469274,0.09929701230228473,0.3648648648648649,-0.007355946056395556,0.017906336088154173,0.0,-0.01893177245289912
5,1995-03-31,0.015916731561853137,0.05241587575496109,0.00536838672453155,-0.033011955264172776,0.04880337869544804,0.0009696382037451824,0.22252747252747265,0.22252747252747265,0.2265625,0.2456140350877194,-0.8391939944685896,-1.6063268892794376,-0.6774964166268513,-1.4294117647058824,0.3967391304347827,0.02585778219791157,0.006924101198402033,0.03560209424083771,0.05800000000000005,0.029925187032419087,0.09929701230228473,0.27722772277227725,0.032111980238781264,0.017906336088154173,0.0,0.08837512818122484
6,1995-06-30,-0.004187933516555442,-0.041538566646170616,-0.01731666541906829,-0.002313153066921925,0.03504847129008204,0.03705273354725437,0.05617977528089879,0.05617977528089879,0.06369426751592355,0.2456140350877194,4.511056511056512,-2.4434782608695653,1.6977777777777776,-1.904109589041096,-0.25680933852140075,0.14590402326708696,0.01110817244115303,0.03560209424083771,0.0415879017013232,0.08232445520581111,0.09929701230228473,0.20930232558139528,0.0394894295971282,0.02571041948579178,0.008000000000000007,-0.03931477516059967
7,1995-09-30,0.00801682218425559,0.0494689571601683,0.01038519158012341,0.08562519987208184,0.0012968299711815234,-0.0256874306731274,0.01631205673758873,0.01631205673758873,0.017964071856287456,0.2456140350877194,-0.20329915292019612,-0.5883534136546185,-0.5074135090609555,-11.409090909090908,3.596858638743456,0.0960236886632826,0.021710698404394442,0.03560209424083771,0.007259528130671543,0.05145413870246096,0.04796163069544357,0.21153846153846145,-0.006523407521105029,0.03957783641160928,-0.007936507936507908,-0.033345221112696
8,1995-12-31,0.002253678524865021,0.010595666644026336,0.0008544431041415113,0.0511083290374843,0.00625989350985745,-0.057103481335011086,-0.11235170969993023,-0.11235170969993023,-0.09999999999999998,0.2456140350877194,0.2590934527140458,-2.214634146341464,1.4905239687848382,-0.6215429403202328,0.2961275626423689,0.13855654187572375,0.011520737327189057,0.028311425682507663,0.012612612612612706,0.13191489361702136,0.0854309687261634,0.17989417989418,0.0038624951718810867,0.04695431472081224,-0.016000000000000014,-0.03846153846153855
9,1996-03-31,0.017487130884020097,0.05517843941125067,0.018982574197760282,-0.010649478035451576,0.013228459063282072,0.11152770716827654,0.2303459119496856,0.2303459119496856,0.23529411764705865,0.2456140350877194,-0.7271111111111109,-2.959839357429719,-0.738585496866607,-2.761538461538461,-0.4024604569420035,0.07491525423728818,0.028094153378891432,0.036381514257620484,0.017793594306049654,0.0601503759398494,0.03302881236823607,0.14798206278026904,-0.004232397075798589,0.026666666666666616,0.008130081300812941,0.06647482014388473
10,1996-06-30,0.005004383401519652,0.0046496815286625175,0.005445764131881026,0.028609871822108838,0.003740296400846832,0.0010291006803500038,0.03578274760383393,0.03578274760383393,0.03703703703703698,0.2456140350877194,2.552117263843648,0.596311475409836,0.4965753424657535,-2.0589519650655017,0.713235294117647,0.013560391043834665,0.030773018217626905,0.029411764705882467,0.012237762237762295,-0.0035460992907800915,-0.034013605442176915,0.1328125,-0.0011591962905717068,0.031877213695395534,0.0,-0.023295556754811875
11,1996-09-30,-0.005542834296514365,-0.0249159956888354,-0.011200156851211895,-0.04833046471600688,0.010686915559305454,-0.0054257810269005,0.015422578655151176,0.015422578655151176,0.025510204081632626,0.2456140350877194,-0.2081613938560294,-0.5609756097560976,1.3924485125858124,-2.455670103092784,-0.6060085836909872,0.0015556938394523099,0.02746596608550278,0.030414746543778737,0.015544041450777256,-0.01067615658362997,-0.03943661971830981,0.1344827586206898,0.016247582205028976,0.02517162471395884,0.008064516129032251,0.024587899438254013
12,1996-12-31,0.002741177975548625,-0.012353706111833508,0.007609180587914598,0.07552629675179046,-0.010921739130434815,-0.03583323762489954,-0.10631834750911297,-0.10631834750911297,-0.09950248756218892,0.2456140350877194,0.8019687319050377,0.30409356725146197,0.3663318986131037,-0.6898016997167139,-0.4771241830065359,0.08108108108108114,0.02835890283589016,0.02772808586762077,-0.005102040816326592,0.06474820143884896,0.03592375366568912,0.12158054711246202,-0.013703844689760158,0.016741071428571397,0.008000000000000007,-0.081700521301456
13,1997-03-31,-0.00271545989684896,0.041869651086240856,0.006198804516271972,-0.05293603282437609,-0.028203685469123663,0.08499106611078022,0.2053025152957173,0.2053025152957173,-0.5966850828729282,0.2456140350877194,-0.7766709511568124,-0.28026905829596416,-0.9142457122856142,-1.3698630136986298,0.3374999999999999,0.18649425287356336,0.03955696202531645,0.0330722367275893,-0.02564102564102555,0.19256756756756754,0.14295824486907271,0.10840108401084003,-0.025472790428406,0.021953896816685026,0.015873015873015817,0.10012723891553302
14,1997-06-30,0.0045685464712545976,0.00587640591431815,-0.009314264759809343,0.0014204545454545858,0.045668379532459946,0.01075918098479445,0.035532994923857864,0.035532994923857864,0.04109589041095885,0.2456140350877194,2.9741007194244604,0.9781931464174456,7.677551020408162,-1.0493827160493827,-0.012461059190031154,0.033906514894647584,0.028919330289193468,0.033698399326032025,0.04561403508771922,0.060906515580736675,-0.004953560371516953,0.1002444987775062,0.040792079207920606,0.020408163265306145,0.0078125,0.004448398576512469
15,1997-09-30,0.0012915666157315984,0.014573779760035157,-0.003010561642483478,-0.005106382978723456,0.013358250276855,-0.017433335143648532,-0.2342047930283224,-0.2342047930283224,-0.23684210526315802,0.2456140350877194,-0.4094858797972484,-0.584251968503937,-0.5884289746001882,-116.5,1.4574132492113565,0.013117826188802972,-0.040152155536770984,-0.037489812550937314,0.013422818791946293,-0.03070761014686252,-0.026135656502800253,0.08888888888888903,0.012176560121765823,-0.04526315789473678,0.007751937984496138,0.01975199291408325
16,1997-12-31,0.01642352342713882,0.07980929973376273,0.015469531211326215,0.07435129740518964,0.01905607540468557,-0.0419522440857838,-0.07894736842105265,-0.07894736842105265,-0.06896551724137923,0.2456140350877194,0.993868792152054,-3.2765151515151514,1.6,2.2532467532467533,1.9293966623876764,-0.04254335260115616,-0.0389696169088507,-0.03132938187976286,0.01821192052980148,-0.05509641873278226,-0.010223642172523915,0.08163265306122436,0.0026315789473683178,-0.034178610804851184,0.007692307692307666,0.005124641709371991
17,1998-03-31,0.025220297781829208,0.08738532110091746,0.02654349574670345,0.05029526905978377,0.0215817694369973,0.06057808804015453,0.06718146718146722,0.06718146718146722,0.05555555555555537,0.2456140350877194,-0.8551660516605166,-1.7986688851913477,-1.0861538461538462,-0.8855622089155023,0.07537248028045583,0.049746438058440035,-0.08453608247422673,-0.07342657342657344,0.019512195121951008,0.030612244897959107,0.07553260167850229,0.07547169811320753,-0.0037495313085864623,-0.06392694063926929,-0.01526717557251911,0.03534393363290689
18,1998-06-30,0.03495589107012108,0.09982071292976168,0.02908633298508878,0.009286752163750078,0.051174386563443086,0.03236686068650374,0.2561505065123011,0.2561505065123011,0.2456140350877194,0.2456140350877194,5.768577494692145,0.04166666666666674,-3.7397959183673466,11.505813953488376,0.8765281173594133,-0.12215320910973093,-0.042292292292292366,-0.035849056603773584,0.0510366826156301,-0.13861386138613865,-0.0648259303721489,0.07017543859649122,0.01580730146782083,-0.025609756097561,-0.007751937984496138,0.08964193306067947
19,1998-09-30,0.02547041086198476,0.042240015342570825,0.00692185228767217,0.007260891337005582,0.07564598676819377,-0.02060280324586361,0.14055299539170507,0.14055299539170507,0.15492957746478875,0.14084507042253525,-0.13519447929736514,0.30000000000000004,1.350093109869646,-0.5727568572756857,0.1995656894679696,0.12919287211740071,0.0535667624771361,0.0714285714285714,0.0743550834597877,0.07389162561576358,0.15211810012836954,0.0721311475409836,0.048907002593553406,0.09136420525657064,-0.015625,0.03477594791267702
20,1998-12-31,-0.015687885010266966,-0.06937160732358083,0.0018789670264200973,0.017834949043002757,-0.060171753510502524,-0.007747350298595745,-0.8616161616161616,-0.8616161616161616,-0.8658536585365854,-0.8641975308641976,-0.3819368879216539,0.4215384615384616,0.8153724247226624,-2.570184983677912,-0.2612237509051412,0.21257832443722435,-0.1763392857142857,-0.1735159817351598,-0.05649717514124297,0.12844036697247696,0.10696378830083586,0.06727828746177368,-0.0452137054044508,-0.17201834862385326,-0.007936507936507908,-0.08572063069065061
21,1999-03-31,-0.01899198931909208,-0.0282254078101829,-0.01788532351394001,-0.008303315220709484,-0.02197937889732671,0.05714905384156599,5.521897810218978,5.521897810218978,5.7272727272727275,5.636363636363638,0.14612676056338025,-0.5400432900432901,0.03142732431252737,-0.3853083853083853,-0.21734868904680227,-0.14296650717703352,0.0656428786510086,0.06850828729281755,-0.01646706586826341,-0.09214092140921404,0.02415702063412173,0.0630372492836675,-0.0029596744358119107,0.0595567867036011,0.008000000000000007,-0.02007934580195947
22,1999-06-30,0.02842706951107488,0.04135510453227531,0.03658508185650078,0.01877731946069084,0.00631273278202138,0.0160537518592605,0.13598209289311702,0.13598209289311702,0.1351351351351351,0.15068493150684925,0.7910906298003073,1.1741176470588237,-0.4468895471857808,-2.3686583990980834,0.38008766437069497,-0.1500669941938365,0.05227465385702178,0.04653567735263709,0.015220700152206891,-0.13582089552238807,-0.20737100737100744,0.059299191374663225,-0.021521335807050183,0.03921568627450989,0.007936507936507908,0.022143270263571102
23,1999-09-30,0.03088349626982945,0.06941187964048456,0.042977174694464486,0.08913463862702442,-0.0028856408004516165,0.003432609793033725,-0.014285714285714237,-0.014285714285714237,0.0,0.0,0.08433390508862204,-0.06493506493506496,0.12012241775057375,0.20922570016474465,0.33303085299455537,-0.014713610089332698,0.024436090225563808,-0.0029644268774703386,0.007496251874062888,-0.029360967184801405,-0.06633601983880955,0.061068702290076216,-0.032612817595752734,-0.012578616352201257,0.015748031496062964,-0.01810686282434737
24,1999-12-31,-0.015067394094993582,-0.04558534691453886,-0.007517501346257394,-0.00033290795095153314,-0.03711859075180879,-0.02349330918603476,-0.07196401799100449,-0.07196401799100449,-0.05952380952380942,-0.0714285714285714,-0.4381755866069075,-0.4571759259259259,0.6140710382513661,-1.5286103542234333,-0.13206262763784893,-0.2432,0.27758846657929226,0.2527254707631319,-0.01636904761904756,-0.2491103202846976,-0.2523240371845949,0.05755395683453246,-0.022736181889455143,0.24458598726114644,0.0,-0.04527866963036131
25,2000-03-31,-0.011958097782701516,-0.04268963866953812,-0.011806580432329185,-0.03202530942998283,-0.012414243711205477,0.03240430683633,0.08185245018847609,0.08185245018847609,0.10126582278481,0.11538461538461542,0.5687470671046457,0.6012793176972282,0.4210749047820568,0.12628865979381446,-0.17137254901960786,-0.2367864693446089,0.041034058268362594,0.020569620253164445,0.0,-0.22274881516587675,-0.3969804618117229,0.054421768707483054,-0.00040112314480544864,0.02149437052200609,0.0,-0.010951108045184066
26,2000-06-30,-0.01419690998730361,-0.05169224616307555,-0.018097162435210427,-0.04340596330275226,-0.002447899437644674,0.040119760479041984,0.0806371329019413,0.0806371329019413,0.09195402298850563,0.09195402298850563,-0.2503739156446305,-0.1691078561917443,-0.4648600357355569,-0.9977116704805492,-0.0004732607666824151,0.13388734995383178,0.03212455656286961,0.020930232558139528,0.013615733736762392,0.13414634146341475,0.08689248895434454,0.05161290322580636,0.012038523274478186,0.005010020040080221,0.015503875968992276,-0.008718395815169977
27,2000-09-30,0.008246077677048103,0.03321208287205435,0.014963764874295515,0.10927291254570526,-0.011672635628067418,-0.03770869314910763,0.06817134960847526,0.06817134960847526,0.09473684210526324,0.08421052631578951,0.3032721468475659,-0.5016025641025641,0.2398441847523652,-278.5,0.1313920454545454,0.1604234527687296,0.05671185793393161,0.048595292331055306,0.0,0.14247311827956974,0.12195121951219501,0.05419222903885501,-0.019825535289452745,0.03688933200398803,0.01526717557251911,-0.06851363236587515
28,2000-12-31,0.3116840027206822,-0.12046532986376855,0.4117724838574608,0.4021938830649519,0.00691182391625289,-0.03210689001894507,-0.13281586890901256,-0.13281586890901256,-0.125,-0.12621359223300976,-0.4093692590324556,49.868167202572344,-5.5067324955116685,-7.922522522522522,-0.8039338773802049,0.32456140350877183,0.023491145645103014,-0.051412020275162895,0.0149253731343284,0.3247058823529412,0.2560386473429954,0.05140640155189136,-0.23220064724919096,0.018269230769230704,-0.06766917293233088,-0.3727693324520819
29,2001-03-31,0.0054510731405010854,-0.03666318598445295,0.009459586026037359,0.05202512620910249,-0.011662779073642104,0.1516946533429484,-0.1148682247637991,-0.1148682247637991,-0.10989010989010983,-0.11111111111111104,-0.7112493519958527,-0.9599241466498104,-1.0456129867543074,-0.8669963560645497,-0.5453575240128068,0.2023841059602649,-0.022245762711864514,-0.09236641221374042,-0.008823529411764675,0.18472468916518656,0.16346153846153832,0.04889298892988925,-0.01738672286617493,-0.05382436260623225,-0.040322580645161366,-0.08429926238145424
30,2001-06-30,-0.00038994691690352745,0.007527399735035578,-0.07323560338962087,-0.147734349243562,0.055360755225893454,0.037076792343128114,0.2853932584269663,0.2853932584269663,0.2839506172839505,0.2874999999999999,6.305206463195691,0.041009463722397436,6.443231441048035,-0.9393346379647748,-0.07276995305164324,0.0782110597047807,0.0045142650776455176,-0.05298570227081578,0.06231454005934722,0.08845577211394295,0.09917355371900838,0.04661389621811796,0.055764075067024084,-0.013972055888223587,-0.04201680672268915,0.18214696695709365
31,2001-09-30,0.010973108334277226,0.03950750104596268,0.008776613495294683,0.04194962606378416,0.016867931761548768,-0.033810591685354496,0.0174825174825175,0.0174825174825175,0.02884615384615397,0.01941747572815533,-0.19980339149668225,-0.3484848484848485,-0.17893810501613372,-3.0645161290322585,0.16202531645569618,-0.0523089497343685,-0.0154592845586915,-0.06216696269982248,0.026536312849162025,-0.10743801652892547,-0.07218045112781958,0.04873949579831938,0.0060944641950229075,-0.026315789473684292,-0.0350877192982455,-0.0023640661938533203
32,2001-12-31,0.057618342274611274,-0.00672723091076355,0.08088259618247373,-0.16916921046118305,-0.01935281181275528,-0.019237636136404168,-0.07044673539518898,-0.07044673539518898,-0.06542056074766356,-0.05714285714285716,-0.6894963144963144,1.772093023255814,-1.0807431225437656,-1.09375,-0.013071895424836557,0.03945666235446299,0.008216176739090919,0.0,-0.010884353741496657,0.012345679012345512,0.03322528363047006,0.04647435897435903,-0.07269056032306909,-0.010395010395010227,0.009090909090909037,0.19556732645664887
33,2002-03-31,-0.016759250541380274,-0.046657018813314084,-0.022739793107669715,-0.1105704781291892,0.0023707310822067558,-0.06544395394347613,0.09288354898336416,0.09288354898336416,0.10000000000000007,0.101010101010101,0.08803165182987137,-0.7567114093959731,-4.792035398230087,10.666666666666666,-0.1545253863134658,0.03588467123003514,0.054509235784136134,0.05492424242424243,0.00550206327372771,0.047256097560975714,0.0117647058823529,0.04441041347626351,0.01959716929776812,0.0903361344537814,-0.03603603603603611,0.07181998367727638
34,2002-06-30,0.03158814516901276,0.10225271722630393,0.027872600294384764,0.14508205872501945,0.04468166709281518,0.02766009252495749,0.10359408033826643,0.10359408033826643,0.1090909090909089,0.11009174311926584,3.214545454545455,0.193103448275862,2.9743290548424737,-15.242857142857142,2.6031331592689293,0.0016019223067682553,0.024042589730379538,0.014362657091562038,0.05745554035567735,-0.004366812227074246,-0.06821705426356595,0.042521994134897316,0.012279765082754857,0.06069364161849713,-0.03738317757009346,-0.03731099749809641
35,2002-09-30,-0.002297436849494683,-0.057400980554178416,-0.015264617165838934,-0.04231462974698974,0.04693140794223827,-0.05245699663554948,0.6701149425287356,0.6701149425287356,0.7049180327868854,0.6942148760330578,-0.09490940465918896,1.315028901734104,0.2724603640634176,-1.9277833500501504,-0.6702898550724637,-0.10515793682526996,0.19201744088546024,0.1946902654867257,0.06985769728331159,-0.15350877192982448,-0.1422628951747087,0.04500703234880432,0.04957805907172985,0.2488646684831972,-0.04854368932038844,-0.015819209039548032
36,2002-12-31,0.01808454963074957,0.01928583951843854,0.05293935643564352,-0.02865869177907865,-0.11677381648158967,-0.06111222244448888,-0.5944023858683184,-0.5944023858683184,-0.5865384615384616,-0.5804878048780487,-0.8379408960915158,0.2908863920099876,-1.0996769727734197,-1.118918918918919,0.2417582417582418,-0.11193029490616613,-0.02701181767023076,-0.04148148148148168,-0.10157194679564684,-0.16925734024179628,-0.2783705140640155,0.043068640646029666,-0.13266331658291453,0.0043636363636363465,-0.04081632653061229,0.04936854190585538
37,2003-03-31,0.02695910440941285,0.10033828335531214,0.024815609297405228,0.04040456975159845,0.03917416622551606,0.031799296899968084,0.2364253393665159,0.2364253393665159,0.2558139534883721,0.2441860465116279,2.1955882352941183,-0.5705996131528046,-3.1597222222222223,6.509090909090909,1.4619469026548668,-0.12201257861635227,-0.017061885482938192,-0.03400309119010814,0.04441453566621799,-0.022869022869022704,-0.09946236559139787,0.041290322580645133,0.012166859791425287,-0.0021723388848660084,-0.03191489361702116,0.05765864332603932
38,2003-06-30,0.047296996662958835,0.15830337137199724,0.031010308095941182,0.16330025688812766,0.12137035150280172,0.07537039905012644,0.11482159194876496,0.11482159194876496,0.11111111111111094,0.12149532710280365,-0.08927749654855044,0.7635135135135136,-3.2357984994640945,3.1658595641646485,2.473759884974838,0.059598853868194863,-0.03486319505736968,-0.03759999999999997,0.11855670103092784,0.014893617021276562,0.06417910447761188,0.0396530359355638,0.07040641099026912,-0.012336719883889735,-0.03296703296703296,-0.0043446777697320185
39,2003-09-30,0.002910187781459684,0.0283413558864547,-0.004408042940178492,0.001169084217363059,0.031913685406019354,0.005184580673035288,0.021748050882232303,0.021748050882232303,0.02500000000000013,0.02500000000000013,1.3991915108640731,-0.4955300127713921,-2.402205177372963,-0.6466143562917757,0.2516556291390728,0.15981611681990282,-0.18701417466849568,-0.1928512053200332,0.031105990783410142,0.03563941299790363,0.16129032258064502,0.040524433849821184,0.028877005347593517,-0.18368846436443784,-0.011363636363636357,0.02711688311688309
40,2003-12-31,0.0185224408531548,-0.06461350015311251,-0.006969565763928709,-0.0747772684023873,0.11803874092009692,-0.011843927599216821,-0.16024096385542164,-0.16024096385542164,-0.16260162601626016,-0.1707317073170731,-0.5964616680707666,1.037974683544304,0.26051282051282043,-2.8675986842105265,-0.3754960317460317,0.1527162508743296,-0.03880764904386935,0.012358393408856694,0.1094972067039106,0.11740890688259098,0.3695652173913044,0.03894616265750295,0.09823284823284828,0.012601260126012592,0.0,0.011025692899049087
41,2004-03-31,-0.006342604626982107,-0.049714713310261005,-0.03337646628597146,-0.12013275370448273,0.08667618250725995,0.055483060267749185,0.049258727881396513,0.049258727881396513,0.03883495145631066,0.0490196078431373,-0.8491649269311065,-0.5428571428571429,-0.8435042039598589,-0.7476882430647291,-0.15170770452740268,0.12722491909385106,-0.08074897600936226,-0.0142421159715157,0.0845921450151057,0.01630434782608714,0.08730158730158721,0.03748621830209475,0.09323237103644112,-0.028444444444444494,0.02298850574712641,0.08004002001000488
42,2004-06-30,0.02465337728247796,0.08996505733549888,0.02067660967624585,0.11852520852148962,0.04583748527946363,0.05352809194560182,0.1973564266180492,0.1973564266180492,0.20560747663551404,0.1869158878504673,13.107266435986158,-0.5815217391304348,2.495667244367417,-4.18848167539267,0.5702247191011236,-0.08523237035707876,-0.04625503925312957,0.01031991744066052,0.04456824512534818,-0.1568627450980392,-0.08515815085158153,0.036131774707757636,0.020779220779220783,-0.0054894784995424,0.011235955056179804,-0.025567392311255044
43,2004-09-30,0.023723205441120943,0.09712376394094012,0.014469820089527463,0.09209651372660788,0.05669120831528796,-0.012169680111265624,0.00799390940236,0.00799390940236,0.0,0.007874015748031482,0.08830022075055187,0.2987012987012987,0.3063956370847793,-0.10344827586206896,0.3255813953488371,-0.0702236171047469,-0.05361512791991108,0.0020429009193054792,0.05688888888888899,-0.10993657505285426,-0.08421985815602827,0.03743589743589748,0.03223070398642913,-0.0036798528058878963,0.011111111111111072,0.004658237475045014
44,2004-12-31,0.014005825785084358,0.06597250802535193,-0.003189949551018145,0.025268559996520785,0.06356817902373058,-0.030491024287222838,-0.26472809667673713,-0.26472809667673713,-0.26356589147286824,-0.2656250000000001,-0.5296371422132071,2.47,0.04478178368121434,-1.5647130647130647,-0.1387014544909282,0.13670886075949373,-0.07310766337564645,-0.02854230377166167,0.0555088309503784,0.07600950118764849,0.12391093901258456,0.03608502224419175,0.04889071487263763,-0.029547553093259408,0.0,0.039647993943981774
45,2005-03-31,0.006217535022823961,-0.07432145477008613,-0.014985761412016798,-0.026681937728005426,0.06516377649325622,0.07184025414113915,0.3333333333333333,0.3333333333333333,0.32631578947368434,0.3297872340425532,-1.231432678485865,1.3746397694524497,-1.217944061024337,0.6605405405405405,-0.2674094707520891,0.1961766889383816,-0.014709611970580738,0.025183630640083887,0.06374501992031867,0.1346578366445914,0.21705426356589164,0.03482824427480913,0.05836271053662333,0.021883920076118057,0.0,-0.048966960953854666
46,2005-06-30,0.057929213922565566,0.14731398064731405,0.0707875942808891,0.2235781215951187,0.04008538041315447,0.04936912524345849,0.02734976887519269,0.02734976887519269,0.023809523809523725,0.024000000000000014,-12.488612836438925,0.27912621359223305,1.0816666666666666,-3.7936197916666665,1.0197243346007605,0.026997672614429646,-0.04916344916344917,-0.02149437052200609,0.037453183520599335,-0.035019455252918275,-0.012031139419674486,0.033656062701705965,-0.016654330125832728,-0.014897579143389073,-0.01098901098901095,-0.062302612690209536
47,2005-09-30,-0.019546231689847933,-0.07219717900247202,-0.043212104200916916,-0.10984861976847726,0.044975477407909865,0.007182052937378947,0.08098987626546683,0.08098987626546683,0.07751937984496116,0.0703125,-0.4793656514687331,-0.786527514231499,-4.764611689351481,-1.5369377767420185,-0.2710907165548888,0.039734098806466056,-0.02761234434217652,0.009414225941422494,0.04187725631768946,0.002016129032258007,0.03796561604584525,0.035682426404995304,0.06586375611592032,0.0,0.011111111111111072,0.04225352112676073
48,2005-12-31,0.017522857950796444,0.010148107515085105,0.009191998211890873,0.04669681085190658,0.050728979428799725,-0.018908741286755903,-0.20603537981269515,-0.20603537981269515,-0.20863309352517972,-0.2043795620437956,0.07476635514018692,0.508888888888889,-0.5148872820076563,-1.02734375,0.01016949152542379,0.0700377797151992,-0.015311804008908747,0.01865284974093262,0.04851004851004848,0.026156941649899457,0.049689440993788914,0.03445305770887175,0.03248587570621453,0.007561436672967714,0.01098901098901095,-0.03486094790442629
49,2006-03-31,-0.029041491815579582,-0.1418486482293162,-0.07712964757343377,-0.10566557076229066,0.08338085281632135,-0.00551245406288281,0.5190039318479684,0.5190039318479684,0.5181818181818181,0.5137614678899081,-1.2225442834138491,-0.8586156111929308,0.3121437965804472,-60.79365079365079,-0.6019495046340684,0.004345464421509959,0.027424370935821285,0.07833163784333674,0.08261731658955697,-0.04117647058823527,-0.02564102564102566,0.033305578684429626,0.11593707250341988,0.07692307692307687,0.0,-0.04048295454545458
50,2006-06-30,0.01860438491041272,0.14947568251672386,0.00604469776511185,0.07664358382491243,0.04699105210831034,0.05805789365633341,-0.22030486051193554,-0.22030486051193554,-0.22155688622754488,-0.2181818181818181,-12.299565846599133,3.572916666666667,0.4420314066154361,-1.8287762144942925,1.2533119229225211,-0.03488372093023251,-0.049807374793615855,0.007547169811320753,0.04395604395604402,-0.10838445807770948,-0.106612685560054,0.03223207091055613,0.027888446215139414,-0.0060975609756097615,0.021739130434782483,0.06767473828909809
51,2006-09-30,0.009506949908208773,0.03019936298218706,-0.00721601836804675,0.08472624766744752,0.0443792766373412,0.004501532849547907,0.06049428255256361,0.06049428255256361,0.05384615384615389,0.0620155038759691,-0.4842469262295082,-1.5626423690205011,-0.021316033364226158,-0.9737347853939782,0.014608943523962246,0.10409078173157747,-0.053576600057920636,-0.0046816479400748606,0.043274853801169584,0.05733944954128445,0.10196374622356497,0.0335675253708041,0.03458556946929048,-0.009640666082383786,0.0,-0.05031197385361996
52,2006-12-31,-0.032557362751556414,-0.0017939616015878452,-0.02910390605054891,-0.06932396325171107,-0.03484516232550672,-0.018813984933359063,0.02921739130434786,0.02921739130434786,0.03649635036496335,0.02189781021897796,-0.3935932455922523,-2.336032388663968,-0.3293087121212121,-9.231707317073173,-0.1185250219490781,0.027153914477858088,0.02539779681762555,0.06773283160865473,-0.0358744394618834,-0.015184381778741929,0.02741603838245377,0.03247734138972813,-0.002593659942363158,0.04955752212389375,0.021276595744680767,0.07258316821357802
53,2007-03-31,-0.5721779994245708,-0.43954573263995095,-0.5344387557810397,-0.5822550831792976,-0.5979607104264222,-0.30876446964327897,-0.07063197026022305,-0.07063197026022305,-0.07746478873239426,-0.07142857142857129,-1.2063882063882063,0.16969696969696968,-0.3981644899399929,2.84,-0.5639442231075698,0.06040765904879564,0.08892867800656523,0.09515418502202633,-0.5988372093023255,0.09911894273127753,0.0026684456304202357,0.0314557425018287,-0.06009823750361176,0.006745362563237878,0.08333333333333348,0.3416626154594069
54,2007-06-30,0.10952946714788504,0.2619226308248619,0.1065483903119704,0.6079834306157033,0.11571330117160585,0.07137161084529509,-0.19454545454545452,-0.19454545454545452,-0.19083969465648853,-0.1923076923076923,-12.156746031746032,-0.5466321243523315,-0.10967741935483866,-2.5304783950617287,1.8122430333485609,-0.18965517241379315,0.13620169909564273,0.13515687851971034,0.11449275362318835,1.0200400801603204,-0.1363938789088489,0.7812056737588651,0.005533353827236409,0.031825795644891075,0.10576923076923064,-0.21523298789767376
55,2007-09-30,0.04511566824931812,0.12170198961937714,0.03551912568306004,0.12318501170960185,0.06485885477793563,0.02116008293901861,0.18871331828442428,0.18871331828442428,0.17924528301886775,0.18095238095238092,-0.4369553619064557,0.9085714285714286,0.18050065876152832,-0.7093521552810689,0.1872969460688758,-0.027170787809085658,0.212011577424023,0.19631467044649176,0.06371911573472032,-0.12698412698412687,0.018489984591679498,0.01493131594664554,0.018954448180984462,0.05844155844155829,0.1217391304347828,-0.0012928248222366936
56,2007-12-31,0.10599675224249916,0.10329204222297196,0.12085012612717105,-0.02095496246872397,0.07628052671268626,-0.050918935804654564,-0.16900873528294724,-0.16900873528294724,-0.16799999999999993,-0.16935483870967738,-0.35849652558433354,12.053892215568863,-1.7455357142857144,-1.7033824804856894,-0.11095909153098917,0.09058667060735924,0.17154228855721398,0.14218009478672974,0.07579462102689494,0.024999999999999908,0.11875945537065034,0.014711651628089406,-0.027002700270027047,0.01687116564417179,0.12403100775193796,0.12686084142394827
57,2008-03-31,-0.5482162521193477,-0.6227610310179117,-0.453165015391779,-0.4094345650090512,-0.746254176996874,-0.7580777881397773,0.1215722120658136,0.1215722120658136,0.1153846153846152,0.12621359223300965,0.7730182176267848,-1.0903669724770642,-4.235778443113773,-0.9642416769420468,-0.2593105570944906,-0.31205962059620584,0.13742143706471888,0.06846473029045641,-0.7443181818181819,-0.3603104212860311,-0.2569303583502366,1.001739802822347,-0.4384828862164661,0.18024132730015088,-0.08965517241379306,-0.3612045622384508
58,2008-06-30,-0.1932912910589236,-0.5880718008106542,-0.19972562562089025,-0.3796429859358096,-0.16440101954120645,0.14603174603174596,-0.6210268948655256,-0.6210268948655256,-0.6120689655172413,-0.6206896551724137,-1.6612052207720078,-1.032994923857868,-0.5364330326162388,150.65517241379308,-0.9137751921878248,-0.5769155012802836,0.10304659498207892,0.02378640776699026,-0.1511111111111112,0.6551126516464474,-0.5641492265696088,0.002800579430227046,0.036243822075782584,0.11757188498402547,-0.08333333333333337,-0.3360308285163776
59,2008-09-30,-0.008680638818282072,0.08096710711273536,-0.025122657681622036,-0.059293707309984074,0.06202338586680223,0.036406806489909016,-0.06774193548387097,-0.06774193548387097,-0.06666666666666676,-0.045454545454545525,-2.128937421251575,-16.0,0.189121756487026,-1.11368804001819,1.2048192771084336,-0.04283054003724407,0.11142702409964778,-0.019914651493598945,0.0628272251308899,0.12670157068062826,0.10855949895615867,0.0030816640986131016,0.07101218865924741,0.11778158947970276,-0.12396694214876025,0.14915844457341842
60,2008-12-31,0.3166424770198355,1.8806241872561769,0.4787169536745088,0.10335238683763316,-0.3231211105792245,-0.11149293623520427,-0.21683967704728946,-0.21683967704728946,-0.19047619047619035,-0.2142857142857142,-0.6380208333333333,-1.4974358974358974,-3.570289550986152,13.002,7.651366120218578,-0.1425097276264592,0.0,0.00870827285921627,-0.32512315270935954,-0.1933085501858736,0.08851224105461397,0.0029761904761904656,-0.4858980702622464,0.3028132992327364,-0.2264150943396227,1.6107744107744106
61,2009-03-31,0.420393165533713,-0.2705850487540629,0.4697584778775577,0.3447213665639877,-0.016619519094766666,-0.02814782982380748,-0.13254786450662734,-0.13254786450662734,-0.17647058823529405,-0.1515151515151515,1.0996916752312438,100.8659793814433,-0.3828571428571429,-1.579631481216969,-0.512632642748863,-0.08905275099262623,0.08843951760263136,-0.4522781774580336,-0.014598540145985384,0.3502304147465438,0.18166089965397925,0.003063080310137023,-0.30798845043310874,-0.38201806046329,-0.1097560975609756,-0.4575702863038432
62,2009-06-30,-0.07313224337748347,-0.3957172917440277,-0.094607036241386,-0.2735318617242816,0.20208558072635752,0.4855184611983197,0.7147707979626485,0.7147707979626485,0.7499999999999998,0.7499999999999998,-1.9339207048458151,-1.0021252909624532,-1.3775132275132276,-0.18334154756037452,-0.8589942975635044,0.03922789539227911,0.07229994404029094,-0.09982486865148854,0.19259259259259265,0.05460750853242313,0.6617862371888725,0.003053726500620302,0.29763560500695396,-0.05463786531130888,-0.0547945205479452,-0.16821207798383253
63,2009-09-30,0.0014234279494265145,0.02580909463334691,-0.010076420559595678,0.02766231904830163,0.1130720909362848,-0.06236047030808156,-0.12673267326732673,-0.12673267326732673,-0.12244897959183675,-0.1428571428571429,-1.9811320754716983,6.3809523809523805,0.07988787666433073,-1.1466505733252867,0.8933823529411764,0.042540443379268884,0.04101868280972765,-0.10603112840466933,0.11801242236024835,-0.12540453074433644,0.008810572687224738,0.0032347064979545426,0.11146838156484473,-0.043010752688172005,-0.05797101449275355,-0.0017150207231670929
64,2009-12-31,0.02221293199554064,0.15275559105431302,0.0139455252918288,0.11464435146443508,0.09352324643912936,-0.045396825396825435,-0.17800453514739234,-0.17800453514739234,-0.18604651162790692,-0.16666666666666674,-0.2329059829059829,-1.3806451612903226,-0.6521739130434783,0.7304526748971194,0.8165048543689319,0.08505747126436791,-0.07589733306597157,-0.05114254624591941,0.0888888888888888,-0.029602220166512483,0.08471615720524017,0.0032242769084873672,0.06943105110896819,-0.044241573033707904,-0.015384615384615441,0.03407301360057269
65,2010-03-31,0.03604438749079808,0.21912350597609564,0.03466060847941543,0.13113113113113115,0.047677562054558864,-0.04223478550049886,0.12137931034482753,0.12137931034482753,0.11428571428571432,0.11428571428571432,0.4213091922005572,-1.288135593220339,0.1921641791044777,0.6872770511296076,0.7584179583110635,0.05932203389830515,-0.03319952262124326,0.0745412844036697,0.04591836734693877,-0.02764537654909449,0.04589371980676327,0.003308441251536065,0.011722272317403082,0.016164584864070575,0.0625,0.07780700539941843
66,2010-06-30,-0.07247559146293325,-0.3390167661267406,-0.0894012224793781,-0.3859513274336284,0.06052076002814921,0.08923611111111107,0.28167281672816724,0.28167281672816724,0.28205128205128194,0.28205128205128194,-1.857422831945125,-0.7647058823529411,0.07981220657277,-2.7167019027484143,-0.7404255319148936,0.02750000000000008,-0.06239479295253059,0.013874066168623193,0.05853658536585371,-0.01764705882352935,-0.041570438799076286,0.003297531562087785,0.14349376114082002,0.02819956616052055,-0.014705882352941237,0.07642903018625558
67,2010-09-30,0.05291530713576398,0.1835769561478935,0.04027501710710668,0.14375788146279955,0.13912851139128501,0.020401657634682824,0.08541266794625724,0.08061420345489445,0.08000000000000007,0.08000000000000007,-1.8177142857142856,14.5,-0.06231884057971016,-1.3472906403940887,0.9906323185011708,0.07737226277372257,-0.014482345900658332,0.06315789473684208,0.13824884792626735,0.017964071856287456,0.07148594377510054,0.0035684101793596046,0.08183943881527678,0.06610407876230684,0.0,0.034844868735083516
68,2010-12-31,0.007868499056858047,0.08626952415546674,0.007830853563038477,0.07733501338793514,0.008155339805825168,-0.07419556388628556,-0.18744473916887705,-0.1865008880994672,-0.18518518518518529,-0.18518518518518529,-0.2697414395527603,1.838709677419355,-0.0618238021638331,-0.2742316784869976,0.3611764705882352,0.12646793134598022,-0.010201603109060042,0.046534653465346576,0.004048582995951343,-0.009803921568627416,0.0502248875562219,0.003555721905118325,0.0,0.0554089709762533,-0.0149253731343284,0.008302583025830312
69,2011-03-31,0.03160258809689332,0.16836649389734148,0.028624708624708683,0.15263157894736845,0.05026964560862869,-0.04791631516787587,0.019586507072905324,0.022925764192139653,0.02272727272727271,0.02272727272727271,0.9732057416267944,-1.0454545454545454,0.542009884678748,0.8208469055374592,0.4831460674157304,-0.0056134723336006545,-0.02858895705521469,0.027436140018921584,0.04838709677419351,-0.00990099009900991,-0.05353319057815842,0.003543123543123583,0.018011527377521652,0.036249999999999886,-0.015151515151515138,0.013723696248856276
70,2011-06-30,-0.04540742276591336,-0.1904693760732684,-0.02816050277979209,-0.30923389142567226,-0.15037593984962405,0.049087364876838624,-0.5261472785485592,-0.5261472785485592,-0.5333333333333334,-0.5333333333333334,-1.7677012609117362,-13.25,-1.125,-2.223613595706619,-0.39860139860139865,0.08749999999999991,-0.1533409119616016,-0.1574585635359116,-0.1384615384615384,0.03699999999999992,0.05354449472096533,0.003530614141038724,-0.10969568294409072,-0.1357056694813027,-0.015384615384615441,0.17181859205776173
71,2011-09-30,0.010018462206776713,0.16227682517235276,0.018094764332794444,0.28149100257069404,-0.0461903734081589,0.03175675675675671,1.641891891891892,1.641891891891892,1.714285714285714,1.714285714285714,-2.3171193935565384,-0.1428571428571429,-11.17094017094017,-1.715643274853801,0.4743217054263567,-0.06192065257693724,0.05132030434133972,0.012021857923497414,-0.04017857142857152,0.0887174541947926,0.10450966356478153,0.0037959448199240686,-0.05564387917329083,0.025819958129797538,-0.015625,-0.0930008664676999
72,2011-12-31,-0.006424558479610765,0.08456273764258547,0.015299578574482275,0.09514257056884934,-0.16723240552161125,0.003438113948919464,-0.2872975277067349,-0.2872975277067349,-0.2807017543859649,-0.2807017543859649,-0.4968824940047961,1.5357142857142856,-0.13025210084033612,-0.7681307456588355,0.07459743674005925,0.11343873517786562,0.05818078615013489,-0.02051835853131745,-0.16279069767441856,0.16031886625332148,0.09332469215813366,0.003781590112525324,-0.16161616161616166,-0.03129251700680269,0.015873015873015817,-0.009659271839507544
73,2012-03-31,0.0230777555327093,0.1068573832562052,0.02502481426895664,0.14889441318853858,0.0057065217391303324,-0.0786425191711535,0.1638755980861244,0.1638755980861244,0.1707317073170731,0.1707317073170731,0.7511916110581507,0.3474178403755868,0.19613526570048312,2.9030837004405288,0.27094801223241594,0.047213347532836236,0.11827812793348524,0.015435501653803698,0.011111111111111072,0.251145038167939,0.0663900414937757,0.003767343563355619,-0.017068273092369357,0.010533707865168608,0.0,-0.03654876741693447
74,2012-06-30,-0.08642073251355288,-0.3484099835297099,-0.112679362657355,-0.30748206354629315,0.1545528235611997,0.14875154949530733,0.2589928057553956,0.2589928057553956,0.25,0.25,-2.0462710941752857,-0.22299651567944254,-0.2495961227786753,-3.966139954853273,-0.6323387872954764,0.10745762711864404,0.0,0.2464712269272529,0.15384615384615394,0.0951799877974373,0.08727070594774887,0.0037532039545955524,0.2635342185903984,0.1994440583738708,0.046875,-0.05918344643453111
75,2012-09-30,0.014212522071380906,0.15380128329768628,0.029696749231125308,0.04390725209669455,-0.09524923941025044,-0.0377678433790658,-0.4636734693877551,-0.4636734693877551,-0.4666666666666667,-0.4666666666666667,-2.1472424557752343,-0.022421524663677084,0.89989235737352,-1.2503805175038052,0.4306282722513088,0.05601469237832868,0.14078426669864494,-0.10888501742160273,-0.0904761904761906,-0.08467966573816155,-0.1436605316973415,0.004012767897856762,-0.1083265966046888,-0.12746234067207407,0.0149253731343284,0.10535650940049668
76,2012-12-31,0.008305268565557355,0.06420626895854409,0.031730738349873056,0.2997794580970385,-0.1805483704086912,0.0,1.0213089802130897,1.0213089802130897,1.03125,1.03125,-0.19138321995464852,-0.11926605504587152,-0.2855524079320113,0.0851063829787233,0.3266239707227814,-0.06869565217391294,0.0,0.1456500488758552,-0.17277486910994755,0.0237370663420573,0.059701492537313376,0.003996729948224198,-0.18676337262012688,0.12815405046480732,0.014705882352941124,-0.1812152332049636
77,2013-03-31,0.019162727504316468,0.12684085510688825,0.008591439688715896,0.1511331959762452,0.12657828282828287,-0.11438641461070165,0.04292168674698793,0.04292168674698793,0.06153846153846133,0.06153846153846133,0.005608524957936067,-0.02083333333333337,-0.12291831879460745,0.22549019607843146,0.3017241379310345,0.04761904761904745,0.0,0.11262798634812275,0.12658227848101267,0.2663495838287753,-0.07492957746478868,0.0039808196869628425,0.10479375696767004,0.10417892878163616,0.014492753623188468,-0.021165403710478148
78,2013-06-30,-0.04349275120813202,-0.1765036537380551,-0.04814666214005736,-0.2556327647925879,-0.0011207621182404148,0.14055716353111425,-0.08592057761732852,-0.08592057761732852,-0.08695652173913038,-0.08695652173913038,-1.6820970440602343,-0.7287234042553192,-0.9710669077757684,-2.376,-0.3189403973509933,0.06476530005941794,0.0,0.009969325153374342,0.0,-0.05492957746478877,-0.03410475030450688,0.00396503559520589,0.04439959636730584,0.015991471215351938,-0.014285714285714348,0.10638013881473564
79,2013-09-30,0.04384436701509875,0.2882252559726963,0.035472260951330936,0.17920792079207915,0.1166900420757364,0.03933386201427447,0.10268562401263814,0.10268562401263814,0.11111111111111094,0.11111111111111094,-2.9672935404742438,3.8235294117647056,30.625,-2.3621262458471763,0.6378840917930766,-0.015066964285714413,0.0,0.15186028853454814,0.1179775280898876,-0.014903129657228063,-0.028373266078184026,0.004308410376088423,0.06956521739130439,0.14480587618048268,0.014492753623188468,0.09241162987091324
80,2013-12-31,-0.03034770514603613,-0.1270366936018016,-0.03848442148113351,-0.15341249850065974,0.03466465712132627,-0.07218068060430337,-0.6504297994269341,-0.6504297994269341,-0.6571428571428571,-0.6571428571428571,-0.4185369908561929,-0.5243902439024389,1.5217391304347827,-1.6317073170731708,-0.24602232248872,0.03144475920679879,0.0,-0.15359261700725124,0.04020100502512558,-0.07715582450832059,-0.11486048020765738,0.004289927607471711,0.0677506775067751,-0.15032080659945002,-0.014285714285714348,0.031143014908890043
81,2014-03-31,0.015691786912992445,0.058725341426403725,0.01800950954210911,0.07452536129215083,-0.000971109492595268,-0.0925986842105263,1.4077868852459017,1.4077868852459017,1.4583333333333337,1.4583333333333337,0.5189421015010722,-0.3504273504273504,-0.3119122257053292,-1.4295366795366795,0.14015748031496056,-0.008788794287283519,0.0,-0.04205607476635509,0.0,-0.04754098360655745,0.17082111436950154,0.0042716027409450685,-0.016920473773265658,-0.04584681769147792,0.014492753623188468,-0.014672807111491881
82,2014-06-30,-0.05998983223182507,-0.35860685108212703,-0.07690585111487891,-0.3346518987341772,0.06755771567436207,0.1339496102954505,0.07404255319148945,0.07404255319148945,0.0847457627118644,0.0847457627118644,-1.6428235294117646,-0.6578947368421053,-0.3809794988610479,-6.453932584269662,-0.6704419889502762,0.11554447215295086,0.0,0.007317073170731714,0.06763285024154597,0.11589213998852554,0.16718847839699436,0.004253433761630454,0.13597246127366613,0.0005652911249292014,0.0,-0.0360869565217391
83,2014-09-30,0.02403701700618943,0.2652513966480448,0.03122509097210192,0.4599682917162109,-0.022535852492601816,0.03756393861892593,0.10697305863708406,0.10697305863708406,0.109375,0.109375,-2.684480234260615,-2.6153846153846154,0.11407543698252075,-1.4318088174701278,0.8784576697401509,0.07377049180327866,0.0,0.013720742534301776,-0.018099547511312264,0.005655526992287996,0.06866952789699576,0.0045883702461837475,-0.045454545454545525,0.002824858757062065,0.014285714285714237,-0.1332882273342355
84,2014-12-31,0.011531013438178528,0.21476510067114085,0.05625756150020167,0.04153658205511057,-0.29902189101071264,-0.03589585580033894,-0.11524695776664284,-0.11524695776664284,-0.11267605633802813,-0.11267605633802813,-0.3033463711429813,-3.7857142857142856,-0.4715111478117259,0.03053435114503822,0.4819277108433735,0.11334721258385395,0.0,0.1767515923566878,-0.2949308755760368,0.13394683026584864,0.10843373493975884,0.004567413263065534,-0.3071428571428572,0.16507042253521131,0.0,0.16627634660421542
85,2015-03-31,-0.007628716461203776,0.05161384123291657,0.006999681832643878,0.1592597419523003,-0.16013289036544853,-0.0725471396612336,-0.1763754045307443,-0.1763754045307443,-0.17460317460317454,-0.17460317460317454,0.5583281347473488,-0.15384615384615385,2.50625,-0.6731481481481482,0.10629328515507376,0.09308123831290248,0.0,-0.023004059539918686,-0.1568627450980392,0.5504959422903517,-0.07291666666666663,0.004546646847949587,-0.15349369988545258,-0.042553191489361764,0.028169014084507005,-0.0928157072735385
86,2015-06-30,-0.06848474219572076,-0.359463569749758,-0.08183254344391787,-0.2961214165261383,0.09691455696202532,0.1393866299104065,0.4223968565815324,0.4223968565815324,0.4230769230769229,0.4230769230769229,-1.50080064051241,-1.1212121212121209,-0.42602495543672014,-8.226628895184135,-0.6943385955362003,-0.04675917126021667,0.0,0.04916897506925212,0.09302325581395343,0.13056120965396922,-0.02002931118710305,0.004526068413264861,0.1772665764546686,0.023232323232323267,0.027397260273972712,-0.09001475651746194
87,2015-09-30,0.0040791992218143225,0.18951003669328734,0.0007914659325534148,0.04887398179204605,0.03894698882077163,0.013004687736277054,0.05524861878453047,0.05524861878453047,0.05405405405405417,0.05405405405405417,-3.272581934452438,-1.6666666666666663,0.6048136645962734,-1.3073304586436691,0.6981300089047195,0.03489531405782653,0.0,0.04158415841584162,0.042553191489361764,-0.0532407407407407,-0.004985044865403632,0.004938913439043402,0.034482758620689724,0.01727541954590328,0.026666666666666616,0.13405405405405402
88,2015-12-31,0.016750523453857857,0.10433678098348764,0.0186363167486161,0.07781330896908778,-0.0027768136063867077,-0.0568741603224362,-0.18390052356020947,-0.18390052356020947,-0.1923076923076923,-0.1923076923076923,-0.3950052761167781,-14.75,-0.4446057087566522,-0.4107142857142857,0.24226533822758256,0.11194605009633918,0.0,0.017110266159695797,0.0,0.06655800054333039,0.08266533066132252,0.0048284186928782,-0.018888888888888844,0.0,0.012987012987013102,0.02454718779790288
89,2016-03-31,0.046964807130782216,0.2320078869536641,0.05579746835443045,0.21729302062729586,-0.044552732335537804,-0.039886039886039885,-0.0240577385725742,-0.0240577385725742,-0.015873015873015928,-0.015873015873015928,0.5633720930232557,-1.3090909090909093,0.11236933797909401,2.1298701298701297,0.6103841283241873,0.03361635765032056,0.0,0.039252336448598164,-0.04761904761904767,0.033622007131940856,0.03378065710319289,0.00480521709284365,-0.08720271800679502,0.02717127607957304,0.012820512820512777,0.012095836240986202
90,2016-06-30,-0.08040982884654901,-0.38650306748466257,-0.10016625103906897,-0.3602599814298979,0.14389799635701284,0.07500824266402906,0.3582580115036975,0.3582580115036975,0.37096774193548376,0.37096774193548376,-1.6065451840833025,-3.852941176470588,-0.007047768206734585,-3.071922544951592,-0.7853211009174312,0.07912824811399832,0.0,0.04196642685851315,0.15000000000000013,0.13307047806801384,0.04028648164726945,0.004867634500427043,0.2431761786600495,0.041568256967406736,0.0,-0.041025051712250016
91,2016-09-30,0.051398288851998375,0.39195652173913054,0.0641677029667791,0.2509071117561683,-0.062420382165605075,0.058886673823033364,-0.3387779794313369,-0.3387779794313369,-0.3529411764705882,-0.3529411764705882,-2.497240956468424,-2.0103092783505154,-0.16324921135646686,-1.4936582109479306,1.8058608058608057,0.030138263166071155,0.0,-0.0834292289988493,-0.06211180124223601,-0.10417572857764246,-0.009466437177280462,0.0051839891221212575,-0.10778443113772462,-0.08435374149659869,0.0,0.11276213301378067
92,2016-12-31,0.3946681241270421,0.13384351085428706,0.1058395379119228,0.06961566352429305,3.3376358695652177,-0.09456915278783497,8.401646843549862,8.401646843549862,8.6,8.6,-0.8808353808353808,36.479591836734684,0.5956644674835061,0.5354969574036512,0.9882506527415144,-0.028502488312471708,0.0,1.4783427495291903,3.3576158940397347,0.035688273852876984,0.056038227628149466,0.005157253973621989,2.109619686800895,1.7394749876176323,-0.10126582278481022,0.06009045875511521
93,2017-03-31,0.005290429330314428,0.0504132231404959,0.02273482080855049,0.12542372881355934,-0.039937353171495715,-0.027031349968010262,-0.8636629038536395,-0.8636629038536395,-0.8636363636363636,-0.8636363636363636,8.15807560137457,-1.0626191124421454,0.049025398700531575,-0.7098194627917217,0.14423287371416071,0.11611300838248995,0.0,-0.06534954407294835,-0.0349544072948329,-0.7437880918893577,-0.5948169477581242,0.005130793170157189,-0.04496402877697847,0.0122943409871632,-0.07042253521126751,-0.06663957740755799
94,2017-06-30,-0.05303735787763941,-0.3953579858379229,-0.07690263919230089,-0.3274698795180723,0.012887438825448516,0.09534769028439903,0.4197002141327624,0.4197002141327624,0.4305555555555556,0.4305555555555556,-1.2690431519699812,-0.9304347826086956,0.2612612612612613,-5.511380880121397,-0.5686687069625096,0.02628650904033369,0.0,-0.05203252032520322,0.018897637795275646,0.06312900274473933,0.01218274111675144,0.0051046025104601895,0.06967984934086613,0.017681728880157174,-0.0757575757575758,-0.10100130605137136
95,2017-09-30,0.009925444815441551,0.1181956191715463,0.0219066807381112,0.1934790397706916,-0.020293122886133053,0.009905447996398031,-0.06184012066365008,-0.06184012066365008,-0.0582524271844661,-0.0582524271844661,-4.092050209205021,-3.75,-0.13660714285714282,-1.1099899091826435,0.14501108647450112,-0.08524190269684251,0.0,-0.013150371640937686,-0.013910355486862369,-0.1024096385542168,-0.10631895687061188,0.005494962950628457,-0.029929577464788526,0.05949455949455953,-0.06557377049180335,-0.06307506053268752
96,2017-12-31,-0.02169384057971013,-0.15748642358417375,-0.13050009388495964,0.01951365956169316,0.2639322702613842,-0.09332738891365733,1.6613076098606645,1.6613076098606645,1.6804123711340209,1.6804123711340209,-0.6585475868290482,-7.0227272727272725,-0.05842812823164423,-5.064220183486238,-0.5147172734314485,0.012592592592592487,-0.1769157994323557,-0.33169177288528395,0.26802507836990586,0.0268456375838928,-0.04152637485970834,0.0054649333443737005,0.2918330308529944,-0.3379161835348683,0.017543859649122858,-0.17353663263987607
97,2018-03-31,0.016133512337391798,0.11049723756906073,0.02451050964583934,0.10055948174322736,0.0011055472458867401,0.0011473528929684118,-0.6186065243656866,-0.6186065243656866,-0.6153846153846154,-0.6153846153846154,2.7107001321003965,-0.8452830188679246,-0.01537616694124111,-1.733634311512415,0.8268156424581006,-0.042136064374542766,-0.011111111111111184,0.06155179887299522,0.0049443757725589075,-0.2446311858076564,0.44145199063231866,0.005764638063081584,-0.014610845743186275,0.04703527645734296,0.01724137931034475,0.009068167604753041
98,2018-06-30,-0.0164468438916604,-0.14365671641791045,-0.039451958545582255,-0.14541806020066894,0.0261140704170455,0.03225278323510161,-0.009503695881731831,-0.009503695881731831,-0.010000000000000007,-0.010000000000000007,-0.6294054823780705,-0.024390243902439046,-0.014500836586726185,-1.7856410256410258,-0.3346439493228484,-0.09332518710859936,-0.06754487924577035,-0.007349938750510376,0.030750307503075062,-0.09765142150803464,-0.13891145410235586,0.0,0.04305674365554602,0.0035842293906809264,-0.016949152542372947,0.002014254725751563
99,2018-09-30,0.017972531671955002,0.2503025901718712,0.03938994952819841,0.3534752661239824,-0.01911876424411241,0.0843774781919111,0.03571428571428581,0.03571428571428581,0.040404040404040435,0.040404040404040435,1.6090297790585977,0.3999999999999999,-0.043010752688172005,-2.265013054830287,0.6362442547603415,0.004211590296495871,-0.0466759002770083,0.008638420403126235,-0.015513126491646824,-0.026027397260273918,0.01132075471698113,0.0,-0.0363586659376709,0.0028571428571428914,0.0,-0.07623318385650224
100,2018-12-31,0.26585216026209824,-0.16766698935140367,0.4360111193215805,1.4511913023363403,-0.04563056667096943,-0.10574813514699433,-0.3566649511065363,-0.3566649511065363,-0.3495145631067961,-0.3592233009708737,-0.32805596465390274,228.48214285714286,-6.8941454760496725,-2.0928792569659445,-0.4249598715890851,-0.05603086730414353,-0.3417114630248438,-0.3915171288743883,-0.043636363636363695,-0.04078762306610406,-0.06623134328358216,0.01883239171374784,-0.24595744680851064,-0.3482905982905983,-0.06896551724137923,-0.6605289588215602
101,2019-03-31,0.06461411265681738,0.4566178180972321,0.10546434697378104,-0.5225310243948473,-0.047879894501927416,-0.07948969578017663,-0.10399999999999998,-0.10399999999999998,-0.1044776119402986,-0.09090909090909094,0.25424657534246586,-0.8482608357326278,-0.8311427711447777,-2.9093484419263462,1.4110258199581298,-0.11071618979918264,-0.091811962039285,-0.17828418230563006,-0.04562737642585546,-0.0703812316715543,0.3586413586413586,0.006429317688660285,-0.1057185854025583,-0.09398907103825138,-0.09259259259259267,2.051282051282051
102,2019-06-30,-0.02924045717758683,-0.28409453848610666,-0.046925566343042124,-0.21415159600751066,0.02734569216563676,0.17608386638237386,0.7821428571428573,0.7821428571428573,0.7666666666666668,0.7666666666666668,-0.9550021843599824,-0.9866666666666668,-2.007724301841949,-1.8006923837784372,-0.4685962373371925,0.050959232613909,0.04252733900364514,-0.04812398042414357,0.027888446215139414,0.10094637223974767,0.17867647058823533,0.00638824562804441,0.05805637358014315,0.006835544833132312,-0.04081632653061229,-0.08888170652876548
