Unnamed: 0,Quarter end,Assets,Current Assets,Liabilities,Current Liabilities,Shareholders equity,Revenue,Earnings,Earnings available for common stockholders,EPS basic,EPS diluted,Cash from operating activities,Cash from investing activities,Cash from financing activities,Cash change during period,Cash at end of period,Price,ROE,ROA,Book value of equity per share,P/B ratio,P/E ratio,Equity to assets ratio,Net margin,Asset turnover,Current ratio
0,1996-04-26,0.1178023718893706,0.1111083609722292,0.8305295950155762,0.8746936775036758,0.0005636834148965433,0.14019501625135433,-6.661914460285133,-6.661914460285133,-6.333333333333334,0.0,-3.2461858529819696,-0.3148457047539617,-0.9768421052631578,1.2625911774921852,-0.1168567601574867,-0.03902439024390236,16.90909090909091,0.15154639175257725,0.0,-0.09596344249809607,-0.903894675925926,-0.1048095959007802,15.962962962962965,0.04347826086956519,-0.4073114565342545
1,1996-07-26,0.1178023718893706,0.1111083609722292,0.8305295950155762,0.8746936775036758,0.0005636834148965433,0.14019501625135433,-6.661914460285133,-6.661914460285133,-6.333333333333334,0.0,-3.2461858529819696,-0.3148457047539617,-0.9768421052631578,1.2625911774921852,-0.1168567601574867,-0.03902439024390236,16.90909090909091,0.15154639175257725,0.0,-0.09596344249809607,-0.903894675925926,-0.1048095959007802,15.962962962962965,0.04347826086956519,-0.4073114565342545
2,1996-10-25,0.03035253823593087,0.031699004254750474,-0.10815180394826418,-0.10893246187363836,0.07203400681160542,0.14019501625135433,-6.661914460285133,-6.661914460285133,-6.333333333333334,0.0,-3.2461858529819696,-0.3148457047539617,-0.9768421052631578,1.2625911774921852,-0.2993841345711922,-0.09644670050761417,16.90909090909091,0.15154639175257725,0.06666666666666665,-0.09596344249809607,-0.903894675925926,0.040457915962013764,15.962962962962965,0.04347826086956519,0.1578180516857952
3,1997-01-24,0.1339573980322859,0.14451353802306,0.2466367713004485,0.2550611246943766,0.1057471813491304,0.1803971873812238,0.2158273381294964,0.2158273381294964,0.1875,0.0,-2.127508490274776,-1.3067559342665855,93.0,-1.8741172858458703,0.37352400944633946,0.5337078651685392,16.90909090909091,0.15154639175257725,0.125,0.4372367312552654,-0.903894675925926,-0.02488122030507612,15.962962962962965,0.04347826086956519,-0.08808919306766749
4,1997-04-25,0.16146368583317885,0.0681608089497614,0.14128271850604612,0.14556222239538694,0.1671599230952021,0.16643187764137646,-2.6032544378698232,-2.6032544378698232,-2.5789473684210527,0.0,0.20865279299014228,-4.941468253968254,-0.8636363636363636,-0.8977871443624869,0.02779635113191325,-0.06959706959706957,16.90909090909091,0.15154639175257725,0.11111111111111116,-0.1729191090269636,-0.903894675925926,0.0048724195409666216,15.962962962962965,0.04347826086956519,-0.06757051204454656
5,1997-07-25,0.10952843735948137,0.12778170257859411,0.14545332618025753,0.1489694578600096,0.0996131707046215,0.15320910973084878,-1.7789260011072154,-1.7789260011072154,-1.8,0.0,-0.4902582691436339,-1.1653662219984895,7.163120567375888,5.972508591065294,0.18856877323420074,-0.14960629921259838,16.90909090909091,0.15154639175257725,0.1499999999999999,-0.23458540042523024,-0.903894675925926,-0.008931989281612873,15.962962962962965,0.04347826086956519,-0.01843485485797369
6,1997-10-24,0.1321183914657742,0.14886853026387906,0.2094725133188924,0.21242081581907524,0.10987864200232278,0.1490424895272291,0.15730869462212738,0.15730869462212738,0.12500000000000022,0.0,0.5853333333333333,-4.429223744292237,0.4144222415291052,-0.27501232134056186,0.11502072093205107,0.3935185185185184,0.2720812182741115,0.15154639175257725,0.08695652173913038,0.21203703703703705,-0.903894675925926,-0.019698725376593236,0.22707423580786035,0.023809523809523725,-0.052401862236800434
7,1998-01-23,0.1421510889396984,0.16402448167282335,0.2242606128079772,0.22672005469017045,0.11642578747023767,0.14538683888440396,0.1371545547594677,0.1371545547594677,-0.3703703703703704,0.0,1.9105691056910568,-0.2791833111407013,0.2432432432432432,2.664853840924541,0.3780504908835904,0.2392026578073089,0.16600159616919408,0.15154639175257725,0.08000000000000007,0.13980137509549273,-0.10158366953694233,-0.022458628841607545,0.13523131672597866,0.01744186046511631,-0.051112413812355206
8,1998-04-24,0.1701379059327861,0.1586177014778556,0.16523011228847073,0.1666268609187167,0.17182405998695938,0.1449163332120771,0.1348334833483349,0.1348334833483349,0.4705882352941175,0.0,-0.3713157387786553,5.5486453201970445,0.04792490118577075,-1.1842886291968096,-0.05055722355096437,0.06702412868632712,1.0123203285420943,0.9874664279319608,0.18518518518518512,-0.012064343163538882,-0.1631367292225201,0.00147789869676207,0.9780564263322886,0.005714285714285783,-0.006883972699458729
9,1998-07-31,0.08931533835625904,0.005902626871102434,-0.09897865698483256,-0.09932441654155866,0.153642844722657,0.13934230906707978,0.12579314720812176,0.12579314720812176,-0.16000000000000006,0.26666666666666683,-0.02206220315612073,0.5016455101081336,0.7670909948137672,1.9386009058882736,-0.15647862789762834,0.3090452261306533,-0.003061224489795733,0.00540540540540535,0.15625,0.1044776119402986,-0.4903892359442576,0.059028709417762386,-0.006339144215530834,0.011363636363636465,0.11683156585105747
10,1998-10-30,0.19413355754205908,0.2214764426313516,0.4794004669729608,0.4831230821684282,0.11801766496849853,0.14379084967320255,0.1802169930956743,0.1802169930956743,0.19047619047619047,0.1578947368421053,1.159486135046217,-1.0837194740137759,-0.5309498399146211,-3.890734714848433,0.5362498411488117,0.14203454894433776,0.006482429205049378,-0.003136200716845949,0.10810810810810813,-0.012285012285012442,0.03190319031903188,-0.06371928046617681,0.0031897926634767426,-0.0056179775280899005,-0.17640973953636407
11,1999-01-29,0.1467970348327443,0.1822481799860156,-0.06048263924243968,-0.06022988505747129,0.21998130572332464,0.15224380952380945,0.12153772683858645,0.12153772683858645,-0.44,-0.4545454545454546,-0.5414248403946604,-1.9962602842184,2.7212741751990897,-0.3168434148942473,0.2384655154585875,0.7411764705882351,-0.02338983050847443,-0.008089887640449378,0.19512195121951206,0.5715174129353235,0.5583307950045691,0.06372615342984722,-0.004769475357710551,-0.005649717514124353,0.2580271166790118
12,1999-04-30,1.0060875306982997,1.1941692179237404,0.3715996531917201,0.3733963905196782,1.1786061588330634,0.20085696148963186,0.1439216521183735,0.1439216521183735,0.0714285714285714,0.08333333333333348,2.078468596741022,0.13288288288288294,20.92723937633751,12.996877981094439,2.695087332598604,0.2442084942084944,-0.23012842762929545,-0.1889442682374264,1.0612244897959182,0.041155520379897004,0.11982017200938233,0.08598321037903832,-0.017571884984025617,-0.17045454545454553,0.597624350408315
13,1999-07-30,0.10390446575255452,0.10369562322020888,0.15487031586433053,0.15565010884622987,0.09517996510259574,0.13738381569093885,0.2533035548110925,0.2533035548110925,0.2,0.23076923076923084,-0.10992342874762318,9.520212060967527,-0.9491383637276224,-0.9458419559102345,0.03950127438043416,-0.0007757951900697613,-0.12623985572587915,-0.10782122905027924,0.08910891089108919,-0.51539338654504,-0.011782160935590813,-0.007847271023659008,0.017886178861788782,-0.12328767123287665,-0.0449621843353416
14,1999-10-29,0.1359282721390198,0.13552231601569908,0.1749311530369635,0.17540885349773094,0.12888773616656013,0.20752524714608,0.19156519156519147,0.19156519156519147,0.22222222222222232,0.1875,0.4974595842956121,1.7295748031496063,0.12376644736842105,-2.0521679441711482,-0.03998261058580588,0.2562111801242235,-0.085655314757482,-0.06887914840325615,0.1090909090909089,0.1537254901960785,0.09917866289852496,-0.006256640302207517,0.005591054313099031,-0.07812500000000011,-0.03394181403308616
15,2000-01-28,0.13725869437076346,0.13211576512977774,0.13266851070024746,0.1327253125091057,0.13812107851449884,0.21311501699916602,0.2337362911266201,0.2337362911266201,-0.40909090909090906,-0.42105263157894735,-0.6352560148056755,-0.6210421859134128,1.1403829735333575,-2.1512449711862565,0.047946818338254316,1.396786155747837,-0.032731376975169264,-0.024882313382649682,0.12295081967213115,1.161114887831407,1.0772135625903905,0.0008315514373959942,0.01509134233518661,-0.0423728813559322,-0.00053839073273243
16,2000-04-28,0.19905611480494656,0.1912531178200738,0.4586455535133607,0.4589828677265011,0.15051920992614987,0.3220900257783066,0.2362745593211779,0.2362745593211779,-0.3846153846153846,-0.3636363636363635,5.909513742071883,1.3479081663723282,0.1846259046099492,3.4954665659236874,0.20568154319493906,1.1967509025270755,0.08693115519253203,0.06965517241379304,0.11678832116788307,0.9559609940232778,0.8829536224035899,-0.040474777448071264,-0.003129890453833939,0.07964601769911518,-0.1834989921456871
17,2000-07-28,0.23119110215067384,0.18160600375234529,0.3048719236564541,0.3050170585279417,0.21372502329001186,0.15568520990505896,-0.7967071127997712,-0.7967071127997712,-0.75,-0.8571428571428572,-0.02369806009424147,-0.2015302814161587,-0.052142960219346716,0.10792470271860166,0.1890048528030852,0.0007043080173729787,-0.2388620504562533,-0.2514506769825918,0.20261437908496727,-0.1038919266645224,-0.17588331963845527,-0.014225630875803976,-0.27551020408163274,0.03278688524590168,-0.09455605686558276
18,2000-10-27,0.17582205082067934,0.08017675564786053,0.3878962224653242,0.3880512321660181,0.12177446279768556,0.12812825803883898,6.106109324758843,6.106109324758843,4.5,9.0,0.3143148162657683,1.17076498294624,-3.1803603146409536,-1.49147624917038,-0.07812532969202624,0.3229325513196481,0.122002820874471,0.09043927648578798,0.1032608695652173,0.09996410624551323,0.540380876414577,-0.04592797088718792,0.08667388949079102,0.0,-0.2218121988482783
19,2001-01-26,0.2117155943934413,-0.04441922647808072,0.2144379354637811,0.18494617376238587,0.2108572086066045,0.10596026490066236,-0.03645361990950224,-0.03645361990950224,0.0,-0.10000000000000007,-0.6225364539243856,-0.6536579526239394,1.3266222884275205,2.528320086426422,-0.2990115455921735,-0.24463557368327715,-0.005656819610307839,-0.029225908372827788,0.19211822660098526,-0.3152227116984826,-0.41338576306293184,-0.0007891621728264298,0.0059820538384844895,-0.031746031746031744,-0.1935785912770327
20,2001-04-27,-0.002518125498138346,-0.022391331435084986,-0.07130179766907985,-0.10146707300043534,0.019234302206984518,-0.2169419123536367,-0.9859411229491356,-0.9859411229491356,-1.0909090909090908,-0.8888888888888888,0.2320667108878991,-1.369755886800605,-1.0998689488900673,-1.6292934705348454,0.26842954698111804,-0.5788238056109871,-0.32996207332490524,-0.3344182262001627,0.012396694214876105,-0.6466523707410055,-0.6334170091859535,0.021850730551533408,-0.26263627353815666,-0.0983606557377048,0.08801827783812133
21,2001-07-27,-0.0251801685304347,-0.03790457218296284,-0.17451812738347916,-0.2026392653572424,0.01785199291936834,-0.11253492501361573,-2.0709812108559498,-2.0709812108559498,-1.0,-1.0,-0.8493052350920371,-6.309651787800888,-0.3070219372933988,-1.5672580673188872,-0.12004515851447604,-0.4690635451505016,-0.1452830188679245,-0.13936430317848406,0.012244897959183598,-0.4753877275792313,-0.3174053728647753,0.044183949504057685,-0.04435483870967738,-0.10000000000000007,0.20661640676099013
22,2001-10-26,0.025359374118331786,-0.038082979516803284,0.15403187875620586,0.14689780498850613,-0.004710500250974303,-0.02849430712582202,20.85380116959065,20.85380116959065,-inf,-inf,5.061245321537939,-0.17673855633802815,-9.636311072564324,0.8847874035044725,-0.25712637961945284,-0.4278215223097113,-0.6876379690949228,-0.6846590909090909,-0.008064516129032251,-0.4344473007712082,-0.399184213427406,-0.0293609671848013,-0.6469760900140646,-0.11111111111111104,-0.16130780862172256
23,2002-01-25,0.01988847009391992,0.07071409504151194,-0.01017552439952174,-0.03620805134305682,0.02803477996250092,0.018663174383072745,-1.6229595932566232,-1.6229595932566232,-1.6666666666666667,-1.6666666666666667,0.3105142023127876,-0.043759523109412224,-1.4486660194824759,-1.6131454483397532,0.2122243474347434,0.7743119266055045,-1.1837455830388692,-1.1846846846846848,0.02032520325203246,0.7863636363636364,4.069541284403671,0.008007117437722311,0.0,-0.10227272727272718,0.11096370377929696
24,2002-04-26,0.04963194923019842,0.07843800467817319,0.14527146040068262,0.11792222879132044,0.024680144044096464,0.0329217692047854,0.11297250859106532,0.11297250859106532,0.0,0.0,0.19286372105973304,7.8523426143352335,8.55909124822801,-1.125354539430086,-0.021945843098127527,-0.041882109617373264,-1.6923076923076923,-1.7073170731707314,0.015936254980079667,-0.06106870229007644,1.93308077385762e+16,-0.02383053839364524,-0.8486055776892429,-0.03797468354430378,-0.03533482347897965
25,2002-07-26,0.027888557601600358,0.037515755498227055,0.008640594415371794,-0.007250881425125311,0.03350122775709519,0.009512932023291842,1.079634632702946,1.079634632702946,1.5,1.5,-0.5171825624820454,-1.01193686723551,-0.9597644405071788,-9.665891308944808,0.194447607660043,-0.2638963842417701,5.444444444444443,5.275862068965519,0.03529411764705892,-0.2750677506775068,-0.9999999999999998,0.005554120382330163,5.447368421052633,-0.02631578947368418,0.045103951753689975
26,2002-10-25,0.038953996958926096,0.053878337680916655,0.1040781328591287,0.09871633714491336,0.020420722333178487,0.040337865279362665,-0.021775440767089368,-0.021775440767089368,0.0,0.0,0.3992785690379681,-17.144708994708992,-0.8390882638215325,-1.5304897391474095,-0.08635997092203374,-0.4039589442815249,1.3103448275862073,1.2857142857142856,0.018939393939393808,-0.4242990654205607,-0.9006598240469208,-0.017854849068721926,1.3102040816326528,0.0,-0.04081880580696118
27,2003-01-24,0.06510371362507028,0.07449543409434001,0.15330090539939456,0.1527419807589252,0.037946482812248,0.061778771302824165,0.24397647505217224,0.24397647505217224,0.2,0.2,0.020729244179866102,-0.16948236026676722,6.455093429776974,-1.004231830726771,0.0004000052174593094,0.4305043050430504,0.2350746268656716,0.216346153846154,0.02973977695167296,0.4025974025974026,-0.3869372693726938,-0.02550353125817417,0.22791519434628985,-0.013513513513513488,-0.06785510733962374
28,2003-04-25,0.045952441173882086,0.0696903195565286,0.032061410602535645,-0.02220746398066676,0.0507050586937019,0.05751890888717704,0.2619083930659347,0.2619083930659347,0.16666666666666674,0.0,1.4037440116642368,-0.14839002446531446,-0.6028460543337646,586.7391304347826,0.2350047155665851,0.043852106620808184,0.2416918429003021,0.233201581027668,0.04332129963898912,0.013888888888888841,-0.18815456843625847,0.004563145886458342,0.23309352517985604,0.0,0.0939569958218689
29,2003-08-01,0.02894085915948863,0.03248770931654898,0.033458302191575966,-0.01655371751139556,0.02742270526263546,0.07824341383663412,0.09064174354429366,0.09064174354429366,0.1428571428571428,0.3333333333333335,-0.3850286494156385,-0.5901814053703404,-1.5230048859934855,-0.3246412191152538,0.12851165360482253,0.3665568369028005,0.1058394160583942,0.09294871794871784,0.02768166089965396,0.3105022831050228,0.1181791221826809,-0.0014696058784235966,0.07817969661610258,0.013698630136986356,0.04986803291414388
30,2003-10-31,0.06373222548920654,0.10266902703070736,0.0458535276655061,0.037405660920311945,0.06977592408764301,0.057736968780349285,0.7882392051121043,0.7882392051121043,0.7500000000000002,0.625,0.24600183175989865,3.9343659901633785,-5.251459711950175,-1.153869324716578,-0.017522195092288584,0.23568414707655205,0.3113311331133115,0.30791788856305,0.05723905723905731,0.2020905923344949,0.08738894045882506,0.0056194808670058105,0.2900432900432901,0.0135135135135136,0.06290852089556642
31,2004-01-30,0.08550494577721635,0.11301294440430842,0.08544174971141127,0.07367463329117019,0.08552583080234721,0.07888586463436753,-0.1706359862020531,-0.1706359862020531,-0.14285714285714302,-0.15384615384615385,-0.2904174264591549,0.3703771596168828,0.6478666910822193,8.150382630361277,-0.16319431219450264,0.09512195121951206,0.10486577181208068,0.10762331838565008,0.07961783439490455,0.03623188405797095,-0.17036585365853665,0.0,0.09647651006711412,0.013333333333333421,0.036646446658133325
32,2004-04-30,0.19775922517171085,0.007145578211164461,0.1852961198093941,0.185757394126036,0.20187771109394487,0.1334636226945678,-0.09222454672245473,-0.09222454672245473,-0.16666666666666666,-0.09090909090909084,1.6528945376309814,-0.3755643246497007,-5.499111012334704,-0.5624902754006535,-0.08532339063282303,-0.0592427616926503,-0.015945330296127658,-0.014170040485829928,0.16814159292035402,-0.1286713286713287,-0.1830074966926356,0.0034592868547098643,-0.005355776587605221,-0.013157894736842146,-0.15063749832237286
33,2004-07-30,0.02334298921942879,0.03293133903029277,0.03690579908022662,0.00895349816833857,0.018922935230335503,0.0636774254816539,0.2856868501193448,0.2856868501193448,0.30000000000000004,0.30000000000000004,-0.41410978448599534,-0.1084884187976971,-0.6969435010805805,-0.4174705490108913,-0.05433984797780622,-0.0866477272727274,0.035493827160494096,0.03696098562628336,0.017676767676767742,-0.2182985553772071,-0.17362360561353007,-0.0043754972155926036,0.04230769230769238,-0.013333333333333308,0.02376512972853395
34,2004-10-29,0.0578859780946932,0.095729646806612,0.11588326397699222,0.12157613624911813,0.03865136139300174,0.04674670289966265,0.1806794417651829,0.1806794417651829,0.15384615384615374,0.15384615384615374,0.5544134421901235,0.20481475363058865,-0.5209453952730236,-3.235882173382173,0.1284790282619659,0.07309486780715391,-0.037257824143070106,-0.042574257425742716,0.03722084367245637,0.05544147843942504,-0.041149575440888375,-0.018111599414036617,-0.0354243542435424,0.0,-0.02302824509955248
35,2005-01-28,0.10405744059290713,0.17521649691923824,0.15236256089726186,0.1536265592548951,0.08684596903363584,0.1000330511546581,0.0867176345135463,0.0867176345135463,0.13333333333333353,0.06666666666666665,0.22462895778364111,0.6508071050171393,-5.828428036747193,1.4864329840608894,-0.2952118565033573,0.4400966183574879,0.02786377708978316,0.01861427094105484,0.06459330143540676,0.3871595330739299,0.3814713896457767,-0.015597450155974468,0.025248661055853102,-0.013513513513513488,0.018705172359316347
36,2005-04-30,0.057439590402920786,0.08770441621152658,0.15702429636757276,0.15759361418516105,0.019817872559916072,0.09479387263572624,0.05503351239875598,0.05503351239875598,0.0588235294117645,-0.0625,-0.23047608787864504,-0.4558881270953518,-1.5737892641333264,-0.8673713109128346,0.06709377911817094,0.010734652801073441,0.0911144578313252,0.07005076142131972,0.015730337078651457,-0.05049088359046283,-0.08284023668639062,-0.03554698263984578,0.054477611940298536,0.027397260273972712,-0.06035792934462325
37,2005-07-29,0.01012202826632036,-0.008612281702581881,-0.008442872936869517,-0.04690795076404919,0.01807919537766045,-0.007580318174172483,-0.05227315719780568,-0.05227315719780568,-0.11111111111111104,0.06666666666666665,0.2158331291778952,-0.2243130724396336,0.3877494626957323,2.937383564479404,0.1965619865455559,-0.07102555592432791,0.01863354037267096,0.002846299810246755,0.017699115044247815,-0.08567208271787287,-0.149820788530466,0.007857142857143007,0.002123142250530785,0.0,0.04017164548605368
38,2005-10-28,0.1059005792637513,-0.010721255673464491,0.14312875708559947,0.1615246839374893,0.09035976413950553,0.07729430891407962,0.17628077178975388,0.17628077178975388,0.1875,0.125,-0.2625575705238917,-1.2688385573207386,1.8203721321268167,-1.2594958336619089,-0.04262797676878904,-0.10861021793497673,0.010162601626016343,-0.003784295175023655,0.07608695652173925,-0.12439418416801296,-0.1517706576728498,-0.014032600992204158,0.0,-0.013333333333333308,-0.14829271388677326
39,2006-01-27,0.0450784030461,0.06356955085091752,0.13365920645268425,0.13697014951291098,0.00631097741228781,0.11172271882284268,0.08024831018976775,0.08024831018976775,0.10526315789473673,0.11111111111111116,0.3751549158331301,-7.463099753776536,-0.3995905175795039,2.402350081037277,-0.15149314654530854,0.1943887775551103,0.030181086519114563,0.009496676163342821,0.0020202020202020328,0.11070110701106994,0.13941351888667985,-0.03709028177113294,-0.004943502824858781,0.0135135135135136,-0.06457021498565507
40,2006-04-30,0.1772649325800104,0.2368826719259676,0.4622379747721115,0.4007899234360752,0.036763279087216334,0.11345527539378546,-0.22478499338944669,-0.22478499338944669,-0.23809523809523805,-0.2500000000000001,0.22004839659662645,0.9358532140319806,-4.814930950234522,-9.13180302488984,1.4518591362126243,0.1510067114093958,-0.05143229166666663,-0.0950141110065852,0.03830645161290325,0.1495016611295681,0.08418756815703388,-0.11943863839952218,-0.08516678495386809,0.0,-0.11702381900740864
41,2006-07-28,-0.0246233860222358,-0.05060520064331775,-0.02068766485833396,-0.03342372075628863,-0.02736016944526332,0.03901264298615281,-0.07684773982202264,-0.07684773982202264,-0.0625,-0.06666666666666654,-0.042831883113861664,-1.1295608790928238,-1.7107273854331126,-1.0692964182022546,-0.04103361257089344,-0.05976676384839641,-0.0439258750857926,-0.08523908523908519,-0.025242718446602086,-0.09537572254335258,-0.0597465298732649,-0.0027127839945745307,-0.09542280837858796,0.013333333333333421,-0.017773367015517905
42,2006-10-27,0.04387095922272954,0.06227882541693885,0.0365036393702447,0.05387994242578742,0.04902911920770858,0.050274590849976215,0.5901042619352479,0.5901042619352479,0.5333333333333334,0.5714285714285714,0.4513380812328334,-1.3178291391272219,-0.2725152511010669,-5.2800760817879215,0.18314195994384266,0.06387596899224812,0.045944005743000726,0.005681818181818121,0.04581673306772927,0.09105431309904156,0.09563543003851094,0.004930295817749064,-0.012864493996569526,0.013157894736842035,0.007991182143841202
43,2007-01-26,0.05212956537662694,-0.008345618733044069,0.1184129116653998,0.1485197581434976,0.006276012049617029,0.11762803763238995,-0.23486443271100066,-0.23486443271100066,-0.21739130434782614,-0.2272727272727272,0.0480199968179269,12.279514337380526,0.19149908592321752,-1.408868150452419,-0.06328988149150261,0.11949868842902922,-0.05078929306794777,-0.08813559322033904,0.013333333333333421,0.07174231332357263,0.056434290177699735,-0.0436474369818981,-0.10686359687228486,0.012987012987013102,-0.1365955895753599
44,2007-04-27,0.04728752759934829,0.1019851245977228,0.09946984365327127,0.10672198659684584,0.007166044937664262,0.09861122918832056,0.3473855128243677,0.3473855128243677,0.3333333333333333,0.4117647058823528,-0.158045919610718,-1.023489932885906,0.16118254643295926,-0.9656723627800252,-0.0023193857401635487,-0.01822442072376973,0.10412147505422986,0.080545229244114,0.028195488721804333,-0.031420765027322495,0.025138632162661656,-0.03820980010613839,0.0330739299610896,0.0512820512820511,-0.004274406332453795
45,2007-07-27,-0.028168544405624437,-0.06781185137649315,-0.024659515039920143,-0.09727278162464303,-0.03111379920071233,-0.13973911404617867,-0.6168600758759206,-0.6168600758759206,-0.625,-0.625,-0.04672901630865445,37.7871635610766,-0.2322180038970303,-119.65523306948108,0.2758470512943716,-0.10209493503049594,-0.07465618860510803,-0.0928899082568807,-0.009140767824497242,-0.12693935119887154,-0.2071763433104941,-0.0031267242964868602,-0.09039548022598863,0.0,0.0326461391700672
46,2007-10-26,0.0007284644531848627,-0.15328386432726138,0.2099682550210682,0.05372699110380208,-0.1760639498530202,0.14938736425167032,1.4392928910504703,1.4392928910504703,1.6666666666666663,1.5555555555555558,0.13326596946724467,-0.620768434200553,0.563464944005188,-0.9872730911489797,0.0027516466610042483,-0.18783225044300056,0.03821656050955413,-0.02781289506953233,-0.14944649446494462,-0.1809369951534734,-0.1314532635888106,-0.17656826568265693,-0.05797101449275367,0.024390243902439046,-0.1964588144726712
47,2008-01-25,0.0622290974684192,0.08369090098000576,0.07548302742188784,0.08396923589004524,0.04578369554538386,0.1158864324322959,0.21568089018362424,0.21568089018362424,0.25,0.26086956521739113,0.2606468955339261,-1.8893674520733048,-0.6080897836768553,86.74140943506114,0.2407708400257629,-0.057090909090909074,0.17791411042944796,0.10663198959687904,0.04772234273318876,0.10848126232741606,-0.06991358994501162,-0.015460452610351672,0.07472527472527468,0.03571428571428581,-0.00025547678354742587
48,2008-04-25,0.07714451877083972,0.0786509408958389,0.11881487172783145,0.15485731925826585,0.02397182109599738,0.06077807428255344,-0.11788102884417072,-0.11788102884417072,-0.1333333333333333,-0.10344827586206884,0.021904854815444567,-1.1678852910454849,0.5571815276901471,0.06284682579720148,0.20624479139161145,-0.1658310836868493,0.042824074074073966,-0.027027027027026973,0.0662525879917184,-0.20284697508896787,-0.28350225225225234,-0.0493855257168867,-0.04089979550102252,0.011494252873563315,-0.06599373921931895
49,2008-07-25,0.22391935323808365,0.3857247127234595,0.496030833750589,-0.04228407851767413,-0.15546429270868922,-0.0735338812516596,-0.5805833890002227,-0.5805833890002227,-0.5769230769230769,-0.5769230769230769,-0.14696847266119106,-45.026960784313715,-5.894946999699383,3.7833874594054455,0.8178677792027371,0.13176144244105426,0.08823529411764698,-0.07729468599033817,-0.14757281553398072,0.06026785714285698,0.10569744597249507,-0.3100311228154178,-0.04157782515991471,-0.03409090909090917,0.4469220246238033
50,2008-10-24,0.01923207764039425,0.06323656764842522,-0.0021744990362503325,0.031656019162553894,0.07210112555945458,0.04932802011105286,0.30553196007644945,0.30553196007644945,0.3636363636363635,0.3636363636363635,-0.17088670836747333,1.9430239081188256,-1.0432327790498188,-1.6937653737485574,-0.3121285013172619,-0.2111928104575164,-0.10351861295257514,-0.1858638743455497,0.06150341685649208,-0.07368421052631569,-0.2288557213930349,0.05204718945176956,-0.14015572858731928,-0.058823529411764615,0.03058523210740272
51,2009-01-23,0.021927045325030425,0.038066564042259284,0.03489691007140161,0.11866617042900708,-0.007886152563048254,-0.18131020116691954,-2.5329185474360543,-2.5329185474360543,-2.533333333333333,-2.533333333333333,0.13767836482838414,-1.4995867600239796,0.18809832623062195,-2.0109246733889634,0.4587170770322511,-0.3340238218539616,-0.6285551763367463,-0.662379421221865,-0.008583690987124526,-0.3727272727272728,-0.2682027649769585,-0.029353562005277056,-0.6222509702457956,-0.10000000000000007,-0.07201504518141366
52,2009-04-24,0.05454589247245534,0.08753034460337282,0.0404456486509881,0.07443930752704131,0.08835512536721057,0.17860420744885386,-1.9959014219015279,-1.9959014219015279,-2.0,-1.9565217391304344,-0.171207627118644,-2.2404308240762854,-1.4792971694435058,-1.3984708779885735,-0.12530558482613274,0.21928460342146194,-0.13935681470137815,-0.2047619047619048,0.0714285714285714,0.2282608695652175,2.4049118387909316,0.031940197077811934,-0.13013698630136994,-0.08333333333333326,0.012159557115318131
53,2009-07-31,-0.028856609363474336,-0.030556440881427838,-0.11670834565682532,-0.13076861238890625,0.17251943939468672,-0.04738513237756682,-0.3119081549751608,-0.3119081549751608,-0.34782608695652184,-0.31818181818181823,-0.8045246555382295,-1.4895137734449109,0.8045553145336226,-2.3559405177367587,0.19424717549006032,0.2908163265306121,0.07117437722419928,0.14371257485029942,0.16969696969696968,0.206489675516224,0.4973182911041241,0.20744155416529475,0.17322834645669305,-0.03030303030303028,0.11530009278702935
54,2009-10-30,0.046965206442576735,0.07705596202665688,0.028300897360743926,0.05414524135417565,0.07919469836075832,0.08600161582698962,0.8519084855992567,0.8519084855992567,0.8666666666666669,0.8000000000000003,5.991028927132918,-2.70155410590944,-0.15119004688063464,-1.1913862904198322,-0.031129440458017018,0.2608695652173913,0.34883720930232553,0.4293193717277488,0.07253886010362698,0.07823960880195613,0.0869565217391306,0.03081538041996157,0.4630872483221475,-0.015625,0.0217181889832736
55,2010-01-29,0.07262584088761148,0.11886963392357085,0.05219310069046257,0.0927825604919288,0.10624513309759864,0.11167031307862296,0.1275437147903884,0.1275437147903884,0.1428571428571428,0.11111111111111094,-0.27079444059933777,-0.8921040762248407,2.40545229244114,-5.446414747871173,0.1428616049711917,0.2174764890282133,1.0233990147783252,1.1684981684981683,0.08695652173913038,0.13378684807256236,-0.1388636363636363,0.031481481481481666,1.0825688073394495,0.03174603174603185,0.023870746550098458
56,2010-04-30,0.08808816221601122,0.12936199298999518,0.08848891190651287,0.1364656809368141,0.0874610009540262,0.15826817575248353,0.34574527252502785,0.34574527252502785,0.34375,0.3333333333333335,1.434717027596928,19.98406270411496,-0.3534261386673875,-2.0967184241958012,-0.1370697622159036,0.06211779851947208,0.0943396226415094,0.15878378378378355,0.0637037037037036,-0.02200000000000002,-0.5366851411982054,-0.0007694280584765734,0.12114537444933915,0.030769230769230882,-0.006236658155790886
57,2010-07-30,0.023312392214831282,0.012585131471644972,-0.04238250208128358,-0.1285190999476714,0.12622011460185736,-0.02898370146838692,-0.023274716040198703,-0.023274716040198703,-0.06976744186046502,-0.05000000000000005,-0.6263891874122868,-0.4908891697222862,1.2494854643684077,-0.6566656698895792,-0.054545454545454564,0.14393939393939406,0.1123470522803116,0.15889212827988342,0.11142061281337057,0.0756646216768917,-0.03987467957846769,0.10061601642710484,0.1385068762278978,0.02985074626865658,0.16190716873051958
58,2010-10-29,0.08907881669625928,0.11686474250141488,0.061777180642272,0.10153716824786828,0.12544299799992986,0.061170680260151274,0.16078984485190406,0.16078984485190406,0.1499999999999999,0.10526315789473673,1.0569655950366612,-0.15798483736854976,-0.0929235167977126,-2.710752688172043,0.09869727047146393,0.2029139072847681,0.024999999999999908,0.06792452830188678,0.1115288220551376,0.08174904942965801,-0.0020765351527736176,0.0333488805970148,0.06557377049180313,0.0,0.01392010440078284
59,2011-01-28,0.07261875155433972,0.09113055680068594,0.054485907105994436,0.05881711638048515,0.095404377377315,0.05027331456021211,0.04799513973268521,0.04799513973268521,0.021739130434782483,0.0,-0.003290375651220145,-0.11065930874237584,-0.2836879432624113,-0.06788183532369574,0.08373327310710854,0.19709315128826246,0.006341463414634152,0.044758539458185975,0.07666290868094716,0.07732864674868177,0.07728894173602853,0.02143985556307837,0.05587044534412944,-0.014492753623188246,0.030532713621737706
60,2011-04-29,0.0947265373418862,0.13690678193151973,0.09505882352941186,0.7364085667215816,0.06170660898275183,0.19020581973030515,0.12579710144927536,0.12579710144927536,0.14893617021276606,0.16666666666666674,0.2126547455295736,-1.9216198563030704,0.0253025302530252,4.650033715441673,0.4365426695842452,-0.02225901398086827,-0.01890450799806109,0.006764374295377795,0.05235602094240832,-0.09135399673735722,-0.0946467991169978,-0.03026955368979234,0.0076687116564417845,0.0,-0.3452678323619206
61,2011-07-29,-0.006236174518755577,-0.08288820461258095,-0.02900730554361841,-0.0597722960151803,0.025387378692831586,-0.03385675478698735,-0.2816683831101957,-0.2816683831101957,-0.2962962962962963,-0.3061224489795917,-0.4541742286751361,-2.1722182849043232,-2.2982832618025757,-1.2555197517603531,-0.0776484241830776,-0.027281279397930347,-0.07114624505928857,-0.05935050391937291,0.032835820895522394,-0.07719928186714553,-0.07863456263334356,0.031897926634768765,-0.06240487062404865,0.0,-0.02458668927511654
62,2011-10-28,0.0069028392810628345,-0.0013019048924215464,0.04029652578003984,-0.330758072653885,-0.005725639886010048,0.03346591688382938,0.1870967741935483,0.1870967741935483,0.21052631578947367,0.2941176470588234,0.5386533665835411,-0.09794437726723093,1.816528925619835,0.2807099486221392,-0.10781692356086824,-0.21431334622823994,-0.03882978723404251,-0.036904761904762,0.021194605009633882,-0.2392996108949416,-0.19550115779027447,-0.012585559726209006,-0.05032467532467533,0.014705882352941124,0.4922859626249456
63,2012-01-27,0.03733493256194076,0.057924528301886775,0.01680457765203891,0.016585779578758952,0.06271364712069416,0.03881884538818836,-0.2777777777777778,-0.2777777777777778,-0.28260869565217395,-0.2727272727272727,-0.2728254997298758,-0.4808981233243968,-1.1367370892018778,-1.5539752005835157,0.06694579109739984,-0.039881831610044216,-0.11012728278915328,-0.107540173053152,0.05000000000000005,-0.058823529411764726,-0.05098684210526328,0.024373881932021613,-0.12393162393162405,0.014492753623188468,0.04066254095376776
64,2012-04-27,0.08056361657749167,0.10681453378082596,0.08284345515784186,0.6314252607184241,0.06237783001360886,0.08751197700415192,0.5108695652173914,0.5108695652173914,0.4848484848484849,0.5,1.1641901931649328,8.853453841187862,0.5364806866952789,-6.7346938775510194,-0.3598248585236895,0.0641025641025641,-0.056592039800995024,-0.04986149584487543,0.05121293800539073,0.013586956521739024,0.13084922010398636,-0.016808557083606183,-0.05268292682926823,0.014285714285714237,-0.3215447581068317
65,2012-07-27,-0.01324968790323422,-0.012554017432066187,-0.028167925658314164,-0.01701801238706746,0.01912148313769335,-0.15148311306901618,-0.646928610957388,-0.646928610957388,-0.6530612244897959,-0.6458333333333333,-0.6065911431513904,-0.9169887964358252,-2.5656424581005592,-0.976581333945586,-0.01316298877274491,-0.17060240963855422,-0.15425181278839814,-0.14868804664723026,0.029059829059828964,-0.2117962466487936,-0.16551724137931034,0.03285968028419184,-0.12255406797116385,-0.02816901408450712,0.0045372518690383066
66,2012-10-26,0.015724005953646536,0.02179266555898418,0.02413374947816238,0.03289112402092553,0.006056173869323668,0.06686972172227601,0.7178683385579938,0.7178683385579938,0.7647058823529409,0.7647058823529409,0.4677137870855148,-1.7411207576953434,0.3184656556645853,-15.088235294117649,0.18791683012946248,-0.06972690296339333,-0.13717848791893994,-0.13013698630136994,0.020764119601328845,-0.09523809523809512,0.04269972451790638,-0.009458297506448887,-0.11150234741784026,-0.02898550724637672,-0.010778627521428885
67,2013-01-25,0.13732611812976891,0.16854682985612035,0.2114253547372711,0.013235582169740079,0.050611058107310036,0.05768232546067997,0.4425182481751824,0.4425182481751824,0.4666666666666668,0.43333333333333335,0.0853151010701545,-1.9499467518636848,-7.664411366711772,3.401183020180932,0.6962241303390577,-0.02467207995003129,0.046070460704606964,0.02559055118110232,0.04393816110659077,-0.045112781954887216,0.08278291501541157,-0.07638888888888895,0.07133421400264206,-0.044776119402985086,0.15332330202874478
68,2013-04-26,0.03464968387340206,0.045921029744303336,0.04550625711035261,0.05788456227561456,0.02000000000000001,0.05300288325869573,0.09930423782416198,0.09930423782416198,0.11363636363636355,0.09302325581395343,0.24787729389208435,0.19506726457399104,-1.1484263959390864,-0.8455213850897304,0.0634065613135606,0.11719500480307388,-0.03713298791018993,-0.05566218809980805,0.017926734216679785,0.07086614173228356,0.0280601870679138,-0.014097744360902276,-0.016029593094944672,-0.03125,-0.011337052366384714
69,2013-07-26,-0.19786700348679997,-0.2633104464137227,-0.233720057012368,-0.3917140917871874,-0.1482776894541601,-0.11669094086804545,-0.5304948216340621,-0.5304948216340621,-0.5306122448979591,-0.5106382978723404,-0.3726953467954346,-4.057223264540338,13.25923392612859,-8.575742067553737,-0.4517103536663514,0.08512467755803943,0.05650224215246635,0.04471544715447151,-0.09571209800918834,0.06617647058823528,0.09335443037974687,0.06196377502383221,0.023809523809523725,0.016129032258064502,0.21109392064069896
70,2013-10-25,0.019904855897714624,0.035216718266253944,0.015420308406168147,0.0337324578344278,0.02548531607765048,0.022226619179527733,1.0441176470588234,1.0441176470588234,1.1304347826086951,1.0869565217391304,0.268369489153254,-0.2571340902117214,-0.925552837338706,-1.3132473147335,0.25806990204808544,0.10380348652931848,0.12733446519524616,0.12062256809338524,0.023708721422523338,0.2206896551724138,0.05716353111432704,0.005385996409335681,0.10771113831089353,0.015873015873015817,0.00142776629720065
71,2014-01-24,-0.02139735142540277,-0.02968847352024917,0.0015166436872169342,0.006268941752812784,-0.0496311037763324,0.03877669527066252,0.15167865707434047,0.15167865707434047,0.16326530612244894,0.14583333333333348,-0.08468965517241378,-0.8682362660057827,2.0115979381443303,-1.2324778951908562,-0.04768856447688563,0.008614501076812608,0.10316265060240948,0.109375,-0.02233250620347393,-0.01412429378531066,-0.1040383299110198,-0.028794642857142838,0.061878453038674223,0.03125,-0.03571830563163614
72,2014-04-25,0.024287269737573114,0.038831990239830416,0.06844061596554374,0.11172538988365366,-0.03304476620955588,0.024223602484471973,0.02550754815200417,0.02550754815200417,0.035087719298245716,0.05454545454545445,0.11362266425557555,4.031347962382445,-0.1512623020967052,-2.282931354359926,0.06424490175128916,-0.058125741399762676,0.0989761092150172,0.09546165884194058,-0.01015228426395942,-0.03724928366762192,-0.12337662337662335,-0.05607906228453219,0.04890738813735696,0.045454545454545414,-0.06556165129761482
73,2014-07-25,0.027464422075668127,0.042773476735740834,0.037366318773353946,-0.10899576931641064,0.013257625775782378,-0.09690721649484536,-0.551269035532995,-0.551269035532995,-0.5423728813559321,-0.5344827586206896,-0.41677943166441134,-0.17133956386292834,-1.987143937484245,4.355025307302965,0.3232649498035791,-0.09874055415617132,0.02236024844720497,-0.0014285714285714455,0.027350427350427475,-0.08928571428571419,-0.15250544662309373,-0.013878743608473298,0.014880952380952328,-0.014492753623188246,0.17034477015323124
74,2014-10-24,-0.03113255352392208,-0.03838117396007768,0.01428393988324439,0.03752759381898452,-0.0978445017853885,0.03579102874026319,0.8076923076923077,0.8076923076923077,0.8518518518518516,0.8148148148148147,0.7698375870069605,-0.11503759398496236,-2.542900919305413,-1.1706724277612746,-0.04169415490170203,0.1344326439351593,0.032199270959902826,-0.011444921316166036,-0.0765391014975042,0.10457516339869266,0.1100257069408741,-0.06864197530864212,-0.009775171065493636,0.0,-0.07318461593197434
75,2015-01-23,0.006232634159629491,0.01009384968639715,0.0018368846436442878,0.00012043356081892219,0.013492040562794294,0.005705024311183139,0.1063829787234043,0.1063829787234043,0.1399999999999999,0.14285714285714302,-0.2800209753539591,-4.6474086661002545,-0.7075471698113207,1.8916139240506329,-0.12580889439625498,0.007883715200788233,0.003531489111241903,-0.028943560057886893,0.0135135135135136,0.09171597633136086,0.002779064381658092,0.0071580063626723875,-0.014807502467917066,-0.014705882352941237,0.00998080614203456
76,2015-04-24,0.01802982230067029,0.033381136911482034,0.04547121378804553,0.08738409665636415,-0.02676738882554164,-0.00747759943273385,-0.2369909502262444,-0.2369909502262444,-0.2280701754385964,-0.2142857142857143,0.4442825928623453,0.6878639645935243,0.6179966044142615,0.6913816689466483,-0.2434145765247864,-0.08530921535076985,-0.07624633431085047,-0.10432190760059623,-0.005333333333333412,-0.09756097560975607,-0.09053117782909914,-0.04395893656225325,-0.08416833667334678,-0.0149253731343284,-0.049676928924363366
77,2015-07-31,-0.07490533123431052,-0.09661322231080403,-0.04845417647943073,-0.0845330380214101,-0.12129111625318535,-0.1329479768786127,-1.2223869532987397,-1.2223869532987397,-1.2272727272727273,-1.2272727272727273,-0.6747352496217851,-2.0240132486889317,0.6229450856942986,-1.6502749919120026,0.20947176684881602,-0.10048102618920374,-0.16190476190476188,-0.19467554076539104,-0.09115281501340478,-0.09609609609609616,-0.028948704926358593,-0.05038546255506615,-0.1903719912472648,-0.015151515151515138,-0.01319841619005735
78,2015-10-30,-0.007128895021271675,-0.006210165059650219,-0.008601018079691047,-0.010887096774193528,-0.0043333333333333,0.08239700374531833,-4.8,-4.8,-4.9,-4.9,0.12403100775193796,-1.0512129380053907,-0.5043103448275862,-1.3134328358208955,-0.054216867469879526,-0.05585264408793812,-0.07121212121212127,-0.09090909090909094,0.004916420845624492,0.036544850498339,0.19560669456066931,0.002899391127863193,-0.08918918918918918,0.0,0.004742025696105268
79,2016-01-29,0.017371163867979208,-0.0027955928301266475,0.004957507082153034,0.009376273950264968,0.04084365584198202,-0.04083044982698958,0.3421052631578947,0.3421052631578947,0.3333333333333333,0.3333333333333333,1.4482758620689653,-2.2894736842105265,-0.5826086956521739,-3.3571428571428568,0.13512283894449495,-0.12838263058527374,-0.030179445350734024,-0.04772727272727273,0.051859099804305135,-0.1314102564102565,-0.06080489938757661,0.02312807169702236,-0.03264094955489627,-0.015384615384615441,-0.012061315046389742
80,2016-04-29,0.14251565167899827,0.0633245382585752,0.26074700493305136,0.4789983844911148,-0.07333547764554517,-0.004329004329004293,-1.0522875816993464,-1.0522875816993464,-1.0576923076923077,-1.0576923076923077,-0.028169014084507005,-14.63265306122449,-8.09375,0.25589225589225584,0.14949899799599198,-0.12635379061371846,-0.35660218671152233,-0.39618138424821003,-0.04279069767441868,-0.1697416974169742,-0.0982766651141127,-0.18903645097485167,-0.366564417177914,-0.046875,-0.28104201543424123
81,2016-07-29,-0.12453920494171565,-0.1899813895781638,-0.16224147568474012,-0.3107591480065538,-0.030892051371051662,-0.06231884057971016,-9.0,-9.0,-8.666666666666668,-8.666666666666668,-0.33913043478260874,-1.4131736526946108,-2.5726872246696035,-2.5388739946380694,-0.20013947001394705,0.021900826446281,0.4352941176470588,0.40711462450592895,-0.026239067055393583,0.06666666666666665,0.6379132231404959,0.1069686411149826,0.4213075060532687,0.0,0.17520445252158126
82,2016-10-28,-0.0028451120974166693,-0.0005743825387708457,-0.0036697247706422025,0.0015847860538826806,-0.0010744985673352137,0.035548686244204035,0.703125,0.703125,0.6956521739130435,0.6521739130434783,-0.3070175438596491,-1.6485507246376812,-0.8562091503267975,-0.6846689895470384,-0.07890148212728854,0.2519207440355844,0.0009107468123861207,-0.01685393258426959,0.010978043912175828,0.2875000000000001,-0.1204667297382529,0.001888574126534648,0.003407155025553665,-0.03278688524590168,-0.0021263229111293525
83,2017-01-27,0.03343985391463145,0.08160919540229883,0.06495898208605387,0.5205696202531647,-0.03406238795267125,0.0477611940298508,0.33944954128440363,0.33944954128440363,0.35897435897435903,0.368421052631579,0.4873417721518986,0.2849162011173185,-1.62987012987013,-1.5524861878453038,0.04732607666824418,0.12015503875968993,0.014558689717925509,-0.02857142857142858,-0.018756169792695117,0.10679611650485432,0.13051272857655086,-0.06534715677034253,-0.025466893039049254,0.0,-0.28868226064216185
84,2017-04-28,0.04837106570955263,0.0977683315621678,0.055337211130325414,0.07232049947970864,0.03192279138827025,0.0548433048433048,0.3013698630136987,0.3013698630136987,0.3396226415094339,0.3076923076923077,0.553191489361702,-0.6217391304347826,-1.5257731958762886,1.31,0.10438319023949384,0.1623414071510958,0.652017937219731,0.6588235294117646,0.029175050301810886,0.1871345029239766,0.1623850301300347,-0.015798319327731014,0.6062717770034844,0.033898305084745894,0.023692810457516256
85,2017-07-28,0.011166122405983359,0.016134236850597006,0.017577834053329466,0.04002911208151372,-0.004316546762589968,-0.10533423362592842,-0.2842105263157895,-0.2842105263157895,-0.2957746478873239,-0.2794117647058825,-0.31506849315068497,-1.6551724137931034,-4.549019607843137,1.1948051948051948,0.20744680851063824,0.02555197221533123,0.14386536373507064,0.1170212765957448,0.002932551319648091,-0.0049261083743841185,-0.3768076398362892,-0.015027322404371657,0.13557483731019526,-0.016393442622950838,-0.02294493216280924
86,2017-10-27,0.07386186061048018,0.1146395681168626,0.10247401551749367,-0.01702822486587352,0.0032514450867051625,0.07320754716981126,0.28676470588235303,0.28676470588235303,0.30000000000000004,0.30612244897959195,0.256,-3.526315789473684,1.320441988950276,0.15187376725838275,0.1978990172822772,0.0,0.11485524442335082,0.06825396825396822,0.014619883040935644,-0.002475247524752477,-0.12565674255691772,-0.06588072122052713,0.09742120343839544,-0.01666666666666672,0.13395956708188672
87,2018-01-26,-0.05054326736515325,-0.03618233618233613,0.010622759261718295,-0.1580446131941149,-0.21642059776737488,0.07102672292545709,-3.891428571428572,-3.891428571428572,-3.907692307692308,-3.953125,0.33757961783439483,-0.625,-3.2642857142857142,-1.9606164383561644,-0.15869872701555865,0.2977745524915334,-1.0080885483184334,-1.0074294205052006,-0.2199807877041308,0.2779156327543424,0.15322984476715096,-0.17483296213808452,0.0,0.0,0.14472657422414306
88,2018-04-27,0.007969755798508116,0.01330180313331364,0.024569701747470862,0.021138669673055333,-0.050091911764705836,0.07747866053841101,-1.5355731225296445,-1.5355731225296445,-1.5449735449735449,-1.507936507936508,0.17619047619047626,-3.2222222222222223,-0.33123028391167203,-0.9411764705882352,-0.011096166778749141,0.1347623485554521,-17.368421052631582,-16.4,-0.03448275862068961,0.4563106796116503,0.0,-0.05757984705353125,-0.8877284595300261,0.016949152542372836,-0.00765600419507062
89,2018-07-27,-0.0973137354282818,-0.1462952158693116,-0.10451397794306228,-0.2161192382003864,-0.0701499758103532,-0.10176721511273612,0.04428044280442811,0.04428044280442811,0.04854368932038833,0.09375,-0.340080971659919,0.55,0.2767295597484276,8.515151515151516,-0.10472628357701463,0.2068002628120893,2.2090032154340835,1.987012987012987,-0.05484693877551017,0.2493333333333332,14.950933564915328,0.030071599045345964,1.8527131782945727,0.03333333333333344,0.08904037201437331
90,2018-10-26,-0.03975294778214489,-0.06526567572185205,0.005441787197479675,0.16549295774647876,-0.2039542143600416,0.02917232021709637,-0.14840989399293292,-0.14840989399293292,-0.13888888888888895,-0.1333333333333333,-0.4938650306748466,0.04838709677419351,-0.24014778325123154,-0.14649681528662414,-0.10178503608051648,0.07758268681094327,0.5050100200400802,0.3565217391304347,-0.18083670715249656,0.1398078975453576,-0.7164284742071594,-0.17099165894346613,0.2771739130434783,0.06451612903225823,-0.1979717599107187
91,2019-01-25,-0.015553736405098828,-0.02010601352586361,0.023785785500640918,0.03625377643504524,-0.19607843137254896,0.030323005932761937,0.03319502074688807,0.03319502074688807,0.07526881720430101,0.07692307692307687,1.7333333333333334,-0.28205128205128205,0.11507293354943272,-0.667910447761194,-0.03763213530655396,-0.12567891878236714,3.119840213049268,2.743589743589744,-0.1795716639209225,0.06741573033707883,-0.3549006431794183,-0.18334264952487425,2.5851063829787235,0.045454545454545414,-0.05438925524835125
92,2019-04-26,0.0383701591827037,0.046446558477895916,0.06441291040623254,0.12740524781341112,-0.11382113821138208,0.01855406269993609,0.5903614457831325,0.5903614457831325,0.6100000000000001,0.6224489795918369,-0.11529933481153,0.3071428571428572,-0.25290697674418605,-1.6179775280898876,0.02416520210896312,0.006501011268419621,0.30914673561732386,0.1566780821917808,-0.08835341365461857,0.2271929824561403,-0.7342261904761904,-0.1464750171115674,0.12878338278931745,0.028985507246376937,-0.07184900831733854
