Unnamed: 0,Quarter end,Assets,Current Assets,Liabilities,Current Liabilities,Shareholders equity,Revenue,Earnings,Earnings available for common stockholders,EPS basic,EPS diluted,Cash from operating activities,Cash from investing activities,Cash from financing activities,Cash change during period,Cash at end of period,Price,ROE,ROA,Book value of equity per share,P/B ratio,P/E ratio,Cumulative dividends per share,Equity to assets ratio,Net margin,Asset turnover,Current ratio
0,1994-12-31,0.009191102594728221,0.01540203406231644,-0.001953116401922305,-0.0044373641623215426,0.02268853647742964,0.11633927977879145,0.5215379927421813,0.5215379927421813,0.5217391304347825,-0.4065934065934066,-1.201234850217242,-0.33959378920953576,-3.601803607214429,-1.6080443258772832,-0.3272226698898738,0.0755597014925371,-0.043835616438356206,-0.0036900369003689533,0.02244039270687237,0.003095975232198178,0.06983962752198658,inf,0.013265531726730062,-0.035955056179775235,-0.02105263157894733,0.019906023067065348
1,1995-03-31,0.009191102594728221,0.01540203406231644,-0.001953116401922305,-0.0044373641623215426,0.02268853647742964,0.11633927977879145,0.5215379927421813,0.5215379927421813,0.5217391304347825,-0.4065934065934066,-1.201234850217242,-0.33959378920953576,-3.601803607214429,-1.6080443258772832,-0.3272226698898738,0.0755597014925371,-0.043835616438356206,-0.0036900369003689533,0.02244039270687237,0.003095975232198178,0.06983962752198658,inf,0.013265531726730062,-0.035955056179775235,-0.02105263157894733,0.019906023067065348
2,1995-06-30,0.02758461674470536,0.10881568568530976,0.02394860500129381,-0.20521558654529848,0.031882299988356566,0.11633927977879145,0.5215379927421813,0.5215379927421813,0.5217391304347825,-0.4065934065934066,-1.201234850217242,-0.33959378920953576,-3.601803607214429,-1.6080443258772832,0.2957380976145323,0.02471812662619266,-0.043835616438356206,-0.0036900369003689533,0.030178326474622708,0.003095975232198178,0.06983962752198658,1.1999999999999995,0.004145756054985794,-0.035955056179775235,-0.02105263157894733,0.3951248115262189
3,1995-09-30,-0.02456775363652741,-0.057304490902051926,-0.08160948835673232,-0.0942735325171472,0.042335901646246565,0.04826734864347658,0.1851946254961221,0.1851946254961221,0.17142857142857149,-0.4065934065934066,-19.528733766233767,0.14029567179243596,-4.47658476469229,0.5720553493081337,0.35880449853643515,0.05543800253914522,-0.043835616438356206,-0.0036900369003689533,0.039946737683089095,0.024691358024691246,0.06983962752198658,0.5454545454545456,0.06866579747935675,-0.035955056179775235,-0.02105263157894733,0.0408285800060042
4,1995-12-31,0.16456841820883428,0.16312334893577266,0.2751349678000365,0.210681621197371,0.05030674747500852,0.027424265454361274,0.01920181879627636,0.01920181879627636,0.024390243902439046,-0.4065934065934066,0.21042256235926995,7.864209101322503,-1.8111284658757325,7.830184628595964,2.331689342403628,0.02085004009623104,-0.043835616438356206,-0.0036900369003689533,0.04865556978233032,-0.01807228915662651,0.06983962752198658,0.3529411764705881,-0.0982106547376983,-0.035955056179775235,-0.02105263157894733,-0.03928468416498421
5,1996-03-31,0.0065173738640480474,0.0003919235501919083,0.0068313975765490476,-0.048715268743228735,0.006123389254801825,-0.07625118988378365,-0.4997588472900464,-0.4997588472900464,-0.5,-0.4065934065934066,-0.5897042430910433,-0.6831467405988979,-1.2093058192098112,-1.3059735965573411,-0.21413622364771745,0.07030636292223091,-0.043835616438356206,-0.0036900369003689533,0.0061050061050060824,0.021472392638036908,0.06983962752198658,0.3043478260869563,-0.00022547914317927467,-0.035955056179775235,-0.02105263157894733,0.05157920019214601
6,1996-06-30,0.02945552826685405,0.06755385514039314,0.02476057792543096,-0.005756273952280844,0.03535011444446656,0.18929009944075686,1.0395601084664057,1.0395601084664057,1.0476190476190474,-0.4065934065934066,-0.457977559805236,-0.6230465491351982,-0.2766540519378833,-0.9446960667461264,-0.015069501580565525,0.05504587155963292,0.024068767908309585,-0.0036900369003689533,0.03519417475728148,0.04804804804804808,0.06983962752198658,0.2333333333333334,0.005638249887234936,0.012820512820512777,0.010752688172043001,0.07377376805801394
7,1996-09-30,-0.003392213350893125,-0.027023385828984448,-0.0412596437688062,-0.013063514637198015,0.04366468827392489,0.036364477235135466,0.10250690617936864,0.10250690617936864,0.09302325581395343,-0.4065934065934066,2.5200169248795734,0.8158257106324383,4.819321666967347,-10.645114942528737,0.14757089470213236,0.05217391304347818,0.0072747621712367936,-0.0036900369003689533,0.04337631887456039,0.017191977077363862,-0.004835589941972972,0.18918918918918928,0.047320026911863655,0.0,-0.010638297872340273,-0.014145174155809626
8,1996-12-31,-0.007232700143081414,-0.05867312049188611,-0.062162460319526214,0.003185876942944033,0.05547273906863648,-0.005659520515761907,0.08484296280415915,0.08484296280415915,0.08510638297872353,-0.4065934065934066,0.588262489713266,-0.02510630230479649,1.8461860400229413,-8.126917920452852,-0.9164798957914296,0.016528925619834656,0.02388888888888885,0.05432098765432092,0.05505617977528088,-0.025352112676056304,-0.02332361516034976,0.15909090909090914,0.06295503211991438,0.02761795166858461,0.032258064516129004,-0.061707751227142775
9,1997-03-31,0.03153454147579371,-0.0210962049031056,0.05017730473019677,-0.09476415708941577,0.012624678249678169,-0.16924193825156084,-0.5335828269354281,-0.5335828269354281,-0.5294117647058824,-0.4065934065934066,-0.7540592307110129,2.442910323369264,-1.4873377047751832,-1.0279664736743097,0.3068807339449542,0.11804878048780496,-0.017905588714053122,0.004683840749414525,0.011714589989350266,0.057803468208092575,0.055721393034825706,0.1568627450980391,-0.01833199033037869,0.013437849944008871,-0.01041666666666663,0.08140270192584076
10,1997-06-30,0.2662037791263161,0.30547588954742033,0.4624693938808528,0.6363112961655917,0.04976123240354968,0.2726328065665249,1.061118025580595,1.061118025580595,1.0416666666666663,-0.4065934065934066,-1.1047934666824475,2.860010812468228,4.607567917928545,11.713751868460387,2.9854334854334854,0.11896451425247224,-0.0016574585635358294,-0.03146853146853157,0.049473684210526336,0.10655737704918034,0.09896324222431674,0.13559322033898313,-0.17094192489226356,0.01546961325966856,-0.05263157894736836,-0.2021689437031524
11,1997-09-30,0.013180891719745123,-0.005736891090870833,0.00022331484424120698,-0.25858597205942513,0.03654577017833383,0.11099278118063036,0.08198216717629836,0.08198216717629836,0.08163265306122458,-0.4065934065934066,-40.16037948949627,-0.6626266004703423,-1.026051153688255,-1.1128681441420258,-0.08454797657316482,0.04964907720301537,-0.0027670171555063128,-0.03489771359807459,0.036108324974924784,0.0,0.012435677530017177,0.11940298507462675,0.023267326732673288,-0.007616974972796453,-0.022222222222222254,0.3410181236673775
12,1997-12-31,-0.008278902164715496,-0.018717675184342863,-0.04449210872273501,-0.05082199437090018,0.042882875867728654,0.02719407369449001,0.07569910348512733,0.07569910348512733,0.07547169811320731,-0.4065934065934066,0.014570583111736648,-0.7611143124461711,8.873699510403918,-8.976041666666667,0.736639569002838,-0.0302129767211492,-0.0011098779134295356,-0.0311720698254363,0.042594385285575916,-0.06419753086419744,-0.06310885218127904,0.10666666666666667,0.051523947750362835,-0.015350877192982447,-0.011363636363636357,0.03383682798370291
13,1998-03-31,-0.057489048666619975,-0.03443783384722288,-0.12165907455813753,0.06442980309476297,0.02555920979715265,-0.18247339895980802,0.6542995915663979,0.6542995915663979,0.6491228070175439,-0.4065934065934066,-0.6599559949741031,-6.5709913368262685,1.3019237772044412,-2.5381350398328326,-0.6524388554967729,0.1626659856996937,0.3344444444444445,0.3320463320463318,0.0241411327762302,0.11609498680738795,0.12477396021699814,0.10843373493975904,0.08810674028065324,0.3374164810690423,-0.011494252873563204,-0.09290142740423912
14,1998-06-30,0.1437171483253279,0.2463097058558963,0.240446533237038,0.2861809713528993,0.036522174380442696,0.2348013435572149,-0.4076856862601176,-0.4076856862601176,-0.4148936170212765,-0.4065934065934066,-2.0621467981942816,-1.2645541567342071,-1.5901341940782276,-3.3718955635746126,4.452821166719796,0.03909510213046352,-0.007910074937552025,0.005797101449275478,0.016319129646418906,0.014184397163120366,-0.23954983922829576,0.09782608695652173,-0.09365750528541217,-0.00915903413821817,0.011627906976744208,-0.030995019603687564
15,1998-09-30,0.08289779937642527,0.06299849575400862,0.12287658292968966,0.16785266031814472,0.0346871021554942,0.037176638886781584,0.11716197643241788,0.11716197643241788,0.1090909090909089,0.11111111111111094,-2.8880790844837625,1.4675301819717714,-1.0324012022836546,-1.4649901557186324,-0.3796878197071117,0.03170577045022194,0.0012589173310952886,-0.0028818443804033977,0.033898305084745665,0.013986013986013957,0.011627906976744208,0.08910891089108919,-0.04455330067646378,0.016806722689075567,-0.011494252873563204,-0.08978074252282786
16,1998-12-31,-0.059909403660258986,-0.09974991088453466,-0.11126648816296723,-0.22626415805213465,0.014041667837866312,0.14207645705377248,-0.4114817578605571,-0.4114817578605571,-0.4262295081967213,-0.4333333333333333,0.5536500366837858,0.0873760787390343,2.08590036965323,-1.5800839139304823,0.3550644393657376,-0.11636959639418155,-0.09974853310980723,-0.09633911368015424,0.01380500431406384,-0.1448275862068964,-0.1400208986415883,0.08181818181818179,0.07861328125,-0.1198347107438017,0.023255813953488413,0.16351294527542493
17,1999-03-31,0.4407280000147877,0.5426959759910752,0.464051646178461,0.33193500321380576,0.4113086406064412,0.3871771975634168,-2.3536265656859894,-2.3536265656859894,-1.8000000000000005,-1.823529411764706,-1.5160101099537968,-0.6061156623661133,-9.119958929895613,-2.1078964830789646,0.2146471232590892,0.0013911430558775086,-0.6256983240223464,-0.6321961620469083,-0.1846808510638298,-0.010752688172043001,0.09781287970838393,0.0840336134453783,-0.020371208691715714,-0.6497652582159624,0.045454545454545414,0.15824255253239694
18,1999-06-30,0.01169285928731445,0.031389931738876165,0.02508290308576244,0.14060172228792656,-0.005902316604605939,0.05350308305077256,-1.3804351953822198,-1.3804351953822198,-1.3928571428571428,-1.3928571428571428,-2.2505849686456814,-0.1163824685272764,-1.617080315558022,0.2495208433157643,-0.2986343725843855,0.06645056726094012,-0.4116915422885572,-0.4144927536231885,-0.0062630480167015215,0.3070652173913042,1.1239623685666853,0.07751937984496116,-0.01756007393715342,-0.4369973190348525,0.04347826086956519,-0.09574752607649097
19,1999-09-30,-0.001470930224263367,0.003108319544255389,-0.005869317263181517,0.1335305081404723,0.004271380668442459,0.007616536260246942,1.420210288148,1.420210288148,1.3636363636363638,1.3636363636363638,1.19698973015675,-0.4764902097506737,1.8738189021197151,-0.28031828204390763,-0.3064331782186301,-0.1871471993052541,-0.3044397463002114,-0.29702970297029696,0.0031512605042018915,-0.18295218295218285,0.2668056279312141,0.07194244604316546,0.005879586077140121,-0.3285714285714286,0.04166666666666674,-0.1150547175391896
20,1999-12-31,0.06748940382989366,0.0784051897606659,0.11718989589441953,0.15218404032792246,0.0011295626554632676,0.050082635385341856,-0.015012992012318316,-0.015012992012318316,-0.15384615384615385,-0.15384615384615385,0.0055147824177987905,13.041470175312286,-1.7696619421490878,-5.5412281870254425,2.0064151609675718,-0.16185897435897434,0.07598784194528885,0.04929577464788727,0.0010471204188482464,-0.1628498727735369,0.5010283833813247,0.06711409395973167,-0.06219312602291328,0.05673758865248235,0.0,-0.06405971479500894
21,2000-03-31,-0.006855948345708796,-0.01577904372685146,0.08660454153400976,-0.04426759466783814,-0.14615317874709954,-0.08238806641314911,0.06385651476027633,0.06385651476027633,0.2727272727272729,0.2727272727272729,-1.0973740476405578,-0.6830112444815899,-0.7117373066728429,-2.380657651579596,-0.9214204612192162,-0.15933715742511154,1.7288135593220342,1.5838926174496644,-0.09623430962343094,-0.16109422492401226,0.1660728966840228,0.0660377358490567,-0.14036399900274255,1.6107382550335567,-0.010000000000000007,0.029817878823949595
22,2000-06-30,0.021169100633304568,0.05627603319337672,0.023070184021925615,-0.01727318948317169,0.017558395539401417,0.10360229655593978,0.6795460509052742,0.6795460509052742,0.7142857142857142,0.7142857142857142,-5.9923844131745785,-0.22949758985474425,-1.4317418940151407,-1.0835918245942042,0.9801943198804186,-0.02653525398028811,0.4378881987577639,0.36623376623376624,0.017361111111110942,0.07608695652173925,-0.6531139835487662,0.06194690265486735,-0.0034802784222737197,0.3650385604113111,0.0,0.07484251285904175
23,2000-09-30,-0.0045205155032990154,0.0025412349172351245,-0.014669424534866747,-0.0591942253360116,0.01483998388572516,-0.014474895049123138,-0.03918290825293913,-0.03918290825293913,-0.04166666666666663,-0.04166666666666663,0.4059066306342583,-0.1930658773145233,3.0127372730656297,-0.2957173719659423,0.3486192363338996,-0.017912772585669808,0.18142548596112307,0.12357414448669204,0.014789533560864763,-0.03367003367003374,-0.3109756097560975,0.05833333333333335,0.01949941792782295,0.13182674199623354,-0.010101010101010057,0.06559845144639209
24,2000-12-31,0.06972012194690813,0.01484649697506479,0.09119047905238677,0.07680621354261774,0.0296896012595258,0.17720918623546833,-0.2329937641769445,-0.2329937641769445,-0.2391304347826088,-0.2391304347826088,0.865187290362023,6.980552845528456,-3.836827026135708,-0.8040418621436305,0.05065534773077096,-0.17565424266455198,0.08470444850700788,0.035532994923857864,-0.02690582959641264,-0.18815331010452965,-0.2900688298918388,0.055118110236220375,-0.03739651727091065,0.011647254575707144,0.030612244897959107,-0.05752346351801396
25,2001-03-31,-0.012903918780747259,-0.008219489258633805,0.002353994557920513,-0.0029255377456915976,-0.04258280409418935,-0.1888104985427923,-0.5927433459471492,-0.5927433459471492,-0.5999999999999999,-0.5999999999999999,-0.6336501805704431,-0.8851859398048916,-1.1990605348339587,-3.441988950276244,-0.11773584905660373,0.2650312650312652,-0.09382022471910112,-0.10457516339869276,0.012672811059907696,0.3004291845493561,0.15997229916897515,0.052238805970149516,-0.02995255041518385,-0.09703947368421062,-0.00990099009900991,-0.005300353356890386
26,2001-06-30,0.004543869877160267,0.021990411588799,0.004355216825684849,0.07655878040909547,0.0051148047813252,0.0707235698463311,0.8741573618593999,0.8741573618593999,0.9285714285714286,0.9285714285714286,0.8997694738199641,-0.25420576669174744,2.4138774318356018,0.5395927601809956,-0.2054546369445982,-0.023954372623574145,-0.14693118412895226,-0.1587591240875912,0.005688282138794243,-0.0363036303630363,0.07164179104477597,0.049645390070921946,0.00030571690614489283,-0.14754098360655732,-0.010000000000000007,-0.05070240594219277
27,2001-09-30,0.0035906281203605954,-0.0008950898802391193,-0.007229351949305184,0.4933671578347914,0.02581097471441152,0.0250282230686405,0.15919285625008686,0.15919285625008686,0.14814814814814814,0.14814814814814814,-0.07896288816384023,0.07827460834142341,-0.10721693574254254,0.6000489835904972,-0.4137428752374921,-0.09232567199065056,-0.12427325581395356,-0.13232104121475052,0.024886877828054432,-0.09589041095890403,0.06406685236768818,0.04729729729729737,0.022310513447432845,-0.13034188034188032,-0.010101010101010057,-0.33095197595963033
28,2001-12-31,0.00547661434336888,-0.028205591482891805,0.004856189051988703,0.019262942157270986,0.006699536898752356,0.021661732146635027,-0.15254582484725054,-0.15254582484725054,-0.129032258064516,-0.129032258064516,0.3293548060180025,1.1880660252449466,6.58666858279755e-05,-0.6242155212000613,-0.2652047099492276,0.09442060085836901,-0.08049792531120338,-0.0824999999999999,-0.049668874172185566,0.06439393939393945,0.2476439790575915,0.04516129032258065,0.0011958146487294208,-0.0589680589680589,-0.020408163265306145,-0.04661016949152541
29,2002-03-31,-0.09026190311695836,-0.02588600783259409,-0.02234822780589896,-0.12756072572510158,-0.2251801612245703,-0.11577576584397865,-7.559297114664178,-7.559297114664178,-7.444444444444442,-7.4074074074074066,-0.5756032143711081,-0.8284211290673938,-0.4122623716432656,-2.3674134419551933,0.4935313143193178,0.15254901960784314,-1.944043321299639,-1.9155313351498635,-0.18002322880371655,0.21352313167259784,0.2459085186739405,0.04320987654320985,-0.14840250821140633,0.0,0.01041666666666674,0.11653333333333338
30,2002-06-30,0.11908685094159566,0.13885791865632413,0.13656139521976066,-0.018481140235009685,0.07443031502661457,0.1865876689409196,-1.1910018642844058,-1.1910018642844058,-1.1896551724137931,-1.1907514450867052,0.438949310862891,13.191902567478603,-2.275628813887389,-1.0271075364909146,-0.008957574564425586,0.10751956447771338,-0.034416826003824015,-0.07738095238095233,0.07365439093484416,0.3519061583577714,0.0,0.041420118343195256,-0.03997194950911653,0.0,0.020618556701030855,0.16033755274261607
31,2002-09-30,8.597540995136654e-05,-0.02183402799539214,-0.004171758208254106,0.11638200607712212,0.011323645780523915,0.028132074575591533,-0.14016835548735074,-0.14016835548735074,-0.12121212121212133,-0.12121212121212133,0.5349002161935188,-0.7255545799440035,-2.5305908942076556,35.989010989010985,-0.3345252284465634,-0.05161290322580636,0.07821782178217808,0.02903225806451615,0.01055408970976246,-0.1171366594360087,0.0,0.039772727272727286,0.011322132943754505,0.0,0.02020202020202011,-0.12377358490566047
32,2002-12-31,-0.0012435625363268474,-0.004331803193896699,-0.004245530036657397,0.07930479296536341,0.0072240933274758685,0.03351742544782632,0.2567322834645669,0.2567322834645669,0.2413793103448276,0.2068965517241379,0.10796053190978094,-0.02691086455227032,-0.11142880995116244,-15.379084967320262,7.223880597014926,0.010689990281826931,-0.06887052341597788,-0.11285266457680244,-0.016971279373368175,0.0,0.0,0.03825136612021862,0.008667388949079147,0.0,0.029702970297029733,-0.07751937984496128
33,2003-03-31,0.05004804504053384,-0.02301948051948055,0.039687458913243656,-0.12867197062423494,0.07671432032953729,-0.13766474208905233,-0.8329208566983073,-0.8329208566983073,-0.8333333333333334,-0.8285714285714285,-0.8648648648648649,5.674937965260546,-3.6523781561949504,-1.927685950413223,-0.8148820326678766,-0.0907051282051281,-2.3047337278106506,-2.3038869257950534,0.07569721115537842,-0.07371007371007376,0.0,0.03684210526315779,0.02542069459362684,-0.04960835509138384,-0.02884615384615385,0.12121212121212133
34,2003-06-30,0.04754662507894358,0.08989398823568506,0.04839758644361747,0.03498683055311669,0.0454586371410568,0.1380442294402211,3.6125,3.6125,3.5000000000000013,3.5000000000000013,1.4913580246913578,-0.8161710037174721,-0.9499667921186628,-1.5612472160356348,2.4705882352941178,0.03595347197744103,-0.08541194255479978,-0.07588075880758816,0.04567901234567917,-0.037135278514588865,-0.03907039407207813,0.035532994923857864,-0.0020949720670391248,-0.0631868131868133,-0.00990099009900991,0.0530698765992883
35,2003-09-30,-0.01974752694522364,-0.035705573850469574,-0.02800130959971048,-0.06803240446197567,0.001506802135353924,-0.015889884115176334,0.018970189701897008,0.018970189701897008,0.0,0.0,1.7661050545094152,-0.3933265925176945,-8.853982300884955,0.6547619047619047,1.1779661016949152,-0.13882272881932636,-0.035537190082644665,-0.020527859237536642,0.0011806375442737767,-0.17630853994490348,-0.0855240098142307,0.03431372549019618,0.021693491952414327,-0.00293255131964798,-0.02000000000000001,0.03472322070452916
36,2003-12-31,-0.061051072535803434,-0.0513201581027668,-0.03157353566869947,-0.07977972966822923,-0.13325882302368566,0.07615570525016713,-3.8138297872340425,-3.8138297872340425,-3.851851851851852,-3.851851851851852,0.26370476531709075,-0.6799999999999999,0.4952112676056337,0.6139088729016786,0.8728923476005188,-0.12090082971157645,-1.179948586118252,-1.1766467065868262,-0.13443396226415105,-0.12374581939799335,-0.10233806055960126,0.033175355450236976,-0.07705479452054786,0.0,0.010204081632652963,0.030917807267421663
37,2004-03-31,-0.03626665953720909,-0.0610292647156856,-0.0305709630768668,-0.08531157270029678,-0.051827605019094336,-0.2636659021406728,-0.6460302457466919,-0.6460302457466919,-0.6493506493506493,-0.6493506493506493,-1.0189963141480012,0.046875,-0.7558402411454408,-2.37444279346211,-0.6405817174515236,0.09123595505617987,2.052380952380952,2.0338983050847457,-0.05177111716621252,0.2633587786259541,0.0,0.032110091743119185,-0.01595547309833034,0.0,-0.010101010101010057,0.02655344386035852
38,2004-06-30,-0.04771548256442981,-0.034539064995917745,-0.06242800762883094,0.02822384428223845,-0.0060152735641803,0.12641142115509418,-1.814419225634179,-1.814419225634179,-1.8148148148148149,-1.8148148148148149,-22.44776119402985,-10.805970149253733,3.3425925925925934,-1.638918918918919,1.138728323699422,-0.02759472817133446,0.1497659906396256,0.13966480446927387,-0.007183908045977018,0.024169184290030232,0.0,0.031111111111111086,0.043740573152337925,0.0,0.010204081632652963,-0.061055672268907735
39,2004-09-30,-0.037900195181635454,0.057908669755128976,0.002698837888461369,0.02744912446758163,-0.14397726674735567,-0.03687060721281255,-4.7114754098360665,-4.7114754098360665,-4.7727272727272725,-4.7727272727272725,0.9819067501739736,-0.9289700659563672,-0.8002842928216063,3.120135363790186,2.1936936936936937,-0.08174502329521394,2.2903663500678424,2.1470588235294112,-0.1432706222865413,-0.07374631268436582,0.0,0.030172413793103425,-0.11018786127167636,0.0,0.010101010101010166,0.02964620332820589
40,2004-12-31,0.00918972930418449,0.046953741354742284,-0.015426333232901438,-0.042274425507958464,0.08452695641482766,0.07656418231845907,-1.5485865724381624,-1.5485865724381624,-1.5542168674698795,-1.5542168674698795,-0.163623595505618,-1.1,0.6316725978647686,-0.3794661190965093,0.4262341325811001,-0.0009225092250921828,-0.7340206185567011,-0.7352024922118381,0.08445945945945943,0.16560509554140124,0.0,0.029288702928870206,0.07470564352415754,0.0,-0.010000000000000007,0.09316854542985188
41,2005-03-31,-0.050105762162648726,-0.07499004116319219,-0.06181528857335205,-0.1283599636616256,-0.017571703888447976,-0.22569174352705856,-0.7053140096618358,-0.7053140096618358,-0.7173913043478262,-0.7173913043478262,-0.7670025188916877,27.92857142857143,-0.04907306434023995,-1.5016545334215752,-0.14992088607594933,0.0424746075715603,-0.95968992248062,-0.9588235294117649,-0.01869158878504673,-0.03825136612021862,0.0,0.028455284552845624,0.03400075557234605,0.0,0.010101010101010166,0.061249844701205085
42,2005-06-30,-0.039229930984380657,-0.052897900592140716,-0.04788309739709051,-0.10790264238857217,-0.016270482344795778,0.17759758897818598,0.8087431693989071,0.8087431693989071,0.8461538461538459,0.8461538461538459,-0.3441441441441442,-0.545679012345679,1.6674311926605505,1.8707124010554093,-0.5062819916240111,-0.013286093888396631,-1.1538461538461535,-1.1428571428571428,-0.0174603174603174,0.005681818181818121,0.0,0.027667984189723386,0.024113993423456208,-0.9970588235294118,0.010000000000000007,0.0616366190587685
43,2005-09-30,0.007150489027697882,0.04698571482702429,0.006714628297362024,0.025977596041509177,0.008269794721407653,-0.026141002985802242,0.08006042296072513,0.08006042296072513,0.08333333333333348,0.08333333333333348,8.873626373626372,-0.08152173913043481,-0.7093723129836629,-2.2559742647058822,1.2879359095193212,0.06283662477558337,430.25,473.0,0.008077544426494221,0.08192090395480234,1.8214387562106464e+16,0.026923076923076827,0.001070281840884757,463.0,0.00990099009900991,0.020455422616750152
44,2005-12-31,0.05203198955443122,-0.10506315370417284,0.08954377367907629,0.2040324201219104,-0.04415100924902572,0.06970341634338628,0.07692307692307687,0.07692307692307687,0.1153846153846152,0.0769230769230771,-0.4705063995548136,39.88165680473372,-2.9260355029585803,-2.3538236370289063,-0.7621009268795057,-0.0278716216216216,-0.14318840579710146,-0.1518987341772151,-0.04006410256410253,-0.03655352480417762,-1.0,0.02621722846441954,-0.09158945117605133,-0.14655172413793094,0.0,-0.2566998054895181
45,2006-03-31,-0.011837165285922602,-0.008249757360077603,-0.018989713904968168,-0.011794158553546595,0.00906767283349552,-0.13149274684136636,-0.2883116883116883,-0.2883116883116883,-0.31034482758620685,-0.2857142857142857,-1.0614818707304257,-0.9729338543928208,-0.3072196620583717,-1.1637837837837837,0.5246753246753246,0.07732406602953956,0.08457374830852515,0.07213930348258701,0.0,0.12195121951219501,0.2902462121212121,0.025547445255474255,0.02118477834444854,0.05808080808080796,0.009803921568627416,0.0035618230718907906
46,2006-06-30,0.02609309992935072,0.09256238786494864,0.020461009466400608,0.09790012948263248,0.042096375369398815,0.14278017241379315,1.1806569343065694,1.1806569343065694,1.1999999999999995,1.15,-9.871794871794874,1.3850267379679146,-2.32039911308204,-1.9867986798679864,-0.3395797842135151,0.06814516129032255,0.19338739862757331,0.17633410672853844,0.04173622704507518,0.06763285024154597,-0.008073394495412778,0.02491103202846978,0.015751056473300332,0.18615751789976145,-0.009708737864077666,-0.004852962480081269
47,2006-09-30,-0.003457931055587005,0.009255803538105624,-0.024293855817629655,0.04989231873653988,0.05451704381040568,-0.0652404526166902,-0.09205020920502094,-0.09205020920502094,-0.11363636363636365,-0.09302325581395343,2.0077071290944124,-0.4417040358744395,1.2426532325776658,-1.3528428093645486,0.18142734307824585,0.005662514156285381,0.09827496079456366,0.09664694280078877,0.05288461538461542,-0.033936651583710516,-0.15760266370699227,0.024305555555555358,0.05824508320726163,0.11670020120724355,-0.019607843137254943,-0.03872188660018916
48,2006-12-31,-0.03110653912883265,-0.08405443384365062,-0.05770624600298446,-0.07369963369963373,0.03737445804291761,-0.09633692705377972,-0.0580645161290323,-0.0580645161290323,-0.05128205128205132,-0.02564102564102566,-0.23414477898782826,-4.0642570281124515,-0.04867090977162114,2.014218009478673,0.46288209606986896,0.08370870870870872,0.032841504045692416,0.07733812949640306,0.0365296803652968,0.02810304449648715,-0.024593763724198414,0.023728813559322104,0.07040743388134385,0.11891891891891905,-0.040000000000000036,-0.01113046111910343
49,2007-03-31,-0.011678947785436988,-0.04925511728370136,-0.017374386353867344,-0.3167773911209533,0.0016400380912073849,-0.03411707249005791,-0.5176125244618395,-0.5176125244618395,-0.5135135135135136,-0.5263157894736843,-0.9393559180259304,-1.6317169069462647,-1.1959858323494688,-0.7358490566037736,0.08358208955223878,0.050571527537235816,-0.04608294930875578,-0.0100166944908181,-0.002936857562408135,0.013667425968109548,-0.024763619990995082,0.023178807947019875,0.01368948247078472,0.0016103059581320522,-0.01041666666666663,0.39150076569678394
50,2007-06-30,0.042778347870702886,0.09856044842668488,0.031034879705306825,0.1181509492205588,0.06971953731579772,0.22298468650679,1.8843813387423936,1.8843813387423936,1.8888888888888893,1.8333333333333333,9.917241379310346,0.5165975103734439,-3.853413654618474,-4.273809523809525,-0.2525252525252525,0.005275304978568984,0.01835748792270531,0.06070826306914001,0.06774668630338733,0.008988764044943753,0.019852262234533624,0.02265372168284796,0.02569169960474316,0.061093247588424486,0.0,-0.017498486766081456
51,2007-09-30,0.013438710867827108,-0.006571318129107051,-0.011365920103610705,0.5869280143557181,0.06828617982521101,-0.0034256688913826268,0.19690576652601965,0.19690576652601965,0.1923076923076923,0.19607843137254896,0.7902716361339229,0.2763337893296853,0.3026038001407461,-1.1218181818181818,0.04115479115479115,-0.1128238766808789,0.10436432637571168,0.15103338632750418,0.06896551724137923,-0.16926503340757235,-0.16115889542779538,0.022151898734177108,0.05427103403982003,0.1333333333333333,0.02105263157894744,-0.3740128815457856
52,2007-12-31,0.013943255955090272,0.03178988326848242,0.001852102814292822,0.11503501065541676,0.038685524126455866,-0.02655129496829256,-0.38072855464159816,-0.38072855464159816,-0.4032258064516129,-0.3934426229508197,-0.2974594213126324,-0.4533762057877814,-1.0572663425175581,22.83582089552239,0.9421828908554571,0.0014787430683917964,-0.036512027491408916,-0.008287292817679592,0.04774193548387085,-0.06166219839142095,-0.12951969778737193,0.021671826625387025,0.02436795613767906,-0.025401069518716568,0.020618556701030855,-0.07461751811756279
53,2008-03-31,0.07824447470409558,0.17023041822227247,0.11730092884840836,-0.10180201263749122,0.0011569438882215175,-0.12712328767123293,-0.4601518026565466,-0.4601518026565466,-0.4324324324324325,-0.4594594594594594,-1.6187845303867403,0.3411764705882352,56.349056603773576,1.6480901690670011,1.2846294046172542,-0.12919896640826878,-0.02541239411502461,-0.01949860724233976,0.0012315270935963074,-0.16857142857142848,-0.12399256044637308,0.021212121212121016,-0.07166220636336608,0.008230452674897082,-0.03030303030303028,0.3028134970511456
54,2008-06-30,0.04965444503039218,-0.061551351873932576,0.06140156177485422,0.16953274274795893,0.02377883461487174,0.27299993025040115,0.6256590509666079,0.6256590509666079,0.5714285714285716,0.6499999999999999,-1.0154220779220782,8.552631578947368,-0.8142786642539892,-2.2785528493733738,-0.7189203563355937,-0.13607460788469694,-0.13266239707227812,-0.13920454545454553,0.022140221402213944,-0.1374570446735396,-0.14649681528662414,0.02077151335311589,-0.024663677130044803,-0.12244897959183665,-0.02083333333333337,-0.1975510204081633
55,2008-09-30,-0.04036437675181126,-0.08038872291473509,-0.044485000570320565,-0.21138422694192785,-0.03095424155596072,-0.03550490384088545,-0.4054054054054054,-0.4054054054054054,-0.3939393939393939,-0.3939393939393939,190.73684210526315,-0.9168962350780532,-3.5934455270150574,-1.0170149805807287,0.043519394512772085,-0.11040235525024532,-0.2763713080168777,-0.28712871287128705,-0.03128760529482544,-0.13147410358565725,-0.004145936981757914,0.02034883720930214,0.00985221674876846,-0.2790697674418605,-0.010638297872340273,0.16609636548598905
56,2008-12-31,-0.06417480677293587,-0.10612397311426436,0.03026143010624338,0.03860822072602299,-0.2768245150306886,-0.17542464352667164,-5.667272727272728,-5.667272727272728,-5.65,-5.65,-0.4183365358221246,-0.4843462246777164,-0.5833333333333333,4.956521739130435,0.24841341795104266,-0.2630998345284059,-1.1814868804664722,-1.1689814814814814,-0.2770186335403727,-0.23853211009174324,0.011656952539550458,0.019943019943019943,-0.2273170731707317,0.0,-0.03225806451612912,-0.13934491236418434
57,2009-03-31,0.05077659182922334,0.1730721029325759,0.06583241604387546,-0.09324992066730133,0.0020443563375045493,-0.17058215638994145,-1.1312816517335411,-1.1312816517335411,-1.1290322580645158,-1.1290322580645158,-1.052855120339783,0.1964285714285714,-5.324590163934427,7.768248175182482,1.7447349310094409,-0.4214071856287425,0.5622489959839356,0.4383561643835616,0.001718213058419238,-0.19879518072289148,0.0,0.010242085661080091,-0.04629629629629639,0.0,-0.033333333333333326,0.2936785845927019
58,2009-06-30,-0.03099167764171828,-0.07310993198247928,-0.07055370343528045,-0.06709329067093295,0.10219474497681612,0.2495223855801978,2.136498516320475,2.136498516320475,2.166666666666667,2.083333333333333,-9.857142857142858,0.30149253731343273,-1.7539802880970432,-1.7030176899063476,-0.4468845085328748,0.18887451487710205,-0.11568123393316188,-0.1523809523809524,0.10120068610634636,0.18796992481203006,0.0,0.004608294930875667,0.13768755516328324,0.0,-0.034482758620689724,-0.0064107130137472925
59,2009-09-30,-0.042349845290766575,-0.13078223451667434,-0.06850169597255251,0.03504823151125391,0.03286964325779662,-0.03676128431828762,-0.19110690633869445,-0.19110690633869445,-0.21052631578947367,-0.2432432432432432,2.3034274193548385,-0.15366972477064222,0.002513826043237799,-0.6888691533451747,-0.2513752690743841,0.4091403699673559,-0.4593023255813954,-0.4831460674157303,0.032710280373831724,0.2784810126582278,0.0,0.004587155963302614,0.0783553141970521,0.0,-0.02380952380952384,-0.16022653953688434
60,2009-12-31,-0.030105838479307926,-0.03549328147100428,-0.02934036497572412,-0.08900279589934768,-0.03214945150429016,-0.019737750172532764,-0.2912280701754386,-0.2912280701754386,-0.2666666666666666,-0.2857142857142857,-0.4290509612450412,-0.04065040650406504,-0.6038114343029087,-0.6698382492863939,-0.1108626198083067,0.1351351351351351,-9.741935483870966,-10.152173913043477,-0.03167420814479638,0.0990099009900991,0.0,0.004566210045662268,-0.0021582733812951505,0.1010752688172043,0.0,0.05873313983267892
61,2010-03-31,-0.00121421566338209,0.025067595435589674,-0.008882756241645473,-0.031486217675475985,0.018740882055886088,-0.08025908194874687,-0.0363036303630363,-0.0363036303630363,-0.045454545454545525,-0.05000000000000005,-0.8428647781934795,-0.06779661016949158,-0.8841772151898735,-0.27089337175792505,-0.09090909090909094,-0.013605442176870652,0.05658056580565818,0.11638954869358666,0.017133956386292892,0.01801801801801784,0.2304526748971192,0.0045454545454546285,0.020187454938716886,0.06640625,0.048780487804878085,0.0583776810191905
62,2010-06-30,0.02312931531615781,0.07331902718168815,0.0149227757232977,0.035267883340179614,0.043952412425644516,0.14528475199020208,1.2328767123287672,1.2328767123287672,1.190476190476191,1.1578947368421053,4.238095238095238,-0.05757575757575761,5.491803278688525,-1.2687747035573125,0.026877470355731292,0.12137931034482775,0.0628637951105937,0.0957446808510638,0.04287901990811638,0.10176991150442503,0.04548494983277607,0.004524886877828038,0.020141342756183626,0.08058608058608052,0.011627906976744208,0.03672101173243947
63,2010-09-30,0.0008683068017365514,-0.03136454515161613,0.006794410150891661,0.06807618183879383,-0.013717421124828544,-0.005948402619970539,-0.7829754601226994,-0.7829754601226994,-0.7826086956521741,-0.7804878048780488,0.2629870129870129,0.22508038585209,1.2483164983164985,-16.63235294117647,-0.4091608929946112,-0.006150061500615145,-0.17360350492880616,-0.16893203883495145,-0.054331864904551996,-0.048192771084337394,-0.042866282789507326,0.004504504504504458,-0.014547973675095416,-0.17627118644067796,0.011494252873563315,-0.09310699588477367
64,2010-12-31,-0.02509817052753338,-0.0832079122769297,-0.042045430353607416,-0.11590511065117015,0.017438750401198355,-0.0121024675586634,1.6749116607773848,1.6749116607773848,1.7000000000000002,1.8888888888888893,0.052442159383033315,0.3438320209973753,-0.3721452639460876,-0.8692380056444027,-0.09055374592833876,0.0884900990099009,0.03711066931742879,0.053738317757009435,0.017080745341614856,0.1518987341772151,0.3208556149732619,0.004484304932735439,0.043585237258348064,0.04526748971193406,0.011363636363636465,0.03703103476217495
65,2011-03-31,0.03620439323685076,0.0807692307692307,0.021934308191475127,0.2035536346719491,0.07003154574132497,-0.1133873272987137,0.0,0.0,-0.03703703703703709,-0.03846153846153855,-1.5290669272105522,0.193359375,-2.0005963029218843,-1.0071942446043165,0.0007163323782235497,0.07902217168845938,0.028753993610223683,0.0509977827050998,0.06717557251908413,0.06227106227106227,0.011133603238866252,0.0044642857142858094,0.03267093297406532,0.061023622047244215,-0.011235955056179804,-0.10204719487419912
66,2011-06-30,0.038465015367926236,0.098949743945838,0.0237686202022398,0.05885286783042387,0.07173742138364769,0.20733860443693874,0.9379128137384412,0.9379128137384412,0.9230769230769228,0.96,-1.8568790397045245,-0.1014729950900164,-1.2109654350417165,38.0,0.02791696492483897,-0.10537407797681776,0.014906832298136496,0.04008438818565408,0.07153075822603716,-0.16206896551724126,-0.1586586586586587,0.007111111111111069,0.03228962818003911,0.03896103896103886,0.0,0.03785241907413872
67,2011-09-30,-0.098759521218716,-0.09608245794171076,-0.08386082671311446,-0.1635892604804522,-0.13107463781404727,-0.014560020345879996,-2.2106339468302663,-2.2106339468302663,-2.22,-2.2448979591836737,2.1821120689655173,-0.5737704918032787,6.757062146892656,-2.2051282051282053,-0.032729805013927527,-0.18786808009422865,-0.6321909424724602,-0.6267748478701826,-0.12550066755674238,-0.24279835390946505,-0.24747174301011304,0.007060900264783677,-0.0360189573459716,-0.6357142857142857,0.02272727272727271,0.08074117548419557
68,2011-12-31,-0.008194082230593371,-0.061557953602166975,-0.0010897287271041114,-0.06465056034240013,-0.02437608821822401,-0.07142396283631203,-1.4527027027027026,-1.4527027027027026,-1.4426229508196722,-1.4426229508196722,-0.04673213681002375,1.8632478632478635,-0.33576110706482154,-7.659574468085108,0.2253419726421885,-0.006526468455402501,0.046589018302828585,0.048913043478260976,-0.021374045801526687,0.13586956521739113,1.7770750988142292,0.007011393514460895,-0.016388069485414603,0.044117647058823366,0.011111111111111072,0.003335919317299929
69,2012-03-31,0.020759953902838912,0.06703910614525133,0.0068936703572175535,0.04033957492925522,0.053106916878481465,-0.07420789327404109,-0.013681592039801016,-0.013681592039801016,0.0,0.0,-1.168383658969805,-0.3731343283582089,-1.5805921052631582,-0.3642172523961661,0.1169212690951822,0.29270072992700746,0.03974562798092207,0.04663212435233155,0.04836193447737913,0.32057416267942584,0.2601764873327641,0.006962576153176636,0.0316561146284573,0.028169014084507005,0.01098901098901095,0.02567076471043084
70,2012-06-30,0.04802188016791753,0.1599912739965097,0.06410788381742738,0.4169222755946525,0.012273404200688232,0.13794656259381566,0.4098360655737705,0.4098360655737705,0.4074074074074073,0.4074074074074073,-3.175105485232068,-0.040476190476190436,0.1510859301227574,8.080402010050253,0.9505523408732246,0.009599096555618079,-0.25076452599388377,-0.2623762376237624,0.016369047619047672,-0.036231884057970835,-0.0384007228371358,0.008643042350907404,-0.0339147286821706,-0.2648401826484018,0.0,-0.18137957029777607
71,2012-09-30,-0.0345178127086242,-0.08816338812201452,-0.06923593509672665,-0.1233917412081853,0.04672280844155852,0.012597282680385069,-0.031305903398926686,-0.031305903398926686,-0.02631578947368418,-0.02631578947368418,1.924345295829292,0.4069478908188586,-4.031173092698934,-1.6679579413392362,-0.325512405609493,0.017897091722595126,2.9591836734693877,3.0134228187919465,0.049780380673499325,0.0,0.3791402396053558,0.00856898029134534,0.08391842193246403,3.049689440993789,0.0,0.0402431163090522
72,2012-12-31,-0.022205459431427044,-0.0631934991543951,-0.0173862446177121,-0.2681017612524462,-0.03227838898851354,-0.01074708526020973,-0.05909510618651893,-0.05817174515235458,-0.027027027027027084,-0.054054054054054064,-0.1333333333333333,-0.5767195767195767,-0.17645466847090666,-0.4507042253521126,-0.265093962415034,0.13406593406593406,0.03711340206185554,0.053511705685618687,-0.02789400278940035,0.08270676691729317,-0.7274740248679952,0.01274426508071369,-0.010178901912399674,0.042944785276073816,0.010869565217391351,0.2799220963172806
73,2013-03-31,-0.003985856637737095,0.03764695521993744,-0.003126628452318925,0.06608097784568367,-0.005809585816597407,-0.18303924150645245,-0.4681059862610403,-0.4686274509803922,-0.4722222222222222,-0.4571428571428571,-1.4711060084194414,0.4125000000000001,-1.4866907656917516,-0.8552036199095022,-0.05223068552774757,0.15843023255813948,-0.06660039761431412,-0.05873015873015874,-0.012912482065997157,0.19097222222222232,0.09062499999999996,0.012583892617449743,-0.0018697413524463304,-0.04705882352941193,-0.010752688172043001,-0.026628855996680082
74,2013-06-30,0.03319240947524693,0.10336926079945674,0.03654421898018345,0.09960587603009664,0.02614477860057418,0.1885074145712444,1.025830258302583,1.025830258302583,1.0,0.9473684210526316,-1.5142160844841592,-0.3097345132743363,-1.3889264010803508,1.09375,-0.11538461538461542,0.11585110832287747,-0.013844515441959526,0.0016863406408094141,0.0276162790697676,0.13119533527696792,0.1851002865329514,0.012427506213753105,-0.006868560724320849,0.0015432098765433278,0.0,0.0034107866126624753
75,2013-09-30,-0.03904480782145592,-0.08307053303592027,-0.0922886484503943,-0.21646573259476487,0.07491408934707901,0.008476300264460557,0.7604735883424407,0.7604735883424407,0.7631578947368423,0.7837837837837841,4.699842022116903,-7.594017094017093,7.206597222222222,-3.154228855721393,0.28098637248539915,-0.020239880059970017,0.20842332613390924,0.23737373737373724,0.0777934936350777,-0.04639175257731954,-0.012572533849129486,0.01227495908346965,0.11883055642879592,0.2372881355932204,0.0,0.17024290064443034
76,2013-12-31,-0.013522079019649302,-0.041355590973911616,0.008813576443254645,0.11207374549487104,-0.05393679210814761,0.0017482517482516613,-0.3931712364200725,-0.3926539058458355,-0.4029850746268657,-0.3787878787878789,-0.15687361419068735,-1.2825664290343486,-0.5106833086524223,-0.3325635103926097,0.1464032421479231,0.12509563886763586,0.024128686327077764,0.04081632653061229,-0.02493438320209984,0.04324324324324325,-0.08276199804113615,0.012126111560226471,-0.04102275920202303,0.03860523038605247,0.0,-0.1379727685325265
77,2014-03-31,-0.012488261363823527,-0.02375743787189355,-0.01859964452900098,-0.032221875973823644,-0.0007241129616220032,-0.1729091153174923,-0.5490196078431373,-0.5494037478705279,-0.525,-0.5365853658536586,-1.3027613412228796,-0.2614678899082569,-1.319498486813662,-4.0968858131487895,-0.3954927087936368,0.04862291737504254,-0.01265270506108196,0.005228758169934622,0.006729475100942128,0.07512953367875652,0.010144153764015007,0.01198083067092659,0.012012891883973031,-0.0011990407673860837,0.0,0.008775008775008697
78,2014-06-30,0.03740469477301933,0.10186886568368214,0.049510254055708636,0.2792375064399795,0.01454106280193246,0.2343775361142673,1.8468809073724008,1.8468809073724008,1.8421052631578947,1.8421052631578947,-2.044516829533116,-0.015527950310558982,-1.9553450608930991,-1.0659217877094973,0.04312865497076013,-0.029182879377431917,0.07821475916924436,0.09492847854356312,0.025401069518716568,-0.03614457831325313,-0.02906976744186052,0.013417521704814472,-0.022292993630573243,0.07683073229291715,0.021739130434782483,-0.13869171885873333
79,2014-09-30,0.02108361074926424,-0.03302692589278455,0.049993923927573285,0.10184252919855008,-0.035522117994381215,-0.02399737015121628,-0.1879150066401063,-0.1879150066401063,-0.16666666666666674,-0.18518518518518529,2.5259875259875257,9.867507886435332,-0.9107648725212464,-2.7118644067796613,-0.07077785564120531,0.10387441549766184,-0.121311475409836,-0.1448931116389549,-0.026075619295958245,0.0774999999999999,-0.0005443658138269969,0.013239875389408072,-0.05537459283387625,-0.137123745819398,-0.010638297872340273,-0.12240445988527104
80,2014-12-31,0.05227430227430219,0.02069487675612014,0.11712420721262905,-0.13615388129940142,-0.08595408541100957,0.003233411923206475,-0.5748160261651676,-0.5748160261651676,-0.5777777777777777,-0.5909090909090909,-0.14268867924528306,-0.0029027576197387947,-20.365079365079364,-7.613861386138612,0.5037707390648567,0.057186081694402535,-0.12406716417910454,-0.1680555555555555,-0.07630522088353409,0.08584686774941996,0.20424836601307186,0.013066871637202215,-0.13134796238244514,-0.14728682170542629,-0.021505376344086002,0.1815503590498988
81,2015-03-31,-0.011450210294711938,-0.0014835572405835773,0.016451866893207878,0.08118686200877989,-0.08420654639732095,-0.15127912442086888,0.04038461538461546,0.04038461538461546,0.05263157894736836,0.11111111111111116,-1.53060522696011,-0.8570596797671033,0.7885245901639344,-0.7604790419161677,0.08024072216649958,0.0975958786491129,0.052183173588924436,-0.02170283806343909,-0.08550724637681173,0.1880341880341881,0.2849389416553596,0.01441578148710154,-0.07361963190184062,-0.003030303030303161,-0.02197802197802201,-0.07643758765778408
82,2015-06-30,0.053629288677588434,0.13619479983491534,0.055059523809523725,0.1283142549652676,0.04960188734886462,0.2348892405063292,1.7449168207024028,1.7449168207024028,1.75,1.75,-1.6642903434867142,-0.4317718940936863,-1.2548120989917506,0.45625,0.10817084493964724,0.04250325945241197,0.03795546558704466,-0.032423208191126214,0.0538827258320127,0.14028776978417268,0.03484688489968324,0.01421091997008239,-0.0038955979742890654,-0.012158054711246093,-0.0224719101123596,0.007002446637981885
83,2015-09-30,-0.02369661435879744,-0.060515800944424214,-0.03286511969395445,-0.07166702796444835,0.0029220049449314445,-0.019796271381895103,-0.09629629629629632,-0.09629629629629632,-0.09090909090909094,-0.09090909090909094,2.3160975609756096,1.247311827956989,3.1762589928057565,0.18025751072961385,0.11520737327188944,0.034017008504252384,0.06630911750365676,0.014109347442680775,0.004511278195488577,-0.018927444794952675,0.02653061224489805,0.014011799410029502,0.027375831052014014,0.023076923076922995,-0.011494252873563204,0.011980563002681022
84,2015-12-31,0.07125509648361028,-0.03591865140736161,0.08910020776730065,-0.07126844759947693,0.02134692962796958,0.02013071895424834,-0.9016393442622952,-0.9016393442622952,-0.9,-0.92,-0.1829949985289792,7.137161084529506,-2.0417743324720066,-0.6872727272727273,0.0323065364387678,0.09192065795839376,-0.0960219478737998,-0.11826086956521742,0.020958083832335328,0.08681672025723475,0.04605699138502328,0.01381818181818173,-0.04644080700418729,-0.10977443609022552,0.0,0.038082622733670135
85,2016-03-31,1.106732618851333,3.2064968919189902,1.486260914227016,0.1037413255556674,-0.026167096384881242,-0.15754741158380314,2.0681818181818183,2.0681818181818183,2.0,2.75,-1.9755131436802305,-0.8627989023912191,33.09714758164531,918.313953488372,28.770378457059678,-0.12693841382365978,-0.04957005563985828,-0.2702169625246549,-0.029325513196480912,-0.1449704142011834,-0.03230915426037373,0.013629842180774787,-0.5377245508982036,-0.04729729729729737,-0.2325581395348837,2.8111492144509134
86,2016-06-30,1.2145531148909527,-0.3498650954818904,0.6682922510531868,0.9066927878263248,5.371507435781885,1.9345197353410903,2.338271604938272,2.338271604938272,1.0,1.0,-3.2019195275009227,119.69571428571429,-0.9622822225724712,-1.955414173865749,-0.9233213949565452,0.17482872367419433,-0.5880787653006919,-0.4486486486486486,2.54380664652568,0.2093425605536332,0.22225859247135848,0.013446567586695045,1.8765112262521595,-0.30673758865248224,-0.21212121212121213,-0.6590357411902571
87,2016-09-30,0.013553112474341322,0.1556340919755983,0.015080354852690103,-0.02831541218637989,0.010299981433509851,0.02487948997045564,0.3794378698224852,0.3794378698224852,0.30000000000000004,0.26666666666666683,-0.14266554903604356,-0.9816303099885192,-2.01607200257152,-1.0056529337004871,0.0680695042244539,0.10712742980561553,-0.2635658914728681,-0.19117647058823528,0.009803921568627416,-0.6881258941344779,0.3867166577396892,0.0132681564245809,-0.0033023116181326584,-0.10230179028133002,-0.09615384615384626,0.1893334969927581
88,2016-12-31,-0.016794758175821992,-0.05025061861557012,-0.021787811721241446,0.05545309233984996,-0.006860823298795893,0.0458453446619127,-0.11206434316353886,-0.11206434316353886,-0.1282051282051282,-0.07894736842105265,0.9387954634337116,-0.02770618556701032,1.8557418538437205,-2.9320843091334887,-0.12313432835820892,-0.04935622317596566,0.033333333333333215,0.09090909090909084,-0.006753904601097482,-0.05504587155963303,0.08169177288528373,0.013094417643004784,0.010240963855421505,0.13390313390313402,-0.04255319148936165,-0.10015996697456007
89,2017-03-31,-0.01484152198005173,-0.13304829981962718,-0.05111098244785794,0.006104380242311303,0.056992809812491226,-0.2102565342488938,2.855676328502416,2.855676328502416,2.8823529411764706,2.742857142857144,-1.2916792738275342,-8.990059642147116,-0.0761050182784978,-2.212121212121212,0.17021276595744686,-0.03960599220192895,0.6587436332767402,0.8444444444444446,0.05524861878453025,-0.03398058252427183,-0.29191215854311736,0.012925170068027292,0.07274895646988687,0.8592964824120601,0.0,-0.13831861452001382
90,2017-06-30,0.018439912045189244,0.09897205911815933,0.017192743657741042,0.10955953869667924,0.020740938344059545,0.24134341609772525,-0.6507439310884886,-0.6507439310884886,-0.6515151515151515,-0.6488549618320612,-1.1666666666666667,-1.039313262005474,-1.0845323741007191,-0.07299999999999995,0.13483636363636364,0.07115384615384635,0.05629477993858757,0.07831325301204806,0.006041079339508704,0.015075376884422063,-0.4599092284417549,0.015446608462055034,0.002501389660922726,0.06351351351351364,0.0,-0.009516837481698405
91,2017-09-30,-0.0018262150220913489,-0.025466631140529272,-0.0255539456805618,-0.0035689687558699834,0.040018294077292405,-0.09283283184531156,0.05112107623318396,0.05112107623318396,0.04347826086956519,0.04347826086956519,2.7966804979253115,-1.5295358649789028,-3.9531914893617017,-0.8694714131607335,0.01550884388618301,-0.05186515060841812,0.011627906976744208,0.044692737430167766,0.04003202562049647,-0.059405940594059466,-0.1125116713352008,0.015211640211640232,0.04186304408095376,0.05844980940279543,0.0,-0.021971376738560755
92,2017-12-31,-0.02220550047214354,-0.1253795346293871,-0.10246235438962026,-0.09580662728834156,0.1107472672446288,0.017644500027187204,6.0516211604095576,6.0516211604095576,6.062500000000001,6.041666666666668,4.409836065573772,-5.179282868525896,4.715177713736791,-26.33884297520661,-0.3869746308216585,-0.24826425415527045,1.0603448275862069,1.1898395721925128,0.12201693610469587,-0.27368421052631586,-0.2772225144660705,0.014983713355048778,0.13597658328898346,1.2388955582232892,-0.022222222222222254,-0.03270129156361623
93,2018-03-31,0.010076805842676341,0.3937643961829549,0.01835477097424309,0.13924666419570042,-0.0009756304481537414,-0.19387673318906784,-0.967753645108597,-0.967753645108597,-0.9675516224188788,-0.9674556213017752,-1.4057575757575758,0.003813155386082068,-1.3989410874863433,-0.9129158512720156,-0.054972205064854895,-0.21046739434648745,-0.2445374244537425,-0.2136752136752137,-0.002058319039451084,-0.2971014492753623,-0.6353711790393013,0.014762516046213037,-0.01100960412274532,-0.19946380697050947,-0.02272727272727271,0.22336647727272707
94,2018-06-30,-0.03819010797922884,0.6228205824371702,-0.05709741427098601,-0.11691982350190122,-0.0122143670962217,-0.2698680983628289,1.4709193245778611,1.4709193245778611,1.4545454545454546,1.4545454545454546,-1.0278815036096591,-25.36562203228869,-2.553823467453128,-69.17977528089888,3.966013071895425,-0.0964197093229352,-0.07200000000000006,-0.02950310559006208,0.015469233413544226,-0.09278350515463918,0.1477045908183634,0.01454775458570512,0.02700142112742765,0.0977896851975888,-0.11627906976744184,0.837735849056604
95,2018-09-30,-0.3042166803349984,-0.11194116705704348,-0.10044505494505496,-0.05669023003062468,-0.5706282283659185,0.033634424220416737,-56.5125284738041,-56.5125284738041,-58.48148148148147,-58.48148148148147,50.08035714285714,-0.9614530147717972,1.0405368763557483,-1.459129861568886,-0.3666754409055014,-0.05570812083169863,-4.0099469496021225,-3.8896,-0.5653351387948544,-0.07954545454545447,-0.012173913043478255,0.014339152119700715,-0.3828413284132841,0.0,-0.02631578947368418,-0.05856894645395672
96,2018-12-31,-0.20902219384679954,-0.3652946717450957,-0.2402470085939934,-0.1871506334366685,-0.1251897952713864,-0.5023713332162305,-1.0284639584188209,-1.0284639584188209,-1.029639175257732,-1.029639175257732,-0.12882363223212726,21.73104145601618,1.44933891435785,0.13412299593204113,-0.6566223330562483,-0.175737432488575,0.5503414849085702,0.44850498338870426,-0.034267912772585674,0.91358024691358,0.0,0.0141364474492931,0.10575485799701044,0.0,-0.108108108108108,-0.2191537196738365
97,2019-03-31,0.021996568151543272,-0.030030456328721918,0.05502226938722998,0.06654654654654646,-0.05618920465382416,0.5108542181433109,-1.7265737626141282,-1.7265737626141282,-1.7826086956521738,-1.7826086956521738,-1.4020866773675762,-1.033672879320315,-1.0394954563949546,-0.8611667897457538,-0.26548315513415377,-0.07308467741935476,0.34304391075742496,0.2045107033639144,-0.056451612903225874,-0.04516129032258065,0.0,0.013939393939393918,-0.07637715444406899,0.0,-0.03030303030303028,-0.09054576708207997
98,2019-06-30,-0.024290156356145176,-0.060456885884966886,-0.035152023165434754,-0.11707399481923644,0.004203378869937824,-0.8580690380234799,-1.593915343915344,-1.593915343915344,-1.5833333333333337,-1.5833333333333337,-1.9545908183632728,-10.221928665785995,-5.337912087912088,-2.9787234042553195,0.7151881351277121,-0.19140837411636769,0.0,0.19834973024436686,0.003418803418803407,-0.14189189189189189,0.0,0.013747758517633102,0.029271862422246563,0.0,-0.12499999999999988,0.06412134385484093
