Unnamed: 0,Quarter end,Assets,Current Assets,Liabilities,Current Liabilities,Shareholders equity,Revenue,Earnings,Earnings available for common stockholders,EPS basic,EPS diluted,Cash from operating activities,Cash from investing activities,Cash from financing activities,Cash change during period,Cash at end of period,Price,ROE,ROA,Book value of equity per share,P/B ratio,P/E ratio,Cumulative dividends per share,Equity to assets ratio,Net margin,Asset turnover,Current ratio
0,1994-12-31,-0.004669520262382543,0.012843224092117023,-0.01308010641442503,-0.032258064516129004,0.02086605339914737,0.0007217610970768894,0.050561797752809,0.0580645161290323,0.04081632653061229,-0.26530612244897955,0.4385964912280702,-5.443037974683543,1.5990783410138247,-18.90909090909091,-0.0852713178294574,-0.008919722497522264,-0.11322248614410126,0.11787072243346007,0.03042596348884397,0.10837438423645328,0.2376779846659365,inf,0.034462952326249414,-0.08951406649616378,0.0,0.046593235208109984
1,1995-03-31,-0.004669520262382543,0.012843224092117023,-0.01308010641442503,-0.032258064516129004,0.02086605339914737,0.0007217610970768894,0.050561797752809,0.0580645161290323,0.04081632653061229,-0.26530612244897955,0.4385964912280702,-5.443037974683543,1.5990783410138247,-18.90909090909091,-0.0852713178294574,-0.008919722497522264,-0.11322248614410126,0.11787072243346007,0.03042596348884397,0.10837438423645328,0.2376779846659365,inf,0.034462952326249414,-0.08951406649616378,0.0,0.046593235208109984
2,1995-06-30,-0.015079586707623547,0.05378224748578919,-0.028079371022089128,0.04741784037558694,0.023076923076922995,0.0007217610970768894,0.050561797752809,0.0580645161290323,0.04081632653061229,-0.26530612244897955,0.4385964912280702,-5.443037974683543,1.5990783410138247,-18.90909090909091,1.6694915254237288,0.141,-0.11322248614410126,0.11787072243346007,0.02952755905511828,0.10837438423645328,0.2376779846659365,0.9230769230769228,0.04830649639089391,-0.08951406649616378,0.0,0.00605383254167835
3,1995-09-30,-0.010717323504394694,-0.10373443983402486,-0.01795069337442223,-0.0887494397131331,0.009452201933404902,-0.056978002163721626,-0.25668449197860965,-0.2987804878048781,-0.2941176470588236,-0.26530612244897955,-0.4902439024390244,-1.8347578347578344,-0.799645390070922,-2.0,-0.6253968253968254,-0.014022787028922012,-0.11322248614410126,0.11787072243346007,0.01338432122370925,-0.044444444444444516,0.2376779846659365,0.52,0.024364406779660897,-0.08951406649616378,0.0,-0.016385854471394182
4,1995-12-31,0.021150980167373712,0.16620370370370366,0.03436102612379388,0.30693556320708315,-0.014683975313896537,-0.030592734225621362,-0.9496402877697842,-1.1391304347826088,-1.1388888888888888,0.0,1.8564593301435408,-0.6075085324232081,-0.2920353982300885,-3.0406091370558377,3.406779661016949,-0.03022222222222226,-0.11322248614410126,0.11787072243346007,-0.02264150943396226,-0.041860465116279055,0.2376779846659365,0.3157894736842106,-0.04084798345398133,-0.08951406649616378,0.0,-0.10767058823529407
5,1996-03-31,-0.01942183553185517,-0.16157205240174674,-0.02919984831247635,-0.19608581106511105,0.008423326133909281,0.0145956607495068,18.142857142857142,-7.9375,-7.999999999999999,-0.05555555555555547,-0.5108877721943048,0.9478260869565218,4.875,-2.0,-0.7730769230769231,0.07974335472043981,-0.11322248614410126,0.11787072243346007,0.011583011583011782,0.10194174757281547,0.2376779846659365,0.26,0.03180592991913733,-0.08951406649616378,0.0,0.042927961185528885
6,1996-06-30,0.001316618009044701,-0.025094696969697017,-0.011484374999999993,0.014513108614232271,0.03641036624544869,0.02021772939346822,0.35074626865671643,0.4234234234234233,0.4000000000000001,0.3823529411764704,0.5547945205479452,0.2321428571428572,-0.6106382978723404,-0.9875621890547264,-0.0423728813559322,0.0933786078098473,-0.029464285714285717,0.11787072243346007,0.03816793893129766,0.08370044052863435,0.2376779846659365,0.19047619047619047,0.04963427377220486,0.0,-0.01666666666666672,-0.03903721682847894
7,1996-09-30,-0.009032700663160307,-0.023312287518212682,-0.03066466450644112,-0.0027688047992616704,0.047530481504443056,0.09413109756097572,0.07182320441988943,0.08227848101265822,0.08163265306122458,0.06382978723404252,0.11013215859030834,-0.6123188405797102,1.0491803278688523,-5.4,0.1946902654867257,-0.08074534161490687,0.12235510579576815,0.11787072243346007,0.04595588235294112,-0.11382113821138208,-0.06460176991150446,0.17333333333333334,0.0751617720258837,0.1235955056179776,0.016949152542372836,-0.02062723637129027
8,1996-12-31,0.017307026652821026,0.08901044256588753,0.018671015083571163,0.14298935677926886,0.01400670743736443,-0.01393242772553116,-0.18041237113402064,-0.21052631578947367,-0.2452830188679245,-0.16000000000000006,0.4623015873015872,2.4766355140186915,-0.4106666666666666,5.545454545454546,1.0666666666666669,-0.026182432432432456,0.3073770491803278,0.29931972789115635,0.015817223198594018,-0.06880733944954143,-0.1343424787133396,0.13636363636363644,0.001388888888888662,0.3200000000000001,0.03333333333333344,-0.04728132387706852
9,1997-03-31,-0.0056708631053646865,-0.0748858447488584,-0.014166800064030703,-0.08542510121457493,0.014980544747081659,-0.3228541151536559,0.12578616352201255,0.15555555555555545,0.17499999999999982,0.09523809523809534,-0.6282225237449118,-0.2983870967741935,-1.2262443438914028,-0.5625,0.22580645161290325,0.08152645273200365,0.0394984326018808,0.06544502617801062,0.01903114186851207,0.06403940886699533,-0.2120218579234973,0.1299999999999999,0.024503005085529272,0.14583333333333326,-0.048387096774193616,0.01161741484322132
10,1997-06-30,0.008098551385878894,0.036031589338598284,0.005926767881789363,0.015493581230632937,0.01322599194939622,0.12571726656233695,-0.11731843575419,-0.13461538461538458,-0.12765957446808507,-0.15217391304347827,0.07299270072992692,0.28735632183908044,-0.38,-1.1746031746031746,-0.032163742690058506,-0.04490777866880513,-0.06031363088057906,-0.03439803439803435,-0.003395585738539819,-0.06481481481481488,-0.10679611650485432,0.10619469026548688,-0.008122743682310474,0.009917355371900971,-0.050847457627118516,0.02018062214293681
11,1997-09-30,-0.005996831862412289,-0.08813720819437831,-0.014285714285714237,-0.06451612903225812,0.013431706394249066,-0.06997219647822063,-0.006329113924050668,0.007407407407407306,-0.02439024390243893,-0.02564102564102566,0.0034013605442175803,0.02678571428571419,-4.580645161290323,13.636363636363635,-0.48640483383685795,0.0419815281276239,-0.0802310654685493,-0.055979643765903364,0.03236797274275971,0.044554455445544594,0.08850931677018625,0.10399999999999987,0.06278434940855315,0.032733224222585955,-0.0892857142857143,-0.02524590163934426
12,1997-12-31,-0.13022196926579402,0.0010449320794148065,-0.09964791615491686,-0.12861136999068035,-0.1999253313421692,0.005979073243647326,-6.630573248407643,-7.654411764705883,-7.5749999999999975,-7.921052631578947,0.8101694915254238,0.6318840579710145,-0.9369369369369368,-0.7763975155279503,-0.33529411764705885,0.1410153102336824,-1.8904396371249128,-1.6172506738544474,-0.2656765676567656,0.1090047393364928,0.22396576319543504,0.0869565217391306,-0.1292808219178082,0.0,-0.058823529411764726,0.14878349590761286
13,1998-03-31,0.08807747677005627,0.6858037578288101,0.14377955620225547,0.6903743315508022,-0.05482967802146521,-0.0629024269440317,-1.2002262443438914,-1.1911602209944752,-1.1901140684410647,-1.1863117870722433,-1.3595505617977528,1.909413854351688,-282.7142857142857,-4.9444444444444455,1.256637168141593,-0.02754237288135597,-0.027429467084639447,0.017467248908296984,0.14831460674157304,0.3205128205128205,0.0,0.08666666666666667,0.11061946902654872,0.0,0.0,-0.002732773765371732
14,1998-06-30,-0.06555208082751984,-0.12724458204334366,-0.06146139778961601,-0.06706738373932297,-0.07825228338681811,0.014799154334038,0.05084745762711873,0.046242774566473965,0.02000000000000001,0.0,-0.6458333333333333,-1.474969474969475,-1.4213995943204867,-1.8521126760563384,-0.4745098039215686,-0.004357298474945481,-0.07171635777598717,-0.0386266094420602,-0.046966731898238745,-0.1326860841423947,0.0,0.07361963190184051,-0.01992031872509948,0.0,0.0,-0.06449403014288513
15,1998-09-30,-0.012485519371862486,0.0024831500532103146,0.004574720433751178,-0.027127839945744303,-0.06641671130155324,-0.04427083333333337,-0.7956989247311828,-0.8121546961325967,-0.8039215686274509,-0.7959183673469388,-2.3823529411764706,-1.1786632390745502,-1.0348977135980746,-0.8677685950413223,-0.11940298507462688,-0.1808898614150255,0.32725694444444464,0.375,-0.04517453798767968,-0.13805970149253732,0.0,0.07428571428571429,-0.052845528455284674,0.0,0.02083333333333326,0.030442514907417006
16,1998-12-31,-0.005995828988529682,-0.010969568294409092,0.002614268848035061,0.021610317183687663,-0.03528399311531838,-0.05504087193460494,-2.0,-2.235294117647059,-2.2,-2.2,1.6170212765957448,0.5611510791366907,-2.7586206896551726,0.375,-0.18644067796610164,-0.1317898486197685,-1.6690647482014391,-1.75,-0.03440860215053765,-0.09090909090909094,0.0,0.06382978723404252,-0.024320457796852657,-0.2567353407290016,-0.04081632653061229,-0.03187817258883252
17,1999-03-31,-0.0828743771308681,-0.3974955277280858,-0.09260661115316683,-0.5506653019447287,-0.04846862920011896,-0.20299884659746248,0.8421052631578947,0.7619047619047619,0.75,0.75,-0.7479674796747968,-7.046082949308755,16.627450980392158,-22.59090909090909,4.947916666666667,-0.1528205128205128,-0.6959921798631477,-0.6666666666666666,-0.05345211581291765,-0.1238095238095238,0.002913752913753065,0.06499999999999995,0.03323558162267837,-0.6929637526652452,-0.021276595744680767,0.34091862416107377
18,1999-06-30,0.021661424077781044,0.0439429928741093,0.03661475713756035,0.26119969627942297,-0.02875000000000005,0.2185238784370478,-1.1285714285714286,-1.0810810810810811,-1.0952380952380951,-1.0952380952380951,0.8870967741935485,-1.1471036585365852,-0.7463848720800892,-1.64,-0.532399299474606,0.22033898305084754,-1.8038585209003213,-1.5324675324675323,-0.030588235294117583,0.2880434782608696,3.5055200464846017,0.05633802816901424,-0.050141911069063405,0.0,-0.0217391304347826,-0.1722843512942832
19,1999-09-30,-0.010915961094395077,-0.1518771331058021,-0.023607261021192927,-0.05057194461167969,0.03474903474903468,0.2939429928741093,13.0,20.0,16.5,16.5,1.8205128205128207,-0.39896373056994816,0.4473684210526317,-0.618421052631579,-0.4344569288389513,0.0625,-1.212,-1.4634146341463414,0.06067961165048553,0.09704641350210964,0.0,0.0577777777777777,0.13296812749003986,-0.8402777777777778,0.06666666666666665,-0.10667044595616026
20,1999-12-31,-0.0007074637424832053,0.13212608987256869,-0.052110999175748685,0.2473050095117311,0.09546019900497504,0.5172097292335933,2.0396825396825395,2.0476190476190474,1.9714285714285715,1.9714285714285715,0.6212121212121211,-6.068965517241379,2.212121212121212,-1.5431034482758617,0.4172185430463575,0.029878618113912125,25.547169811320753,15.684210526315788,0.09610983981693356,-0.030769230769230767,6.1124580861490845,0.050420168067226934,0.0962637362637362,21.47826086956522,0.25,-0.09233209941829723
21,2000-03-31,0.01543362831858408,-0.08353080568720384,0.0006763285024153909,-0.061514997458058,0.056485949474879275,-0.2189957652752571,-0.2924281984334204,-0.29166666666666663,-0.2884615384615385,-0.2884615384615385,-0.3495327102803738,-1.8282312925170068,-1.05,-2.3650793650793656,-0.4018691588785047,-0.13508612873980053,0.6801705756929639,0.750788643533123,0.054279749478079335,-0.21031746031746035,-0.97116953762466,0.05200000000000005,0.04049719326383317,0.5628626692456478,0.1499999999999999,-0.0235376369144722
22,2000-06-30,0.3634525552534338,0.2792501616031027,0.2633001834508062,0.233477789815818,0.12896292315959168,0.4461657629744384,1.0811808118081179,1.0735294117647058,1.0675675675675675,1.0675675675675675,0.6494252873563218,4.457905544147844,37.735849056603776,-0.6395348837209303,-0.2421875,0.15932914046121605,0.553299492385787,0.5585585585585584,0.12871287128712885,0.10050251256281406,-0.3528301886792453,0.04562737642585546,-0.17186897880539498,0.4121287128712872,0.10144927536231883,0.03711217183770876
23,2000-09-30,0.011147473921047313,0.16169782718544726,-0.007948639559767656,0.1664470794905577,0.07615421227986663,0.07712908409212638,-0.2872340425531915,-0.2872340425531915,-0.2875816993464052,-0.2875816993464052,0.3519163763066202,-1.0530474040632054,-1.363370677057964,-6.516129032258066,1.7628865979381445,-0.024412296564195413,0.1064814814814814,0.10520231213872844,0.0736842105263158,-0.136986301369863,-0.4266277939747327,0.04727272727272713,0.06421591437878083,0.04206836108676604,0.05263157894736836,-0.004027154527672217
24,2000-12-31,-0.018205724688985514,-0.10091344062635932,-0.04661016949152541,0.031626506024096335,0.05572755417956654,-0.1954251616111388,-0.17164179104477614,-0.17164179104477614,-0.17431192660550465,-0.17431192660550465,-0.0940721649484536,-1.6595744680851063,0.04691689008042888,-2.0,-0.6380597014925373,0.03985171455050995,-0.1018951513659857,-0.10146443514644354,0.05392156862745101,-0.03174603174603163,-0.13559322033898313,0.04166666666666674,0.07520769567118513,-0.026913372582001768,-0.07500000000000008,-0.1284658040665435
25,2001-03-31,0.02415782425054092,0.11998064828253514,0.009050505050504977,0.019343065693430583,0.07708420611646427,0.3828800988875154,0.4534534534534536,0.4534534534534536,0.4555555555555555,0.4444444444444444,0.16785206258890462,2.21505376344086,-0.5902688860435339,-2.1812865497076017,2.0824742268041243,0.08110516934046341,0.04850644012058103,0.055878928987194376,0.07596899224806197,0.027322404371584508,0.11568627450980418,0.04333333333333322,0.05164701098007307,-0.0034572169403629394,0.06756756756756754,0.09875397667020147
26,2001-06-30,-0.019966805814012,-0.13866090712742984,-0.06550812845359177,-0.1618331543143573,0.08809801633605607,-0.1407821229050279,-0.02272727272727271,-0.02272727272727271,-0.03053435114503822,-0.030769230769230767,-0.4056029232643118,0.17391304347826098,-0.14687499999999998,-1.6732673267326734,-0.4548494983277592,0.1434460016488044,-0.11709357030841615,-0.04961411245865499,0.07925072046109505,0.06382978723404252,0.012302284710017377,0.03833865814696491,0.11020881670533657,-0.05810928013876838,0.0,0.027626975509711604
27,2001-09-30,-0.037103561531355855,0.10280842527582744,-0.08544005484617367,0.0756087142246904,0.047899910634495065,-0.1383615084525358,-0.06131078224101483,-0.06131078224101483,-0.06299212598425208,-0.0634920634920636,0.9569672131147542,-2.1709401709401708,2.5164835164835164,-3.9852941176470575,2.4907975460122698,-0.09084354722422494,-0.039372409709887424,0.037122969837587005,0.04806408544726293,-0.16000000000000006,-0.03819444444444442,0.040000000000000036,0.08847091605712287,0.07366482504604055,-0.02531645569620256,0.025240666823197918
28,2001-12-31,-0.04865959601343073,-0.3256025466120964,-0.0637181409295352,-0.2494042891183479,-0.03905850247313658,-0.2475098098400241,-1.5563063063063065,-1.5563063063063065,-1.5546218487394958,-1.5593220338983051,-0.593717277486911,-2.2092457420924574,-0.728125,-1.9113300492610839,-0.6502636203866432,0.0007930214115781098,-0.36024653312788896,-0.31991051454138697,-0.042038216560509545,-0.04166666666666652,-0.01805054151624541,0.035502958579881616,0.009919999999999929,-0.29931389365351635,-0.038961038961038974,-0.10145425397915953
29,2002-03-31,-0.007619047619047635,0.08428860418071471,-0.008106485188150492,-0.02804232804232809,-0.009762158324458592,-0.3890894504612916,-1.1012145748987854,-1.1012145748987854,-1.106060606060606,-1.106060606060606,-0.4639175257731959,-0.5975855130784709,-0.5708812260536398,-0.7189189189189189,-0.5226130653266332,0.05942947702060231,-0.4094412331406552,-0.3799342105263158,-0.010638297872340273,0.10559006211180112,0.5955882352941175,0.03714285714285714,-0.002217997465145727,-0.2386780905752753,-0.17567567567567566,0.11545813686759265
30,2002-06-30,-0.06960596138647401,0.17164179104477606,0.04833013823024923,0.2286336418072945,0.0453486287865208,0.22586999343401185,8.6,8.6,8.142857142857142,8.0,2.5625,0.5349999999999999,-0.1160714285714286,-4.221153846153847,3.526315789473684,0.10022438294689606,-0.34176182707993485,-0.3076923076923076,0.04166666666666652,0.1123595505617978,0.8317972350230416,0.03305785123966953,0.12384884090187365,-0.1929260450160772,-0.14754098360655732,-0.04638409688106937
31,2002-09-30,-0.008615982039924752,-0.0053078556263269645,-0.031953801732435005,0.01905183872396976,0.03240740740740744,0.05141938939475098,0.675,0.675,0.671875,0.6825396825396826,-0.21592442645074228,0.273615635179153,2.2424242424242418,-1.391044776119403,-0.3069767441860465,-0.09789259007477913,-0.09789343246592308,-0.057471264367816126,0.030967741935483906,-0.13636363636363635,0.3679245283018868,0.034666666666666617,0.04125459169256862,0.06573705179282863,-0.11538461538461542,-0.02384090092248714
32,2002-12-31,0.012791480506763042,-0.0005336179295624133,-0.016007158480811245,-0.02826086956521734,0.049327354260089606,0.08914926133469181,-0.1990049751243781,-0.1990049751243781,-0.20560747663551404,-0.21698113207547176,-0.018932874354561147,1.0409207161125318,-1.236760124610592,0.16030534351145032,-0.5100671140939597,0.07761868877166545,1.2884615384615383,1.3983739837398377,0.04630788485607007,0.04678362573099415,0.1954022988505748,0.030927835051546507,0.03609226594301207,1.4672897196261685,-0.0217391304347826,0.028473244968090224
33,2003-03-31,0.023507372492143963,0.09076348104644948,0.003738506618167215,-0.0434004474272931,0.05603038936372262,0.12488306828811968,0.009316770186335477,0.009316770186335477,0.0117647058823529,0.024096385542168752,0.1824561403508771,-0.4661654135338346,-4.2631578947368425,-1.0,0.0,0.012587412587412585,0.24549819927971184,0.31864406779661003,0.052631578947368585,-0.033519553072625774,-0.5700000000000001,0.032499999999999966,0.03169198533263495,0.165909090909091,0.1333333333333333,0.14033412887828178
34,2003-06-30,0.01428824467142942,-0.12432697014194816,-0.01358969196698212,-0.08746492048643595,0.05725419664268583,-0.04158004158004158,0.15076923076923074,0.15076923076923074,0.13953488372093026,0.14117647058823524,0.17507418397626107,0.6431924882629108,-0.5040322580645161,-inf,-0.2123287671232877,0.10428176795580102,0.05253012048192773,0.0925449871465298,0.046590909090909134,0.052023121387283267,-0.15116279069767435,0.03147699757869238,0.042396547347042464,0.04938271604938271,0.03921568627450989,-0.040393470071159454
35,2003-09-30,0.03067698934745922,0.2705422023476802,0.009082559444841376,0.005125576627370565,0.0625177204423022,0.01908893709327541,0.19251336898395727,0.19251336898395727,0.18367346938775508,0.1752577319587627,0.005050505050504972,-0.5314285714285714,-0.5609756097560976,-14.35483870967742,3.6,0.039399624765478425,-0.024267399267399292,0.009411764705882229,0.05646036916395225,-0.01098901098901095,-0.05584826132771337,0.030516431924882518,0.03093034583536292,-0.012383900928792602,0.018867924528301886,0.2640130861504908
36,2003-12-31,0.026092849881396152,0.08842938847338311,0.003944174757281482,0.2881183069862314,0.05790527018012015,0.016602809706258048,-0.1434977578475336,-0.1434977578475336,-0.1637931034482758,-0.1929824561403508,0.0201005025125629,0.728658536585366,0.6851851851851851,-0.6280193236714976,0.29111531190926265,0.16847172081829132,-0.01689347724073209,0.0174825174825175,0.049331963001027816,0.11111111111111116,0.1439732142857142,0.02961275626423698,0.030947318686510794,0.013166144200627006,0.0,-0.15503407816409276
37,2004-03-31,0.027410832232496636,-0.0008084074373484463,-0.005036768409388492,-0.003562945368171033,0.06747383024341036,0.09003350083752104,0.2748691099476439,0.2748691099476439,0.27835051546391765,0.3369565217391304,0.18842364532019704,0.25396825396825395,4.131868131868131,-2.3831168831168834,-0.3118594436310396,0.1483007209062821,0.042004773269689766,0.07903780068728516,0.05974534769833495,0.09000000000000008,0.12097560975609767,0.030973451327433787,0.03895508707607709,0.08353960396039617,0.0,0.002756789871349641
38,2004-06-30,0.036376299153541236,0.19741100323624594,0.012250683405892415,0.08224076281287251,0.06403591682419663,0.06377257011141002,0.19301848049281325,0.19301848049281325,0.19354838709677424,0.1869918699186992,-0.4901554404145078,-0.3234880450070323,-0.7901498929336188,-0.5915492957746479,-0.1851063829787234,0.04529147982062765,0.056344480073293735,0.08917197452229297,0.06284658040665425,-0.013761467889908395,-0.047867711053089734,0.027896995708154515,0.02668725187472432,0.07138777841233579,0.0185185185185186,0.1064046431116994
39,2004-09-30,0.05329542517446373,0.285472972972973,0.025705141028205647,0.052129221732746034,0.08572063069065061,0.10762007945106533,0.30464716006884673,0.30464716006884673,0.29054054054054057,0.2876712328767124,1.548780487804878,-0.06237006237006236,0.9183673469387754,-8.068965517241379,1.605744125326371,0.11754611754611766,0.08889852558542932,0.12475633528265108,0.07739130434782604,0.05581395348837215,0.002742230347349217,0.029227557411273475,0.030934479054779637,0.08688699360341158,0.03636363636363616,0.22179274802135085
40,2004-12-31,0.04981350608559088,0.16452036793692515,0.0252559726962458,0.1943475226796929,0.07895275107383926,0.0022823606129769303,-0.02110817941952503,-0.02110817941952503,-0.047120418848167415,-0.07978723404255318,-0.06937799043062197,0.4301552106430155,-0.6223404255319149,-0.2666666666666667,0.4519038076152304,0.10057581573896356,0.08243727598566307,0.11611785095320615,0.07183212267958017,0.017621145374449254,-0.04831358249772112,0.028397565922920975,0.02771410710564704,0.09416380578715056,0.017543859649122858,-0.02493220849653499
41,2005-03-31,0.04141928848581178,0.05032723990069954,0.01664447403462055,-0.024247735904177614,0.0654976303317536,0.08653220559531549,0.14016172506738545,0.14016172506738545,0.15934065934065922,0.20231213872832374,0.05741216795201365,0.31162790697674425,5.971830985915493,-1.237250554323725,-0.2463768115942029,0.12556679455877218,0.061810154525386414,0.09006211180124213,0.0625,0.051948051948051965,-0.019157088122605304,0.03155818540433919,0.02311435523114369,0.07082025997310626,0.01724137931034475,0.07640015449980697
42,2005-06-30,0.07554877227633883,-0.030941125913192983,0.018617270090747432,0.14281437125748495,0.13032648340894948,0.10598802395209583,0.8156028368794326,0.8156028368794326,0.8104265402843602,0.8173076923076921,-0.09319286871961097,0.7848699763593381,-0.8565656565656565,3.3177570093457938,-0.4230769230769231,0.12364425162689785,0.2151767151767152,0.2564102564102564,0.1261516654854713,0.0576131687242798,-0.009765625,0.028680688336520044,0.0509314308363058,0.2331519464210965,0.016949152542372836,-0.1520022965408354
43,2005-09-30,0.04745409015025048,0.306430155210643,-0.0027553269654665424,0.19701336127849106,0.09467967889186203,0.30860855441256096,0.13736979166666674,0.13736979166666674,0.13089005235602102,0.1243386243386244,0.26005361930294896,-0.909933774834437,5.943661971830987,-2.6904761904761907,1.2396825396825395,0.15306122448979598,0.1477045908183634,0.19104308390022684,0.08873505349276267,0.023346303501945442,-0.1291913214990138,0.02973977695167296,0.04506882896473696,0.10658520027155484,0.06666666666666665,0.09140148950575487
44,2005-12-31,0.04028369924692199,0.11575016972165653,-0.011235955056179804,-0.06325235281243158,0.08073908979797251,-0.09164253206454287,-0.3405838580423584,-0.3405838580423584,-0.3611111111111112,-0.39764705882352935,0.1163120567375886,3.919117647058824,-0.7423935091277891,-0.0038412291933418437,0.5513819985825656,-0.06936139679502529,-0.00770186335403733,0.03188957639219403,0.07976878612716765,-0.14448669201520914,-0.2559456398640997,0.032490974729241895,0.0389750992421507,-0.0036809815950921134,0.046875,0.19106699751861034
45,2006-03-31,0.23333844032480466,0.2293885001521143,0.2944299552906111,0.32126168224299056,0.1939196381053752,0.05374629924846275,0.06684027777777768,0.06684027777777768,0.050724637681159424,0.1171875,0.2839898348157561,2.1838565022421523,1.1732283464566928,-1.4948586118251928,-0.1758793969849246,0.15574402467232076,-0.04807210816224339,-0.026752767527675303,0.12152034261241962,0.07111111111111112,0.08066971080669694,0.03146853146853168,-0.03195554011809654,-0.006157635467980316,-0.029850746268656688,-0.06953125000000004
46,2006-06-30,-0.03220496894409941,-0.18980450383568426,-0.07584370727495138,-0.14659593280282934,0.0008357942831671572,0.013399610979036192,-0.3026851098454028,-0.3026851098454028,-0.3137931034482758,-0.31118881118881114,-0.4661058881741712,-0.9854460093896712,4.416666666666667,0.1610389610389611,-0.2483370288248337,0.101178563486769,-0.19121514992109406,-0.17535545023696686,0.014319809069212487,-0.020746887966805128,0.03661971830985933,0.03050847457627115,0.034086831718693984,-0.1669764560099133,0.0,-0.05065771060733282
47,2006-09-30,0.017264063151814613,-0.09254734270006104,-0.02771938020711673,-0.06879403232490677,0.04988308651597828,-0.01834079761143104,0.36289381563593937,0.36289381563593937,-0.3115577889447235,-0.3096446700507613,0.5829471733086191,45.38709677419354,-0.7244147157190635,-0.6823266219239373,-0.1047197640117994,0.0042407108239093105,-0.17886178861788615,-0.16436781609195394,0.05505882352941184,-0.008474576271186418,0.1603260869565215,0.03618421052631572,0.032095766828591284,-0.10524358497582732,-0.07692307692307697,-0.025501179245282942
48,2006-12-31,0.020630264029525947,0.010770784247728038,0.02746856731000236,0.051179350244770834,0.017287093010923682,-0.07864436237236583,-0.20547945205479454,-0.20547945205479454,-0.26277372262773724,-0.28676470588235303,-0.0954332552693209,-0.454798331015299,0.5436893203883495,-1.8802816901408448,0.10296540362438213,-0.03317916750452443,-0.10415841584158414,-0.09697386519944984,0.02096342551293473,-0.08547008547008539,0.11358313817330212,0.0349206349206348,-0.0033619095646326693,-0.04280964256026598,-0.05000000000000005,-0.0384208137951898
49,2007-03-31,0.016318961520630504,0.052614052614052616,-0.04091971940763839,0.1124047417442846,0.05384695579649712,0.10917236500825278,0.3060344827586208,0.3060344827586208,0.4257425742574257,0.4742268041237112,0.049838187702265335,-0.5408163265306123,1.058176100628931,-1.376,-0.035100821508588516,-0.03785357737104822,-0.03359858532272332,-0.009139375476009182,0.05941459152468331,-0.05607476635514018,0.02523659305993697,0.03374233128834358,0.0369370888851408,-0.008250108554059945,0.0,-0.05379896177442189
50,2007-06-30,0.02399416111668651,0.0819360961720974,-0.009914668833807427,-0.020171265461465304,0.0442202107137557,0.015306122448979663,0.16501650165016502,0.16501650165016502,0.16666666666666674,0.1748251748251748,-0.18249075215782984,0.3138888888888889,-0.5110771581359816,-5.531914893617022,0.164860681114551,0.17596195417207094,0.08828911253430928,0.1114527286702538,0.04783505154639167,0.10891089108910902,0.17538461538461547,0.03264094955489605,0.01984385165907621,0.1278458844133099,-0.01754385964912264,0.10423940149625932
51,2007-09-30,0.010394392967450594,0.0019005847953217359,-0.013707625379627329,-0.03612351912992817,0.037421249585524174,0.05841708542713575,-0.06232294617563738,-0.06232294617563738,-0.053571428571428485,-0.05952380952380942,0.03770739064856722,0.9957716701902748,-0.246875,-1.2347417840375587,-0.033222591362126234,0.07095588235294126,-0.005044136191677207,0.014522821576763434,0.04014167650531286,0.02232142857142838,-0.06544502617801051,0.03591954022988508,0.0266347687400319,0.008152173913043459,0.0,0.039445950015055686
52,2007-12-31,0.073393686438187,0.25419524295928797,0.1369007989347537,0.2625428168446504,0.042098534313501634,0.08367952522255195,0.09667673716012093,0.09667673716012093,0.08805031446540879,0.07594936708860756,0.7979651162790697,0.4311440677966101,0.27385892116182564,-11.18,0.34982817869415817,0.22330930312392727,0.060414026193494015,0.0743012951601909,0.049943246311010325,0.17903930131004375,0.17553688141923418,0.034674063800277384,-0.02905080006214078,0.03889102810935685,0.03571428571428559,-0.006590382387022142
53,2008-03-31,0.05386237301130925,0.02164048865619539,0.06229412195300488,0.1220874561123524,0.04907330324672477,0.10879883169039806,0.2713498622589532,0.2713498622589532,0.2947976878612719,0.3117647058823529,0.08609539207760708,0.8845299777942266,-0.006514657980456029,-1.9214145383104129,-0.2387983706720977,-0.007015574575557793,0.07091633466135461,0.07296954314720816,0.05117117117117132,-0.055555555555555684,-0.11993645750595705,0.03351206434316345,-0.004639999999999978,0.045959970348406376,0.034482758620689724,-0.08952394838521549
54,2008-06-30,0.07685911760120567,0.15305773829859914,0.12038313120176405,0.17252168966007675,0.05011903270266882,0.1886730325979584,0.2443120260021669,0.2443120260021669,0.2499999999999997,0.24663677130044825,-0.1276516561220692,-0.3220738413197172,-0.004918032786885296,-1.023454157782516,0.0073578595317724815,0.21718242193019646,0.09747023809523814,0.08752217622708458,0.05485087418580736,0.15686274509803932,0.08122743682310474,0.04150453955901412,-0.024754862562288985,0.029057406094967982,0.05000000000000005,-0.016574585635359074
55,2008-09-30,0.02762764211948654,-0.04987654320987656,-0.039239805646103736,-0.02183406113537123,0.07135186731893572,-0.013988919667590085,-0.011319111885067512,-0.011319111885067512,-0.0035714285714284477,0.0,0.3246587030716723,0.3314020857473927,0.4184514003294893,-5.909090909090909,-0.03585657370517925,-0.09194334803807758,0.07898305084745783,0.07558455682436094,0.08092297692557683,-0.13898305084745766,-0.21202003338898168,0.039850560398505534,0.042525135981539286,0.0461432506887054,0.03174603174603185,-0.028659827389675874
56,2008-12-31,-0.02470121392847924,-0.2544698544698545,-0.09019909096728762,-0.23933531746031744,0.013475888183539286,-0.4287118977384464,-0.8049317481285777,-0.8049317481285777,-0.8100358422939068,-0.8237410071942446,-0.1896940418679549,0.2563098346388164,-1.8083623693379791,-7.018518518518517,0.22382920110192828,-0.2965993352083865,-0.1658812441093308,-0.1547017189079879,0.012928442573661993,-0.3503937007874016,-0.38559322033898297,0.0383233532934133,0.03905138339920966,-0.07801184990125076,-0.07692307692307697,-0.01994970662196149
57,2009-03-31,-0.02207670269879869,-0.17233686558839936,-0.07704756543765834,-0.12536680795565702,0.00619047619047608,-0.2370297516597,-0.16930022573363435,-0.16930022573363435,-0.15094339622641506,-0.08163265306122447,-0.6899841017488076,-0.5957741600277104,-1.3793103448275863,-3.0030769230769234,-0.3663477771525042,0.013267902580879731,-0.2414312617702449,-0.2254784688995215,0.005936479667557171,0.0,0.16034482758620694,0.03690888119953861,0.028910529519172282,-0.10710460549803646,-0.1333333333333333,-0.05371193978788913
58,2009-06-30,0.029911373707533162,0.12163072776280325,0.06335290081573541,0.00857409133271192,0.012996468746587107,0.1882049629390912,0.8532608695652173,0.8532608695652173,0.8666666666666665,0.8666666666666665,0.8217948717948718,0.0925449871465296,-2.8295454545454546,-1.966205837173579,0.5586145648312609,0.1042152466367714,-0.3172790466732869,-0.301930501930502,0.012688108586603741,0.10303030303030304,0.4071322436849927,0.036707452725250216,-0.016415261756876687,-0.1627349060375849,-0.17307692307692313,0.11216558206796813
59,2009-09-30,0.009059400023903486,0.05136677680985291,-0.01821049612847725,-0.05636666050637595,0.022712570976784363,0.11310008136696492,0.3592375366568914,0.3592375366568914,0.3571428571428571,0.3571428571428571,0.15552427867698793,-0.3678431372549019,-3.0351966873706004,-1.2337042925278219,-0.0837606837606838,0.1229694606887588,-0.3658181818181818,-0.3561946902654867,0.021561771561771532,0.10439560439560423,0.600844772967265,0.03540772532188852,0.013531799729364023,-0.227316141356256,-0.16279069767441867,0.1140999593661114
60,2009-12-31,0.04773297958023415,0.15514285714285725,0.10048196290346144,0.19310614962788875,0.02189191088621833,0.09868421052631572,0.011866235167206085,0.011866235167206085,0.017543859649122858,0.008771929824561429,0.19975639464068212,1.5794044665012406,-0.7263479145473042,1.5714285714285716,-0.2350746268656716,0.149573267756401,0.18463302752293576,0.1855670103092784,0.02167712492869356,0.12935323383084585,0.7955145118733509,0.034196891191709884,-0.02462542649458544,0.1693448702101361,0.0,-0.0318039244292071
61,2010-03-31,0.02943769924710038,0.12391788276032645,0.028135368281353657,0.05712409717662514,0.029366252879887256,0.058106010201818485,0.13432835820895514,0.13432835820895514,0.1293103448275863,0.13913043478260878,0.1218274111675126,-0.493025493025493,0.8252788104089219,-2.7592592592592595,0.5406504065040652,0.010192525481313773,0.21297192642787974,0.20434782608695626,0.029034059184812836,-0.013215859030836885,-0.17634092578986027,0.03306613226452915,0.0,0.11786469344608876,0.08333333333333348,0.06321102991034433
62,2010-06-30,0.015989106323164526,0.011113556338028241,-0.009487543565251057,-0.05869565217391304,0.028829129781192675,-0.0020959966464053625,-0.0009398496240601297,-0.001879699248120259,0.0,0.0,-0.06470588235294117,0.22865275142315,-0.2973523421588594,-0.3578947368421053,0.22532981530343,0.04098156452416535,0.07741420590582604,0.07821901323706393,0.028757460661964274,0.013392857142856984,-0.16057091882247998,0.036857419980601325,0.012623574144486671,0.04018912529550822,0.0512820512820511,0.07412131519274379
63,2010-09-30,0.026892064246957448,-0.029056480574600082,0.020329706131491543,0.038931045859452285,0.029547373206052274,0.02835538752362954,0.12041392285983064,0.11958568738229758,0.114503816793893,0.114503816793893,0.1272375423318819,0.718146718146718,-0.07826086956521737,-1.4988290398126465,-0.09173126614987084,-0.07167643891348563,0.03703703703703698,0.03571428571428559,0.029008438818565407,-0.09691629955947144,-0.16046758767268865,0.035547240411599734,0.0025533193151097144,0.02090909090909077,0.0,-0.06544398997229184
64,2010-12-31,0.10376186767151553,0.4636852723604572,0.27389999361389616,0.2424579231502064,0.024473319036205414,-0.05698529411764708,0.017632241813602127,0.01934398654331381,0.02054794520547953,0.013698630136986356,0.17682403433476396,1.0242696629213484,-8.034591194968552,-3.2300469483568075,0.22238027501185398,0.1450116009280742,0.03571428571428559,0.018318965517241548,0.02409021014864177,0.1121951219512196,0.07468354430379742,0.03432700993676585,-0.07191011235955047,0.058325912733748986,-0.02439024390243893,0.17810249894112662
65,2011-03-31,0.03114510222764721,-0.18898843709319246,0.023009825546420608,0.20012779552715654,0.0361408693510652,0.24019926359107635,0.278052805280528,0.2755775577557755,0.2751677852348993,0.28378378378378377,-0.1896425966447848,-0.6134547069271759,-1.4286991506481894,-2.0063157894736845,-0.18541505042668732,0.13036136440391766,0.07379310344827594,0.060317460317460325,0.03628628628628626,0.10087719298245612,0.06360424028268552,0.04017467248908302,0.004842615012106588,0.053849389987379086,0.0,-0.3242255377793757
66,2011-06-30,0.009803014889484984,-0.06118402417146629,-0.04763071495075222,-0.13821744223192425,0.044625349099768334,0.07806496681802311,0.17301484828921887,0.17335058214747745,0.17368421052631589,0.17368421052631589,0.5040504050405041,0.4646754738655945,-0.06360792492179357,-0.7782426778242678,-0.05047619047619045,0.06343989642465897,0.11303789338471425,0.10379241516966076,0.04467519922723984,0.02788844621513964,-0.03875968992248058,0.03862300587741396,0.0345381526104418,0.07425149700598799,0.024999999999999908,0.08937754921085306
67,2011-09-30,0.0485209268248008,0.14412149250729156,0.06843323900180097,-0.13456073149635486,0.037514220705346935,-0.027053296614288014,-0.02531645569620256,-0.02590959206174204,-0.02690582959641264,-0.02690582959641264,-0.08019150209455418,-0.1384313725490196,-2.300668151447661,-20.29245283018868,1.0255767301905716,-0.16192170818505347,0.061742642815926015,0.051537070524412254,0.03883495145631066,-0.1976744186046513,-0.2707373271889401,0.03718674211802764,-0.010403726708074544,0.04607952434039375,0.0,0.32199251180205124
68,2011-12-31,0.04891342324086368,0.014592123769338938,0.0798940524921743,0.13463735008566524,0.03127826968941028,0.004662004662004726,-0.07735742518351219,-0.07583474816072444,-0.06912442396313356,-0.06912442396313356,0.18510084580351327,0.5543923532089212,-1.4160958904109588,-1.126161369193154,-0.06387719732607078,-0.061347636607442135,0.02826086956521734,0.030954428202923486,0.03204272363150884,-0.09661835748792258,-0.14691943127962082,0.03585346843335935,-0.01694649301741724,0.0031971580817051768,0.024390243902439046,-0.10577515084349233
69,2012-03-31,0.026280727466524656,0.038554843181424436,0.02011237959329293,0.019000880835535527,0.029957469431153738,0.038780245276764935,-0.04589963280293763,-0.04715248009797923,-0.04950495049504955,-0.04950495049504955,-0.24101015646445234,-0.2928257686676428,-0.23662551440329216,-0.9186046511627908,-0.005554086220576515,0.18178571428571424,-0.03276955602537002,-0.030859049207673125,0.02996981457524805,0.14438502673796785,0.10462962962962964,0.040632054176072296,0.003671189146049693,-0.02089235127478739,0.0,0.019140732580556367
70,2012-06-30,0.04318262958034458,0.012179861516643076,0.0812240437158469,-0.02605581625092613,0.02072418509820117,-0.07977026164645817,-0.1481719050673509,-0.1478149100257069,-0.14583333333333334,-0.14583333333333334,0.15479204339963834,0.5515527950310559,-4.245283018867925,-31.952380952380953,0.1728723404255319,-0.11947214667069606,-0.09890710382513668,-0.10929432013769368,0.022189658781662125,-0.14485981308411222,-0.12154233025984905,0.0390455531453362,-0.021628498727735423,-0.0564195298372514,-0.04761904761904756,0.03931901094446698
71,2012-09-30,0.020876437005117987,-0.018462045660595058,0.016900497311284512,-0.006719918853810071,0.02336283185840715,0.03415395284327327,0.03539156626506035,0.03469079939668185,0.030487804878048808,0.030487804878048808,-0.20419668023802065,-0.2770216172938351,-1.4003322259136213,-2.0,-0.14739229024943312,0.00583457270335197,-0.08671922377198292,-0.09468599033816416,0.02314151136596365,-0.016393442622950838,0.08206106870229002,0.03757828810020891,0.002438231469440888,-0.06132617861249522,-0.05000000000000005,-0.011830473218928715
72,2012-12-31,-0.021561904761904786,-0.20295574775379965,-0.03932249214742956,-0.06944089864692371,-0.011315906507881612,0.034534786253143324,-0.7556363636363637,-0.7551020408163265,-0.7514792899408285,-0.7514792899408285,0.10704447068083424,0.3968253968253968,1.483402489626556,2.335384615384615,-0.5765957446808511,-0.09110555050045499,-0.2324037184594955,-0.23265741728922096,-0.005604483586869491,-0.11111111111111104,-0.03086419753086412,0.03621730382293764,0.010539970812388331,-0.22458146182115146,0.0,-0.14346796474148138
73,2013-03-31,0.02513627160878373,0.06974294142435733,0.0298816323152058,0.06803840877914946,0.02164134346261504,-0.048452438826770416,3.032738095238095,3.0267857142857144,3.0,3.0,-0.03590472804834699,-0.4199260042283298,-1.0258980785296574,-1.2527675276752768,0.3442211055276383,0.03829307971467899,-0.057093425605536326,-0.05980528511821993,0.021336553945249692,0.04374999999999996,0.3312101910828027,0.04142394822006469,-0.0033697047496790145,-0.028436018957346043,-0.02631578947368418,0.0015359803394516813
74,2013-06-30,0.024276859504132275,0.06943076620051203,0.027648288056582482,0.05753917287438993,0.02130521990117895,0.015326975476839257,-0.024354243542435428,-0.02512934220251295,-0.02380952380952384,-0.02380952380952384,0.29535398230088505,-0.04145785876993169,-16.483870967741936,0.6952554744525548,0.4341121495327103,0.04543811016029875,-0.01467889908256881,-0.013313609467455634,0.02128498226251474,0.0239520958083832,0.09159261790840743,0.03977625854568068,-0.0028980840444373657,-0.009756097560975618,-0.027027027027027084,0.011272141706924366
75,2013-09-30,0.029886387232654018,0.09936458237406763,0.0350774284373534,0.07384017488462469,0.02483653869183056,0.08168399865816832,0.1974281391830559,0.1971190295678545,0.19512195121951206,0.19512195121951206,0.01366353543979515,0.10313688212927752,0.12083333333333335,-0.2443487621097955,0.2287390029325513,0.03412497117823388,0.03258845437616387,0.03298350824587715,0.024507912003087773,0.011695906432748648,0.03443957420162791,0.03825463239689175,-0.0050056515420635606,0.026819923371647517,0.0277777777777779,0.023733697300576395
76,2013-12-31,8.640926307301733e-05,-0.051516166862120905,-0.015036457743020091,-0.04614340646912463,0.007852301939705429,-0.042952395720266656,0.03790271636133924,0.03799873337555404,0.04591836734693877,0.04081632653061229,-0.11794439764111207,-0.3222748815165877,2.617100371747212,-1.5384615384615383,-0.10023866348448683,0.05663322185061315,0.260595130748422,0.25979680696661833,0.022038048596722426,0.03468208092485558,0.006658595641646503,0.03684513529073108,0.007789678675754751,0.2841151385927507,-0.027027027027027084,-0.005629212650914761
77,2014-03-31,-0.002419250320406685,-0.0374459065618652,-0.006328871159525962,-0.02893051932653545,-0.0029680471177480072,-0.013609850939727771,-0.15398660986001222,-0.15314215985356927,-0.14634146341463405,-0.1421568627450981,-0.14135625596943646,0.5085823267641449,-0.2882836587872559,1.806878306878307,-0.3127026230474507,-0.0307026798902722,-0.006437768240343478,-0.00691244239631339,0.008661997788426135,-0.05586592178770955,-0.2453397474443776,0.03997779011660185,-0.000483091787439549,-0.002905770029057675,0.0,-0.00871508379888275
78,2014-06-30,0.014695055936485126,-0.010367923662721323,0.02219563035590211,0.08290598290598282,0.006767756639843636,0.030716162943495325,0.029496402877697836,0.028818443804034644,0.04571428571428582,0.040000000000000036,0.0630329996292176,-0.27728613569321536,-0.2108303249097473,-1.055607917059378,0.02530017152658659,0.08250789158593652,0.009359251259899226,0.008120649651972123,0.014617211766855487,0.0769230769230771,0.07250996015936262,0.038441003737319734,-0.007894312872563258,0.005412156536219737,0.0,-0.08618875864141873
79,2014-09-30,0.0173132459846641,-0.025866864453921726,0.0356482005966543,0.0735144886683956,0.00438910577744922,-0.04446215139442233,-0.15583508036338226,-0.1561624649859944,-0.15300546448087438,-0.14835164835164838,-0.07987443320544119,0.5988338192419824,-1.5580969807868252,7.576271186440677,0.21162693433709734,0.0064353946706887655,-0.0663338088445079,-0.06904487917146153,0.00972447325769843,-0.01098901098901095,-0.017830609212481474,0.03701799485861201,-0.01266645014615142,-0.044720496894409933,-0.02777777777777779,-0.0925088397335746
80,2014-12-31,-0.2132708712068242,0.320357856666984,-0.22333637192342748,-0.13412456674719042,-0.19595666873663145,-0.8410607071380921,-3.825331125827815,-3.8257261410788383,-3.838709677419355,-3.838709677419355,0.08642911296436684,-0.4018964259664478,-1.5475409836065572,0.7628458498023716,0.30790472903003097,-0.15346188430412633,-0.8854087089381207,-0.8862793572311496,-0.19083288746210106,-0.1611111111111111,-0.10514372163388808,0.0356965790778383,0.022039473684210442,-0.8617251842219332,-0.17142857142857149,0.5248278361725265
81,2015-03-31,-0.05101405997262665,-0.2478915879766453,-0.09741784037558687,-0.16120815138282385,-0.022740925083669428,2.241343126967472,-0.9361265748608264,-0.9359765051395008,-0.9363636363636364,-0.9363636363636364,-0.8042568039078856,0.3451219512195123,-1.026946107784431,-2.8340807174887885,-0.43177619424650304,-0.08273338841024436,-2.6933333333333334,-2.717391304347826,-0.01961648666519733,0.13245033112582782,8.124260355029586,0.034466251795117316,0.029771483746379168,0.0,-0.10344827586206884,-0.10333967197527938
82,2015-06-30,0.018355841090861524,0.05501245926777831,0.09581274382314686,0.1315979754157628,-0.025231237560004668,0.12301715765619935,-1.8073394495412844,-1.8073394495412844,-1.821428571428572,-1.821428571428572,0.43493761140819975,-0.2370806890299184,163.55555555555554,-1.3685819070904646,0.2800743149094287,-0.0002573340195572982,1.4212598425196852,1.4177215189873411,-0.0200089928057553,0.023391812865497075,0.0,0.034706154558074916,-0.04281919049851535,0.0,-0.11538461538461542,-0.0676651865597454
83,2015-09-30,-0.0787213301697659,-0.042514534883720916,-0.04082213889020747,-0.05009584664536737,-0.10269653474265804,-0.06428365523205537,-15.823863636363635,-15.823863636363635,-15.869565217391305,-15.869565217391305,0.2670807453416149,-0.2697563874034462,-1.0,-1.3466003316749586,-0.07583454281567492,-0.09034749034749033,1.977235772357724,1.9659685863874348,-0.10231704519385176,-0.07428571428571418,0.0,0.03354203935599287,-0.025959183673469388,0.0,-0.13043478260869568,0.007961330679556509
84,2015-12-31,-0.13280360957495665,-0.10796963946869063,-0.05542633740782898,-0.07951029194134263,-0.18512817080516691,-0.1756007393715342,0.9846684553468764,0.9846684553468764,0.9853801169590644,0.9853801169590644,-0.05392156862745101,-0.7518307567127747,-inf,-4.1291866028708135,0.2567726737338045,0.006366723259762175,0.4052430365920259,0.3733451015004412,-0.18527983644262724,0.12345679012345667,0.0,0.032453483340545215,-0.06034193764666451,0.0,0.25,-0.030888575458392187
85,2016-03-31,-0.03266800193383523,-0.12390980642416505,-0.04495206161261589,-0.002338497515346427,-0.023039014373716585,-0.14760837070254107,-1.015063731170336,-1.015063731170336,-1.0147275405007363,-1.0147275405007363,-0.2860103626943005,1.0885245901639342,11.833333333333336,-1.0382262996941896,-0.00781005935645107,-0.08308730493462667,0.05207928488146152,0.01992287917737801,-0.022898368883312425,0.12637362637362615,0.0,0.0314333612740989,0.00998929718159114,0.0,0.0,-0.12188909911221067
86,2016-06-30,0.00897234518539669,0.08923151632876047,0.05842339129957753,-0.2283914444769997,-0.028920929841523387,0.12143796580447175,-2.782051282051282,-2.782051282051282,-2.8,-2.8,0.6386066763425253,0.09419152276295127,-2.8571428571428568,-24.0,0.18104534005037776,0.11361545538178475,0.14665681566309566,0.11153119092627596,-0.02921348314606742,0.13658536585365866,0.0,0.03047541649735885,-0.03761921582479688,0.0,-0.040000000000000036,0.4116184635783542
87,2016-09-30,-0.0180445807288595,-0.029090503789567568,0.002073183373069387,0.07993164989557623,-0.03484697632137135,0.06841282251759195,0.7338129496402879,0.7338129496402879,0.7777777777777779,0.7777777777777779,-0.4242692648361381,-0.07890961262553797,-5.048951048951049,-1.9930434782608697,-0.15222607304718738,0.007297260085364244,-0.2451675257731959,-0.26700680272108845,-0.03505291005291,0.03862660944205998,0.0,0.029968454258675118,-0.017067351807671268,0.0,0.0,-0.10091581542796756
88,2016-12-31,0.035527263992313214,-0.03248765928136843,0.11782352332678192,0.11849507735583685,-0.035836024398995366,-0.0786681302597878,0.12863070539419086,0.12863070539419086,0.09375,0.09375,0.4076923076923078,3.3084112149532707,-2.5613126079447324,0.658493870402802,-0.2977987421383648,-0.043466375068343284,-0.892018779342723,-0.8948182521268369,-0.035983550376970534,-0.008264462809917328,0.0,0.029096477794793074,-0.06889469753547417,0.0,0.0,-0.13503101534443362
89,2017-03-31,-0.014938875872787638,-0.02254390128144279,-0.0104571534332778,0.0770198050927382,-0.019444573661441145,0.1743447180301827,-1.4301470588235294,-1.4301470588235294,-1.4285714285714286,-1.4285714285714286,-0.2874316939890711,-0.7039045553145336,-1.6327433628318584,-0.2196409714889124,-0.3309449171518137,-0.042869391254644174,-0.03952569169960474,-0.07352941176470584,-0.01990757198720228,-0.008333333333333305,0.0,0.02827380952380953,-0.0046119911770603475,0.0,0.04166666666666674,-0.09239827885559004
90,2017-06-30,-0.011374072765807151,-0.019786355911629028,-0.02062096698774896,-0.06727962638645646,-0.001992504388253713,0.03483260060872495,3.333333333333333,3.3162393162393164,3.4000000000000004,3.4000000000000004,1.8420245398773003,-0.33699633699633696,0.02447552447552437,-1.9797023004059544,0.4846050870147256,-0.08226336219767105,-1.2098765432098766,-1.2063492063492065,-0.0021762785636560977,-0.06302521008403361,0.0,0.02749638205499272,0.009468170829975751,-0.6959247648902821,0.08000000000000007,0.05090243699575825
91,2017-09-30,-0.012838835691486805,-0.12755417956656345,-0.00816423967534019,-0.0045376310436551215,-0.017492988543993948,-0.019934640522875857,-0.6252465483234714,-0.6257425742574257,-0.6212121212121212,-0.6212121212121212,-0.42255801403130056,0.6556169429097607,-0.005119453924914641,-1.569060773480663,-0.1857529305680794,0.004880429477794213,4.019607843137255,3.9230769230769234,-0.01817520901490366,0.008968609865470878,3.0875486381322954,0.027112676056338048,-0.004789463181001818,3.8144329896907214,0.0,-0.12354570637119122
92,2017-12-31,0.014067514417392513,0.1738821859474804,0.032733224222585955,0.16315624017604535,-0.0046930185301659036,0.16438812937645886,1.6157894736842104,1.613756613756614,1.6,1.56,0.32803738317757003,0.06006674082313679,0.032590051457976,-0.6747572815533979,-0.07419712070874862,0.11332361988020055,1.4453125,1.4374999999999996,-0.0044427989633469825,0.1333333333333333,-0.7804673511479794,0.026396983201919744,-0.0184479647082414,1.2334047109207709,0.11111111111111094,0.009210763951598366
93,2018-03-31,0.018607528672726303,0.0754534461910521,0.029458376060408364,-0.04459459459459458,0.007291464125996461,0.0776059564719358,0.4245472837022133,0.4271255060728745,0.41538461538461546,0.4375,-0.2899366643209008,0.018887722980063026,-0.8272425249169435,-0.5074626865671642,-0.039473684210526334,0.021957248800349,0.4568690095846646,0.4487179487179487,0.0063220528077352345,0.0235294117647058,-0.5731984307247573,0.025718102872411386,-0.011031664964249229,0.3633748801534036,0.06666666666666665,0.12562634216177535
94,2018-06-30,0.029410390581199763,0.235664492916573,0.047541428959521966,0.14257425742574248,0.010085899044493862,0.08503853308530429,0.19774011299435035,0.1957446808510639,0.19565217391304346,0.19565217391304346,0.7403369672943511,0.3542739443872296,5.586538461538462,2.696969696969697,-0.15193026151930267,0.07512805919180421,0.18092105263157893,0.165929203539823,0.011456023651145621,0.06896551724137945,-0.26003870343493,0.025073266037121344,-0.018797769055980185,0.09423347398030946,0.0625,0.08147853736089039
95,2018-09-30,0.0201965189370732,0.011101000909918168,0.014177040110650019,0.036395147313691416,0.02665902250250829,0.27749204016654416,1.2040094339622642,1.2075919335705811,1.2181818181818178,1.2181818181818178,0.3690205011389521,-1.4456273764258556,1.040875912408759,-7.524590163934426,1.1688693098384728,0.06723133933298042,0.7316620241411327,0.7115749525616699,0.039824625502374866,0.05734767025089616,-0.09414841451454724,0.024777636594663255,0.006315789473684275,0.5154241645244217,0.11764705882352945,-0.024402793090775532
96,2018-12-31,-0.02453455524167536,-0.10619150467962568,-0.040061370610296576,-0.11466794075489728,-0.007399134440876699,-0.5210889570552147,-0.6222578919208133,-0.6211714132186996,-0.6147540983606558,-0.6188524590163934,0.03993344425956735,-3.569965870307167,-0.34549356223175964,-0.9503768844221104,0.026743398781313488,-0.13082837301587302,0.04450402144772125,0.0432372505543237,0.0,-0.16610169491525428,-0.504150126308192,0.02417854928704277,0.017573221757322118,0.12128922815945732,-0.07894736842105265,0.009568296541851984
97,2019-03-31,0.011994344871619544,-0.06665324204591216,0.027526194281655147,0.016864543982730632,-0.004406938584153752,0.3751000800640512,-0.10623229461756377,-0.10921985815602844,-0.1063829787234042,-0.09677419354838723,-0.6208,-0.06042496679946874,-0.11038251366120222,-17.21518987341772,-0.4223541048466865,-0.08660293907832795,-0.024640657084188944,-0.027630180658873568,-0.0021082220660576523,-0.08536585365853655,-0.1353711790393013,0.02360774818401934,-0.01624177631578949,0.0022692889561271024,-0.02857142857142847,-0.08216417910447771
98,2019-06-30,0.008787742226228135,0.016720604099244918,0.012054960248876643,0.04550882313918003,0.005226973064607289,0.303056768558952,0.006339144215530945,0.0063694267515923535,0.0,0.0,1.1234177215189876,-0.08975265017667844,-0.10810810810810813,-0.9992193598750976,-0.0005707762557077832,-0.09543892533583254,-0.05684210526315792,-0.05683060109289618,0.004577464788732444,-0.09333333333333327,-0.08164983164983175,0.0230632761679479,-0.003552769070010453,-0.07584905660377361,0.02941176470588225,-0.027481909098300727
