,Quarter end,Assets,Current Assets,Liabilities,Current Liabilities,Shareholders equity,Revenue,Earnings,Earnings available for common stockholders,EPS basic,EPS diluted,Cash from operating activities,Cash from investing activities,Cash from financing activities,Cash change during period,Cash at end of period,Price,ROE,ROA,Book value of equity per share,P/B ratio,P/E ratio,Cumulative dividends per share,Equity to assets ratio,Net margin,Asset turnover,Current ratio
0,1993-12-31,0.0018280747441126175,-0.002187711006076953,0.012152961246395531,-0.027282717760045868,-0.03409788492661425,0.11731191960881082,-1.4192059095106186,-1.4192059095106186,-1.4098360655737705,0.0,10.911357340720222,-0.9958053691275168,-1004.0,-0.15526315789473688,-0.18460043721156186,0.1163018621365568,0.7319884726224783,0.12879884225759786,-0.03489932885906033,0.09189189189189184,-0.38193018480492813,inf,-0.036489151873767216,0.6759002770083102,0.056179775280898785,0.025775818212650625
1,1994-03-31,0.0018280747441126175,-0.002187711006076953,0.012152961246395531,-0.027282717760045868,-0.03409788492661425,0.11731191960881082,-1.4192059095106186,-1.4192059095106186,-1.4098360655737705,0.0,10.911357340720222,-0.9958053691275168,-1004.0,-0.15526315789473688,-0.18460043721156186,0.1163018621365568,0.7319884726224783,0.12879884225759786,-0.03489932885906033,0.09189189189189184,-0.38193018480492813,inf,-0.036489151873767216,0.6759002770083102,0.056179775280898785,0.025775818212650625
2,1994-06-30,-0.01755880909959462,-0.05952252057167606,-0.03044269434997915,0.047597995873857935,0.030361682458978526,0.11731191960881082,-1.4192059095106186,-1.4192059095106186,-1.4098360655737705,0.0,10.911357340720222,-0.9958053691275168,-1004.0,-0.15526315789473688,-0.19124218051832,0.1163018621365568,0.7319884726224783,0.12879884225759786,0.029207232267037583,0.09189189189189184,-0.38193018480492813,1.0,0.049471170249061565,0.6759002770083102,0.056179775280898785,-0.10222075274150001
3,1994-09-30,-0.007937550923857284,-0.016779392718376696,-0.024321954371336663,0.007924227505040626,0.011691479518882941,0.05075082309483658,0.5440528634361232,0.5440528634361232,0.5800000000000001,0.0,-0.217906976744186,131.8,-0.5415752741774675,-1.67601246105919,0.1598526703499079,0.1163018621365568,0.7319884726224783,0.12879884225759786,0.007432432432432413,0.09189189189189184,-0.38193018480492813,0.5,0.01983094928478546,0.6759002770083102,0.056179775280898785,-0.024551927326295183
4,1994-12-31,0.09093478164878356,0.21573678356068135,0.051086373813503234,0.18789542240416826,0.10830284890810328,0.16729079098204047,4.249643366619115,4.249643366619115,1.6075949367088609,0.0,0.7579542075527803,1.8433734939759037,-0.5898216615919964,6.011520737327189,0.9663385201651318,0.1163018621365568,0.7319884726224783,0.12879884225759786,0.10865191146881292,0.09189189189189184,-0.38193018480492813,0.3333333333333333,0.01753267452980567,0.6759002770083102,0.056179775280898785,0.0234709287691921
5,1995-03-31,0.030526503254217463,0.09173649234325333,0.0331223185622993,0.06226747601331506,0.01855371074214851,-0.008282047924577762,-0.4733695652173913,-0.4733695652173913,-0.4757281553398058,0.0,-0.9254059539918807,-1.5847457627118644,-0.4676564156945917,-0.6743345382845876,0.16004521963824292,0.1163018621365568,0.7319884726224783,0.12879884225759786,0.02298850574712641,0.09189189189189184,-0.38193018480492813,0.28333333333333344,-0.011278195488721776,0.6759002770083102,0.056179775280898785,0.02772825084537356
6,1995-06-30,0.01152368758002553,0.03546380838957264,0.0207347175838537,-0.15867281105990785,0.04713507143909257,0.04149199537877535,0.13209494324045412,0.13209494324045412,0.13888888888888884,0.0,9.65532879818594,-4.436594202898551,1.1095617529880475,-1.1786074672048437,-0.024641514687456456,0.1163018621365568,0.2013311148086523,0.12879884225759786,0.04612655233589602,0.09189189189189184,-0.38193018480492813,0.22077922077922074,0.035804816223067304,0.1867768595041324,0.021276595744680767,0.2307370184254607
7,1995-09-30,0.06357070746291837,0.07940362087326935,0.09098409627585413,0.06467727093466548,0.029329019552679636,0.05416455375253548,0.03190519598906105,0.03190519598906105,0.03252032520325199,0.0,0.19663758246435406,0.6444385872430154,-4.280453257790368,-17.28813559322034,0.4115044247787612,0.20866256950541406,0.12742382271468156,0.12879884225759786,0.0373092142453364,0.15346534653465338,-0.039867109634551416,0.18085106382978733,-0.03181401040073428,0.1169916434540388,0.01041666666666674,0.013853108443104832
8,1995-12-31,-0.00381144309121173,-0.06434744859702435,-0.01044410253735628,0.09157509157509147,0.012344835440154966,-0.054718739665073235,-0.3334805653710248,-0.3334805653710248,-0.3385826771653544,0.0,0.13142450649119694,-0.7137361756691778,-2.124064478986759,-0.7686437738466875,0.0674486803519061,-0.024939467312348532,-0.2362817362817363,-0.23461538461538456,0.02452316076294281,-0.06008583690987135,-0.17647058823529416,0.15315315315315314,0.016429699842022142,-0.2206982543640897,-0.010309278350515427,-0.14287084092434554
9,1996-03-31,0.019848424879428842,0.0221228673260645,0.02852700512563744,0.065304275695649,-0.006637118365694028,0.010718488597690978,0.1809145129224652,0.1809145129224652,0.20238095238095236,0.0,-0.7900031436655139,0.5727883538633818,-0.3385403329065301,-7.013493253373313,-0.379973474801061,0.056866153464117275,-0.039142091152814966,-0.040201005025125684,-0.010106382978723459,0.03196347031963453,0.3487394957983194,0.1953125,-0.026111283804787,-0.03200000000000003,-0.01041666666666663,-0.04049669985456983
10,1996-06-30,-0.013662301821161129,-0.02863863326868321,-0.020228548002767188,0.0021943795568768465,0.0030349701032796887,0.0710239788532947,-0.2581369248035915,-0.2581369248035915,-0.2475247524752475,0.0,1.8869760479041915,-0.35243859024563906,-0.25861401471157563,-1.030665669409125,0.018792971734148182,0.08599624060150357,-0.1205357142857143,-0.12739965095986028,0.01182160128962928,0.09734513274336297,0.10358255451713404,0.1633986928104576,0.016916693265240926,-0.12892561983471074,0.0,-0.03077999300454704
11,1996-09-30,-0.02197594013450788,-0.057436594587705565,-0.023378966775193244,-0.06392145783302727,-0.016167637628144327,-0.04257382106654917,-0.4826021180030258,-0.4826021180030258,-0.4868421052631578,0.0,-0.0852994555353902,0.4233095107201759,-0.5133159268929504,-0.8211382113821138,0.0032993401319736377,-0.024448290783210647,-0.2284263959390862,-0.2260000000000001,-0.0122145512480083,-0.03629032258064513,0.0931545518701482,0.14044943820224698,0.005649717514124353,-0.22580645161290314,0.0,0.006916877180319858
12,1996-12-31,0.002041348482026528,-0.03520079325731285,-0.012330802907980831,-0.10458009507281374,0.024190957080560068,0.009175719634198831,0.9897660818713451,0.9897660818713451,1.0,0.0,0.15306122448979598,0.8787176516029356,-1.087982832618026,-33.22727272727273,-0.1059790732436472,0.0022177866489243576,-0.028782894736842143,-0.023255813953488302,0.02849462365591382,0.01673640167364021,0.2963202065848933,0.11822660098522175,0.022471910112359602,-0.03921568627450989,0.010526315789473715,0.07747446389104606
13,1997-03-31,-0.003858764749180344,0.02317107353078573,-0.015033211332520002,0.03193730513187831,0.00726066690570093,-0.004895849171354771,0.1689933872152829,0.1689933872152829,0.17948717948717952,0.0,-0.3967551622418879,-0.7177220394736843,-23.97560975609756,0.12552891396332866,-0.1334225045978933,0.1887585749059526,-0.04149026248941578,-0.029100529100529068,0.002090956612650352,0.15637860082304522,0.21314741035856574,0.07488986784140961,0.011294261294261254,-0.04336734693877553,0.02083333333333326,-0.008482093358465503
14,1997-06-30,0.010016420361248056,0.05325997625787604,0.026258928448548824,-0.03768577494692149,0.025607368514728224,0.060292140325143524,0.3048397234443747,0.3048397234443747,0.2934782608695652,0.0,1.8035859820700897,-0.14566642388929352,0.07112526539278141,-5.56140350877193,0.70229596758634,-0.007818317200297908,0.14045936395759706,0.15803814713896447,0.02451747522170056,-0.01067615658362997,0.023809523809523947,0.07786885245901631,0.015695744038635828,0.14666666666666672,0.010204081632652963,0.09449259155717082
15,1997-09-30,0.005313252833981208,0.03665171120792432,0.01223028336171872,0.1141753998896855,-0.002885095121369252,-0.01882007089950144,0.09874759152215806,0.09874759152215806,0.10924369747899164,0.0,-0.3635174418604651,0.4390451832907076,-0.6258671952428146,-0.4848901098901099,0.21251275076504594,-0.07129455909943705,0.2625871417505809,0.2752941176470587,0.005600814663951015,-0.09352517985611508,-0.1932638331996792,0.07224334600760463,-0.008023774145616723,0.2651162790697674,0.010101010101010166,-0.0695785440613027
16,1997-12-31,-0.03921611867010677,-0.07650330350422352,-0.044594003789033,-0.06607006854531605,-0.03855023278075098,-0.02032663611796504,-0.0780359491451118,-0.0780359491451118,-0.0757575757575758,0.0,0.1790363096597396,0.5118483412322274,5.935099337748344,-2.4346666666666668,-0.2514488689474668,0.12505050505050508,0.10368098159509208,0.10885608856088558,-0.014683544303797482,0.11904761904761907,-0.12326043737574555,0.06737588652482263,0.0,0.0974264705882355,0.010000000000000007,-0.011145884807555071
17,1998-03-31,0.08434960904625655,0.1559011976725757,0.14734798585592454,0.2091335372069316,0.0027379282255510784,0.04137682897577366,-0.0019020446980504426,-0.0019020446980504426,0.024590163934426142,0.0,-0.5380592678675189,0.2848746081504703,-1.3909472880061116,-1.426022304832714,0.14310689310689306,-0.0538696354821332,0.06725958866036685,0.04825291181364389,0.0015416238437819807,-0.03900709219858156,-0.14342403628117914,0.09302325581395364,-0.07519472738166566,0.048576214405360085,0.0,-0.044031093836757296
18,1998-06-30,0.24013800791640505,0.15884830085202228,0.3202765255435636,0.10686585283604244,-0.01816540674715106,0.03803408960036858,-0.01333968556455456,-0.01333968556455456,-0.008000000000000007,0.0,1.8616352201257864,3.1677340652638,1.9457743038593065,-1.7085514834205933,-0.0887043915228315,0.028468400075915667,0.014062500000000087,-0.06984126984126983,-0.0979989738327347,0.025830258302582898,-0.03772336201191262,0.0851063829787233,-0.20829284094590209,-0.011182108626198171,-0.059405940594059466,0.04693035952837321
19,1998-09-30,0.01801827429650782,-0.08067269500549312,-0.028322699352807068,0.18465710020412507,0.3388416455987129,0.1529415027875627,0.051183003380009584,0.051183003380009584,-0.016129032258064502,-0.024193548387096756,-0.29245421245421244,-0.7912337187179863,-1.8507462686567164,2.8559113300492616,-0.3753296571565572,0.14006274220335868,-0.07704160246533133,-0.08020477815699656,0.34072810011376586,0.2625899280575539,0.12861072902338375,0.07843137254901977,0.3191489361702129,-0.06300484652665582,-0.021052631578947326,-0.2239667128987517
20,1998-12-31,-0.02407605081231523,-0.07613251948816002,-0.0644483593507118,-0.15947433391626376,0.039585944071550035,0.023456107007963082,0.0027560863573725673,0.0027560863573725673,-0.5,-0.5041322314049587,0.641747773866225,0.3922187171398528,0.1198830409356726,-0.4286170552539125,-0.34331222414123963,-0.0895111686629978,-0.07122982749026162,-0.05751391465677193,0.040729741196436235,-0.31908831908831903,-0.06946983546617924,0.07272727272727275,0.06575682382133996,-0.05000000000000005,-0.010752688172043,0.09915641978839007
21,1999-03-31,-0.020604151753758067,-0.05520288153469588,-0.02900126880551024,-0.07291252333017162,-0.008454564969698986,-0.06419538338583043,0.01282638570774175,0.01282638570774175,-0.016393442622950838,0.0,-0.5759334006054491,-0.2630916414904331,-0.7272410791993038,-0.344326439351593,-0.3427819988310929,0.08088888888888879,-0.059316956261234226,-0.027559055118110187,-0.015491235222176991,0.03765690376569042,0.08578912901113278,0.07506053268765145,0.012223515715948707,-0.019963702359346747,-0.010869565217391351,0.01912195121951221
22,1999-06-30,-0.00025142229004782024,-0.023843124039008345,-0.012672930537406923,-0.017293729372937272,0.014438689693073712,0.023712039386099226,0.08548168249660781,0.08548168249660781,0.08333333333333348,0.06666666666666665,0.7123735871505057,-0.3727365903655621,1.3860880663688575,-1.1517476555839727,0.0791462872387727,0.33453947368421066,-0.03757961783439479,0.04453441295546568,0.022360248447205192,0.3548387096774193,0.3455971049457178,0.06756756756756754,0.014951121334100037,0.0092592592592593,0.0439560439560438,-0.0066373093369072045
23,1999-09-30,-0.013679642539652814,0.02587118351494233,-0.0021217595899332147,0.06646292315959168,-0.0223429753422858,0.0037541405962457923,0.07958333333333334,0.07958333333333334,0.0923076923076922,0.078125,-0.1354872329338197,0.5550108932461875,-0.3468841936346617,-2.7303370786516856,-0.12690564482900699,0.1958343603648016,0.040370615486432726,0.0620155038759691,-0.021871202916160515,0.1696428571428572,0.18601523980277926,0.06329113924050622,-0.009065155807365331,0.04954128440366978,0.010526315789473715,-0.03809829746225502
24,1999-12-31,0.01194817516084079,0.009591115598182707,-0.02212584998210565,-0.054322153991497424,0.06090373280943018,0.051041361102962764,0.2883056734851408,0.2883056734851408,0.2816901408450705,0.2898550724637683,0.6604380148683946,0.4192644483362522,0.6019656019656019,-1.8214285714285716,0.11845210004719207,0.0869834071936515,0.11068702290076328,0.12956204379562042,0.04596273291925468,0.1119592875318065,0.05026455026455024,0.059523809523809534,0.048885077186964006,0.12062937062937062,0.01041666666666674,0.06759283996794019
25,2000-03-31,0.002578225711941773,0.03354166666666658,0.03745963401506991,0.20745920745920746,-0.05080721747388417,0.06335473067262076,0.06351108448172549,0.06351108448172549,0.06593406593406592,0.0674157303370786,-0.4421587608906099,-0.3608094768015795,-0.40184049079754597,-2.1462450592885376,-0.1223628691983122,0.05290603963212282,0.1277205040091638,0.1260096930533119,-0.0320665083135393,0.0068649885583524925,-0.055415617128463435,0.06928838951310867,-0.05369310438811658,0.08736349453978143,0.030927835051546507,-0.14401901901901906
26,2000-06-30,0.8019871420222093,0.4960693408586978,0.9036107076156878,0.742415885273028,0.840920460230115,0.2294400699912511,0.06197183098591541,0.06197183098591541,-0.5154639175257731,-0.5052631578947369,0.3991323210412148,9.432432432432432,-10.290598290598293,-4.862068965517242,0.5384615384615385,-0.1228275551553354,-0.07465718638902996,-0.07173601147776187,0.5562372188139058,-0.09545454545454556,-0.21942857142857156,0.06654991243432562,0.02620967741935476,0.022955523672883785,-0.08999999999999997,-0.14142669200409294
27,2000-09-30,-0.003146081992734806,-0.015494475882511403,-0.002452717065460241,0.12883823994935106,-0.004166666666666653,0.1286247998576766,-0.023872679045092826,-0.023872679045092826,-0.1063829787234042,-0.1063829787234042,0.2434108527131782,-0.7920059215396003,-1.124655013799448,-1.3214285714285714,-0.11250000000000004,-0.10399342983266603,-0.07738748627881452,-0.07418856259659956,-0.0028909329829172052,-0.4246231155778895,-0.1815519765739385,0.06075533661740563,-0.0011226494527084574,-0.035063113604488105,-0.04395604395604402,-0.12786243296160724
28,2000-12-31,0.031104603871807468,0.03708772410017791,0.0247513932903507,0.11525518788558607,0.03893032563216292,0.03294451450189162,0.04347826086956519,0.04347826086956519,0.0714285714285714,0.04761904761904767,0.17581047381546133,0.3985765124555161,-0.5682656826568266,-1.8611111111111112,0.10915492957746477,-0.0010311640696608617,-0.09994051160023798,-0.10183639398998334,0.03742751713231418,0.004366812227074135,-0.042337507453786616,0.05572755417956654,0.007867378477100395,-0.06540697674418605,-0.034482758620689724,-0.07008296730112251
29,2001-03-31,-0.054400302925120665,0.040643969385061984,-0.0598773660357238,-0.12672868996731199,-0.035282787602871624,-0.05753090187700294,0.05208333333333326,0.05208333333333326,0.04444444444444429,0.04545454545454541,-0.6373276776246024,-2.8193384223918576,13.111111111111109,2.419354838709677,0.3365079365079364,0.20782199793554312,-0.08393919365499003,-0.07434944237918217,-0.032012195121951185,0.16521739130434798,0.21108343711083435,0.06598240469208205,0.0197936994703094,-0.034214618973561366,-0.04761904761904756,0.1916657919596936
30,2001-06-30,-0.05152334234324418,-0.0664468678671063,-0.08518602540834841,-0.3186006334581054,0.002087303748071534,-0.029954663212435232,-0.2400990099009901,-0.2400990099009901,-0.23404255319148934,-0.2391304347826088,0.7426900584795322,-0.6937062937062937,-0.3622047244094488,-1.339622641509434,-0.08551068883610446,0.13180134839996205,-0.046176046176046086,-0.028112449799196804,0.008661417322834541,0.1679104477611939,0.1413881748071979,0.061898211829435994,0.056588299617277286,-0.05958132045088571,0.03749999999999987,0.3701224345987846
31,2001-09-30,0.008654962530345145,0.017794077696278162,0.028270303781773087,0.05303190365518695,-0.020286180039847838,-0.08012018027040557,0.10423452768729646,0.10423452768729646,0.11111111111111116,0.11428571428571432,0.325503355704698,-1.8538812785388128,-0.7141500474833808,-3.4166666666666665,0.22597402597402594,-0.12710797885728664,-0.015885022692889716,-0.0020661157024792765,-0.010928961748633892,-0.13418530351437696,-0.06441441441441442,0.058290155440414486,-0.02871927554980591,0.013698630136986356,-0.012048192771084376,-0.03349405335904854
32,2001-12-31,-0.01095259688164918,-0.09355398371813696,-0.009526106354757036,0.003812199036918207,-0.018857459789240142,-0.05988023952095811,-1.4188790560471976,-1.4188790560471976,-1.45,-1.4615384615384617,-0.1354430379746835,0.4839572192513368,-0.5946843853820598,-0.5402298850574713,0.0847457627118644,0.01384083044982698,-0.3551114527286702,-0.3478260869565217,-0.016837674296237837,0.025830258302582898,0.032258064516129226,0.05507955936352493,-0.007991475759190236,-0.3293918918918919,-0.036585365853658465,-0.09698017826260484
33,2002-03-31,0.002010227473108861,0.006036513545347511,0.006574141709276836,-0.04017589446332204,-0.008950442811381245,-0.03821656050955413,-2.5352112676056344,-2.5352112676056344,-2.4444444444444446,-2.4444444444444446,-0.6530014641288433,-0.3153153153153153,-2.680327868852459,0.425,0.111328125,0.039343951459992255,-0.19547079856972585,-0.1936507936507937,-0.008027829810007936,0.05395683453237421,0.6711753731343282,0.05220417633410679,-0.011009667024704628,-0.1612090680100755,-0.03797468354430378,0.04809958750736598
34,2002-06-30,0.017070252006194497,0.02151324454851466,0.008889695210450022,-0.0276967930029155,0.034604049814621174,0.052578767810555815,0.06422018348623859,0.06422018348623859,0.03846153846153855,0.03846153846153855,0.8143459915611815,-0.023684210526315752,-1.9121951219512197,-3.736842105263158,-0.2741652021089631,-0.05235793122320531,-0.1007407407407408,-0.11023622047244096,0.03803614782843257,-0.04436860068259396,0.17862126709461346,0.04961411245865488,0.01737713820255227,-0.07207207207207211,-0.039473684210526334,0.050671164523157015
35,2002-09-30,0.009620375817558813,-0.030659025787965644,0.02877180363244025,-0.05504390661811953,-0.014242396398052025,-0.0043851286939943215,-0.1681034482758621,-0.1681034482758621,-0.14814814814814814,-0.14814814814814814,-0.20465116279069773,1.1024258760107817,-3.6951871657754016,-1.3205128205128205,0.12106537530266336,-0.2470882664356531,-0.22405271828665566,-0.2256637168141592,-0.014293139293139244,-0.275,-0.1657589391427895,0.047268907563025264,-0.023752335201494446,-0.21359223300970875,-0.013698630136986356,0.02575250836120402
36,2002-12-31,0.021765209940017183,-0.0669524091043453,0.08314397249898042,0.011106074342701831,-0.07466442953020136,-0.07832248180773649,-2.155440414507772,-2.155440414507772,-2.130434782608696,-2.130434782608696,1.4269005847953218,0.2987179487179488,-0.8591269841269842,-3.38,-0.2570194384449244,-0.1564817182306315,-0.14649681528662428,-0.17714285714285727,-0.07592934352755087,-0.1428571428571428,0.07635537893840483,0.04513540621865597,-0.09458720612356486,-0.14814814814814814,-0.02777777777777779,-0.0771437887186176
37,2003-03-31,0.01831600134183153,0.058926025661333765,0.01683700914470143,-0.014346559067473619,0.015714717437292247,0.06212341574901314,-1.6771300448430493,-1.6771300448430493,-1.6538461538461535,-1.6538461538461535,-1.036144578313253,-0.863770977295163,1.6197183098591552,-1.2184873949579833,0.07558139534883712,-0.01788420733555629,-0.15174129353233834,-0.17361111111111105,0.01540656205420854,0.06321839080459779,0.139240506329114,0.04318618042226485,-0.0027173913043478932,-0.16425120772946866,-0.014285714285714348,0.07433578292820807
38,2003-06-30,0.013671102912109713,0.005684367988032957,-0.001957361265407576,0.056402092335683385,0.0303481106813448,0.068075117370892,0.4304635761589404,0.4304635761589404,0.5294117647058822,0.5294117647058822,-42.5,0.7536231884057971,-6.10215053763441,1.3076923076923077,0.16216216216216206,0.06666666666666687,-0.032258064516128886,-0.05882352941176482,0.029502669289126038,0.0486486486486486,0.3009259259259258,0.04139834406623755,0.01665152891310928,-0.05202312138728316,0.0,-0.048013680610365705
39,2003-09-30,0.007084592635923538,0.012345679012345734,-0.014523481395102287,-0.0030139935414423835,0.07007411685436526,-0.025274725274725296,0.2962962962962963,0.2962962962962963,0.2692307692307692,0.2692307692307692,-0.61285140562249,-0.2396694214876033,-0.6491043203371971,-1.6166666666666667,-0.08604651162790698,0.16102430555555558,0.24545454545454534,0.2410714285714286,0.04667030567685582,0.12886597938144329,0.18985765124555165,0.03975265017667829,0.0631328171530674,0.25,-0.014492753623188246,0.015406936575929288
40,2003-12-31,0.023298589822194904,-0.009697325888921582,-0.015920826161790025,0.09781904556251342,0.08617432760636867,0.054114994363021474,0.03928571428571437,0.03928571428571437,0.0,-0.03030303030303028,0.5207468879668049,-1.2228260869565215,0.8528528528528531,-5.945945945945946,0.4656488549618321,0.21844236760124613,1.102189781021898,1.179856115107914,0.0803129074315514,0.1643835616438356,-0.025123373710184027,0.03823279524214107,0.061624649859943974,1.1268292682926828,0.014705882352941124,-0.09797917942437227
41,2004-03-31,0.012235501876320498,0.08308605341246289,0.008307826847398392,0.04523996852871748,0.018136645962733008,0.015329768270944788,0.21993127147766334,0.21993127147766334,0.2424242424242422,0.28125,-0.9045020463847204,0.7317073170731707,-0.5818476499189627,-1.639344262295082,-0.203125,0.10513397422785853,0.15856481481481466,0.20132013201320145,0.01930967897658697,0.0235294117647058,-0.4884184690903513,0.03682487725040917,0.006068601583113287,0.18577981651376166,0.014492753623188468,0.03620728671645157
42,2004-06-30,-0.01345836318888438,0.024657534246575352,-0.019189071986123185,0.02615732028603679,-0.0015454693346347306,0.0695224719101124,0.13802816901408455,0.13802816901408455,0.12195121951219524,0.12195121951219524,6.0,-3.492957746478873,0.17829457364341095,-1.0598290598290598,0.015250544662309462,-0.09624282805848604,0.11788211788211787,0.15659340659340648,-0.0018943878759175579,-0.11494252873563215,-0.2605697151424288,0.03551696921862657,0.012063991607658142,0.1315280464216635,0.02857142857142869,-0.001455921962582818
43,2004-09-30,0.020241892190608457,0.04237967914438512,0.0164142809771195,0.10562992847973596,0.02281059063136448,-0.01920551543007221,-0.29950495049504955,-0.29950495049504955,-0.3043478260869565,-0.3043478260869565,0.7285714285714286,0.3672316384180792,0.6776315789473684,12.571428571428573,0.203862660944206,-0.030206840057341863,-0.02680965147453085,-0.009501187648455978,0.022064056939501864,-0.025974025974025983,-0.15774533657745338,0.034298780487804985,0.0025913449080072763,-0.02564102564102566,0.013888888888888841,-0.057228256907487125
44,2004-12-31,0.009316577937352966,-0.03898935488008204,-0.027078462291338142,0.044617681207497206,0.05933890880127435,-0.04351464435146446,-0.05300353356890464,-0.05300353356890464,-0.03125,-0.0625,-0.06493506493506496,0.8760330578512396,-0.111764705882353,-2.094736842105263,-0.18538324420677368,0.039277795375356465,-0.04132231404958664,-0.023980815347721892,0.05826369545032506,0.013333333333333195,0.04622051035146857,0.033161385408990274,0.049883690876195264,-0.021052631578947326,0.0,-0.08003402412619852
45,2005-03-31,0.033886350394062965,0.12424929934605622,0.06980383390152567,0.1829152111781518,0.007744360902255609,0.10043744531933507,-0.029850746268656688,-0.029850746268656688,-0.03225806451612912,0.0,-1.301767676767677,0.28634361233480177,-2.91832229580574,-1.3846153846153846,0.08752735229759301,-0.07954891801280106,-0.09291187739463602,-0.08353808353808356,0.007019083132265624,-0.1271929824561403,-0.0671882190520019,0.032097004279600716,-0.0253569670113245,-0.09498207885304656,0.013698630136986356,-0.04959233420189957
46,2005-06-30,-0.015245891914338228,0.008784425451092037,-0.026381778288580127,-0.0846979865771812,-0.003506677609490416,0.07536969311496255,0.7692307692307692,0.7692307692307692,0.7666666666666668,0.7333333333333334,-2.6066945606694563,-1.2517123287671232,-1.6536248561565017,-2.0,-0.08048289738430581,-0.04459161147902857,0.024287222808869968,0.034852546916890104,-0.003702896972337055,-0.05025125628140703,0.03157375431672427,0.031098825155494007,0.01187168476888112,0.017821782178217838,0.0135135135135136,0.10214911117007164
47,2005-09-30,0.012379518072289208,0.023417274652859588,0.0014487310189408298,0.058366329373808375,0.02163821503444141,-0.029129084725713406,-0.37173913043478257,-0.37173913043478257,-0.37735849056603776,-0.3653846153846154,0.28125,-2.659863945578232,-0.6795774647887324,-2.875,0.16411378555798686,-0.06781423290203338,-0.015463917525773254,-0.005181347150259197,0.024267599475295217,-0.06878306878306872,-0.10664753706360597,0.03016085790884704,0.00923614578132792,-0.01945525291828798,0.013333333333333421,-0.032980259990370686
48,2005-12-31,0.0025289339799470234,0.010693342531907568,0.015752250321474426,0.020922821116807544,-0.01993404177354341,-0.003807493146512298,-0.22491349480968856,-0.22491349480968856,-0.24242424242424246,-0.24242424242424246,1.1117886178861789,0.4508196721311475,1.434065934065934,2.066666666666667,0.4323308270676691,-0.031106704672202112,-0.03560209424083771,-0.04427083333333315,-0.02177161152614737,-0.05113636363636365,-0.03800856531049257,0.029277813923227036,-0.022508038585209,-0.06547619047619048,0.02631578947368429,-0.010040660526097422
49,2006-03-31,0.036591880341880316,0.06734926052332191,0.03433906530224706,0.07627578718783923,0.041576310476332916,0.10747592111297967,1.7142857142857144,1.7142857142857144,1.7999999999999998,1.7599999999999998,-1.205004812319538,0.884180790960452,-2.2866817155756207,-2.3173913043478263,-0.3976377952755905,0.1624456382706574,0.2692725298588492,0.2724795640326973,0.043857735108008056,0.18562874251497008,0.20422927100723445,0.028445006321112576,0.005060728744939347,0.23779193205944796,0.02564102564102577,-0.008298407376362116
50,2006-06-30,0.02410604368862557,0.05190790876145801,0.01366719363557545,0.035056746532156284,0.035250197429822716,0.09870237437879624,0.2236842105263157,0.2236842105263157,0.2142857142857144,0.23188405797101466,-4.28169014084507,0.02698650674662661,-1.0526315789473684,-0.9801980198019802,-0.013071895424836557,0.08131602112676051,0.15739948674080415,0.15845824411134912,0.03908862876254182,0.03535353535353525,-0.15434380776340104,0.02765826674861693,0.011077542799597271,0.130360205831904,0.024999999999999908,0.016313075817766753
51,2006-09-30,0.01490033826283854,-0.010031411490525888,0.009709714745685938,0.14692982456140347,0.019764216366158216,-0.041211207438120345,-0.2782258064516129,-0.2782258064516129,-0.2705882352941177,-0.2823529411764706,0.07010014306151646,0.05109489051094896,-3.433333333333333,-19.166666666666668,0.24061810154525376,-0.07499745598860275,0.11160384331116036,0.11090573012939008,0.019714343190504916,-0.10731707317073158,-0.21912568306010935,0.026913875598086227,0.004731075697211207,0.09104704097116856,0.024390243902439046,-0.13689288090485685
52,2006-12-31,0.024212208021154646,-0.06274309109518937,0.033981066268061744,-0.2265774378585086,-0.0050323019381163245,-0.011269820469139049,-0.3314711359404097,-0.3314711359404097,-0.3225806451612904,-0.3114754098360656,0.7820855614973261,0.06805555555555554,-9.671232876712331,-1.5137614678899085,-0.09964412811387903,-0.04752475247524757,0.04055851063829774,0.03826955074875205,-0.007891102781613757,-0.06557377049180335,-0.1588523442967109,0.034944670937681936,-0.02850061957868655,0.029207232267037364,0.0,0.21189053767585264
53,2007-03-31,0.02253718096979806,0.00884569182046513,-0.0048188126445644075,-0.0517786018404065,0.05406329027407564,0.048111332007952264,0.8440111420612812,0.8440111420612812,0.8095238095238095,0.7857142857142858,-0.6046511627906976,0.07672301690507144,-1.3317535545023698,0.5357142857142858,-0.1699604743083004,0.11122661122661116,-0.001916932907348179,0.0016025641025640967,0.05428514615231661,0.11695906432748535,0.03826955074875205,0.028700056274620245,0.031122448979591818,0.002702702702702675,0.0,0.06392621451856573
54,2007-06-30,0.055153730832960816,0.07609872266724405,0.02372651559171035,0.06416570104287378,0.0914278303721956,0.01997976732422857,0.08006042296072513,0.08006042296072513,0.07894736842105265,0.08000000000000007,1.55977229601518,0.07004830917874405,0.2952380952380953,-9.69767441860465,1.7809523809523808,0.19311921837646828,-0.051216389244558284,-0.040000000000000036,0.07374575631837033,0.1361256544502618,0.16586538461538458,0.02789934354485757,0.03463631865413164,-0.016172506738544534,-0.02380952380952384,0.011209924519841595
55,2007-09-30,-0.022932349568772104,-0.055024645407906636,-0.00860845709961211,0.027221995372260777,-0.05453897338403047,-0.0841805107860154,-0.22377622377622372,-0.22377622377622372,-0.2195121951219512,-0.22222222222222232,-0.5611564121571535,-2.1376975169300225,-6.3713235294117645,-0.8048128342245989,0.125,0.03258123529924206,-0.012145748987854256,-0.011666666666666605,-0.014579307922009456,-0.041474654377880116,0.04810996563573888,0.027142096860031998,-0.03252032520325199,0.015068493150685038,-0.02439024390243893,-0.08011233463897716
56,2007-12-31,-0.010077044747180963,-0.13923781136895896,-0.030200381679389317,-0.050483635881807376,0.006409450798039451,0.0,0.13873873873873865,0.13873873873873865,0.1875,0.25396825396825395,0.08614864864864867,-1.9117063492063493,-0.6173853524982889,-6.691780821917808,-0.6324200913242009,-0.06454062262718308,0.09494535519125692,0.10792580101180428,0.04812834224598928,-0.04807692307692313,-0.0714754098360656,0.02642487046632125,0.016559565002471466,0.1255060728744939,-0.012499999999999956,-0.09343616935807808
57,2008-03-31,0.01535963714145816,0.09992579767499388,0.027893934176218767,0.08596148478928267,-0.012674825174825209,-0.0016244754298091466,-0.5205696202531646,-0.5205696202531646,-0.513157894736842,-0.5316455696202531,-1.4479004665629858,-1.2448313384113168,-0.9016100178890876,-0.8736462093862816,-0.21739130434782605,-0.10227272727272718,-0.14472863381160328,-0.14764079147640785,-0.013605442176870652,-0.14646464646464652,-0.2139830508474576,0.02574457344775372,-0.027473863360077733,-0.1247002398081536,-0.02531645569620256,0.01285005317263388
58,2008-06-30,0.033681057894870525,0.0728581065887115,0.012970230688235771,-0.017990233873040332,0.056219566179725566,0.03322033898305077,0.801980198019802,0.801980198019802,0.810810810810811,0.7837837837837841,-4.496527777777779,-4.355555555555556,-3.763636363636364,-5.161904761904762,1.1560846560846565,0.1817359855334537,-0.07512764405543404,-0.0803571428571429,0.05862068965517243,0.20118343195266264,0.3548966756513925,0.02509842519685024,0.02200000000000002,-0.06301369863013695,-0.025974025974025983,0.0924840318488056
59,2008-09-30,-0.04144772381279771,-0.028295954726472394,0.003212851405622441,-0.07838262235017013,-0.09801221410609506,-0.05065616797900263,-0.5091575091575091,-0.5091575091575091,-0.5074626865671642,-0.5,-1.0923535253227408,0.13509933774834426,5.605263157894738,-0.9633867276887872,0.019631901840490903,-0.2783303579018957,-0.12933753943217666,-0.13980582524271845,-0.08355048859934844,-0.3201970443349753,-0.2340848806366047,0.02448391742678835,-0.05944227005870839,-0.13596491228070184,0.0,0.054380906615409286
60,2008-12-31,-0.03114913673856245,-0.12100949094046587,0.10629680214760052,0.03350844810450093,-0.22104215068038505,-0.3541609068288637,-5.4440298507462686,-5.4440298507462686,-5.4848484848484835,-5.4848484848484835,-7.537634408602152,0.1936989498249708,-0.6245019920318725,-5.3125,-0.0830324909747292,-0.4849805630816351,-1.045289855072464,-1.0428893905191874,-0.2233872400924116,-0.4347826086956521,-0.41298701298701296,0.02389878163074055,-0.19687906371911568,0.0,-0.08000000000000007,-0.14948727687049002
61,2009-03-31,-0.024060070858230698,-0.0125153374233129,-0.06449553001277142,-0.27366396483033384,0.05982104814657019,-0.11237157534246578,-0.5827036104114189,-0.5827036104114189,-0.5878378378378378,-0.5878378378378378,-1.4457236842105263,-1.1329423264907137,0.3342175066312998,-6.3478260869565215,0.484251968503937,-0.40256175663311977,11.54,10.894736842105262,-0.1274599542334096,-0.23076923076923084,0.0,0.02334096109839812,0.08613989637305686,0.0,-0.1159420289855072,0.3594712869518621
62,2009-06-30,0.01993931512787173,-0.07318588469184895,0.004186575654152369,-0.043881218082088114,0.0305539921202862,0.02339040270074744,-0.08651911468812877,-0.08651911468812877,-0.24590163934426226,-0.24590163934426226,-2.210332103321033,-5.654411764705883,-1.0039761431411531,-1.7588075880758811,-0.24756852343059246,0.11485451761102605,1.3062200956937795,1.190265486725664,0.030422239706267895,0.26666666666666683,0.0,0.004025044722719029,0.01073345259391778,0.0,-0.11475409836065564,-0.03061358559978977
63,2009-09-30,0.01197938801529963,-0.05724627966215313,-0.008428875696741778,-0.007517309594460952,0.03253491456659119,0.08741753063147972,-1.169603524229075,-1.169603524229075,-1.1739130434782608,-1.1739130434782608,-0.4390243902439024,-1.4360189573459716,126.0,-1.7678571428571428,0.25264394829612224,0.2259615384615385,0.14246196403872746,0.1090909090909089,0.03283278187834049,0.19736842105263164,0.0,0.004008908685968704,0.020353982300884917,0.0,-0.12962962962962976,-0.05014909189482253
64,2009-12-31,0.009790283209533124,-0.0014220705346985607,0.04711850463872769,0.07913095475383702,-0.06150823636088865,0.1772481040086673,-4.5974025974025965,-4.5974025974025965,-4.5,-4.5,5.108695652173913,-2.8115942028985508,-0.17322834645669294,0.9302325581395351,0.3893058161350844,0.19327731092436973,-0.45036319612590797,-0.4444444444444444,-0.10399211434204036,0.15384615384615394,0.0,0.0039929015084294575,-0.07082971957213058,0.0,0.042553191489361764,-0.07462899543378998
65,2010-03-31,-0.0165574963609898,-0.05739105667900879,-0.04045914804469275,-0.04987070557813078,0.02004830917874401,-0.10049696300386524,-0.2743682310469314,-0.2743682310469314,-0.2857142857142857,-0.2857142857142857,-0.8229537366548043,-0.5840000000000001,-0.1428571428571429,-1.455421686746988,-0.12761647535449014,0.0514084507042254,-0.2599118942731279,-0.2622950819672131,0.01925192519251939,0.17142857142857126,0.0,0.003977021652673329,0.03733665214685744,0.0,0.020408163265306145,-0.007941403238242106
66,2010-06-30,-0.013823179595612524,0.03066928539054237,-0.018103252217420932,0.10847589424572313,-0.004735969689793951,0.06138735420503383,-1.6766169154228856,-1.6766169154228856,-1.65,-1.65,0.5075376884422111,0.1826923076923077,-1.0166666666666666,-1.3015873015873016,0.04024767801857587,-0.1574012056262558,-0.6889880952380952,-0.6888888888888889,-0.004856988667026441,-0.1707317073170731,0.0,0.003961267605633756,0.009298140371925669,0.0,0.06000000000000005,-0.07017952902774538
67,2010-09-30,0.028355488850771767,-0.044415127528584016,0.00023162088293871005,-0.1788846018940723,0.0590054722817035,0.0192789666473876,-0.5514705882352942,-0.5514705882352942,-0.5384615384615385,-0.5384615384615385,0.30666666666666664,0.3983739837398375,-192.33333333333331,-9.789473684210526,-0.3727678571428571,-0.12321144674085847,0.05741626794258381,0.05714285714285716,0.05911062906724517,-0.11764705882352945,0.0,0.00394563787812352,0.030014858841010295,0.0,0.03773584905660377,0.16382480775660335
68,2010-12-31,0.024055251498566577,0.053689216137444484,0.02848277139681365,0.11832550192225555,0.019321500786340096,0.06903726120673359,3.2295081967213117,3.2295081967213117,3.166666666666667,2.833333333333333,2.4948979591836733,0.3779069767441861,-0.6498257839721254,-2.397205588822356,0.8303677342823249,0.2438803263825926,-1.8823529411764703,-1.891891891891892,-0.0202252944188428,0.16666666666666674,0.0,0.003930131004366899,-0.00461627236006934,-0.7952622673434856,0.0,-0.0578138465958058
69,2011-03-31,0.02654416817244809,0.04949774348522351,-0.012383482685639713,0.09186401833460668,0.08544559547424879,0.05414012738853513,0.19379844961240303,0.19379844961240303,0.15999999999999992,0.17391304347826098,-1.1722627737226277,0.16455696202531644,-1.6218905472636815,-1.9371428571428573,-0.4251458198314971,0.208697764820214,1.892307692307692,1.9848484848484849,0.08466161484191259,0.2380952380952381,10.117994100294984,0.00391474554153981,0.05768115942028995,1.851239669421488,0.03636363636363616,-0.03879868892446081
70,2011-06-30,0.028014676715589104,0.09141351088916627,0.0075232536932337,0.014518103900647228,0.059428726140517085,0.10523665659617333,0.04545454545454541,0.04545454545454541,0.034482758620689724,0.03703703703703698,-4.381355932203388,-0.3659420289855072,-1.6800000000000002,-1.5685975609756098,0.4205186020293124,-0.004020100502512669,0.17730496453900724,0.2081218274111676,0.059262828234160514,-0.08461538461538465,-0.6824091270894136,0.003899480069324168,0.030693340641271494,0.17101449275362302,0.035087719298245716,0.07581284694686774
71,2011-09-30,-0.045048955770993104,-0.025165226232841897,-0.035389419378196174,-0.03051724137931033,-0.046831075900843344,-0.025208807896734964,-0.4658385093167702,-0.4658385093167702,-0.4666666666666667,-0.4642857142857143,-0.3872180451127819,0.04857142857142849,-0.6823529411764706,-0.8069705093833779,0.05714285714285716,-0.20807265388496451,0.08734939759036142,0.10924369747899143,-0.04707755287696158,-0.25210084033613445,-0.34962406015037595,0.003884333189469125,-0.0018612071257643192,0.06683168316831689,0.033898305084745894,0.0054548135043490644
72,2011-12-31,0.013182483963836587,0.005606258148631138,0.0755336617405582,0.0693579939534057,-0.07205576781285605,-0.06698862751207357,-2.110465116279069,-2.110465116279069,-2.125,-2.2,1.3353783231083844,0.5885558583106267,-2.814814814814815,7.4305555555555545,0.4557057057057057,-0.23139653414882774,-0.4265927977839336,-0.428030303030303,-0.07398568019093077,-0.1910112359550562,-0.3057161207450224,0.003869303525365408,-0.08444326052210971,-0.43155452436194897,0.016393442622950838,-0.05960410557184759
73,2012-03-31,0.014531405782651998,0.0220407104887852,0.0066303162486369685,0.046399467819723934,0.02152557064432248,0.002838537318416989,-1.4921465968586387,-1.4921465968586387,-1.5,-1.5,-1.2066549912434326,-0.3996569468267581,7.040816326530613,-1.313014827018122,-0.09798865394533264,0.07095490716180364,-0.3429951690821257,-0.3509933774834437,0.021134020618556626,0.15277777777777768,0.91581868640148,0.003854389721627438,0.006982833866744365,-0.3510204081632653,0.0,-0.023232244484290957
74,2012-06-30,-0.029604697442448983,-0.01471520994545228,-0.021363262122459536,-0.02240940877304509,-0.03422429642200542,-0.0071595071595071955,-1.0212765957446808,-1.0212765957446808,-1.0,-1.0,-3.2754237288135597,0.011428571428571344,-1.5025380710659901,-0.8052631578947369,-0.02115494568324761,-0.06160990712074299,-0.8088235294117647,-0.8163265306122449,-0.03457849570923765,-0.07228915662650592,0.4350555287300819,0.003839590443686092,-0.004911875180583779,-0.8113207547169812,-0.016129032258064502,0.007821853300343129
75,2012-09-30,0.01754519216162853,0.0010299987125015342,0.033342189160467495,0.06177857258982278,-0.006443110265046181,-0.021801106825423463,70.5,70.5,-inf,-inf,-0.5102420856610801,-0.2598870056497176,0.4242424242424243,6.567567567567568,-0.16355140186915884,-0.024744308808973936,-4.384615384615385,-4.333333333333334,-0.006797385620915032,0.0,4.52557200538358,0.003824904377390581,-0.023519163763066172,0.0,-0.03278688524590168,-0.05717906074285261
76,2012-12-31,-0.00029857430768087667,-0.009646302250803871,0.013669280541629192,-0.0901852702495789,-0.0273397199705232,0.011143493913937874,-2.6923076923076925,-2.6923076923076925,-2.6923076923076925,-2.769230769230769,2.547528517110266,-1.7900763358778626,1.5248226950354609,-2.532142857142857,0.2995810055865922,-0.12110960757780775,-1.8011363636363635,-1.7999999999999998,-0.029218215319820936,-0.1168831168831168,0.0,0.0038103302286198733,-0.027356526910496504,1.6999999999999995,0.0,0.08853422931541388
77,2013-03-31,-0.0018168695089474387,0.008831168831168856,-0.013696313831586092,0.09390777515987893,0.016819456019395496,-0.011020684977958606,-0.3842975206611571,-0.3884297520661157,-0.3636363636363635,-0.4347826086956522,-1.07502679528403,-2.3768115942028984,-1.0660112359550562,-1.7132867132867131,-0.1644277270284793,0.02001539645881456,0.2978723404255319,0.29166666666666674,0.01681127982646413,0.0588235294117645,-0.716904152965534,0.003795866722901664,0.018954448180984462,0.2839506172839505,0.0,-0.07778377961262439
78,2013-06-30,-0.038772253528150384,-0.06835736354273947,-0.027387279273101358,-0.05430769230769228,-0.04515311824752255,0.0027430138865078835,-1.7986577181208054,-1.804054054054054,-1.7857142857142856,-1.8461538461538465,-8.342857142857143,-0.03157894736842104,-13.085106382978726,0.15359477124182996,-0.22700964630225084,-0.06113207547169819,-0.4699453551912568,-0.4838709677419354,-0.04559999999999997,-0.08333333333333326,-0.22434932243493225,0.003781512605042003,-0.006900690069006843,-0.4711538461538462,0.0,-0.014894151117061384
79,2013-09-30,-0.008352571917719431,-0.025977615033853763,-0.014453796324857882,-0.017406865137465474,0.00319937573156448,-0.014361429304154516,-1.2016806722689075,-1.1932773109243695,-1.181818181818182,-1.181818181818182,-0.5836575875486381,0.10144927536231883,-0.8362676056338028,-0.4759206798866855,-0.15391014975041595,-0.01688102893890664,1.3298969072164946,1.34375,0.003073484213467425,0.03030303030303028,0.8840820854132001,0.003767266638760925,0.011782477341389708,1.2909090909090908,0.0,-0.0086638919561709
80,2013-12-31,-0.0650553244918779,-0.011349127535820736,-0.006483344511513557,0.010761589403973426,-0.17602675793403855,-0.031222896790980007,-98.45833333333331,-102.69565217391305,-110.5,-110.5,3.299065420560748,0.3980263157894737,-0.30107526881720426,-3.27027027027027,0.4129793510324484,0.14022894521668028,-9.181415929203538,-8.986666666666668,-0.18272980501392755,0.1470588235294117,-0.493229319988225,0.003753127606338502,-0.11973723499552093,0.0,0.016949152542372836,-0.02193470996487024
81,2014-03-31,-0.0038330255721560342,-0.029272492466637986,-0.044509450945094516,-0.13726453726453725,0.075332766921552,-0.02345568487018801,-0.9238991021804192,-0.9234715690466012,-0.9269406392694064,-0.9269406392694064,-1.598913043478261,-0.4352941176470588,-1.1538461538461535,-2.8380952380952382,-0.5372303409881698,0.22588741484403,0.1919956733369388,0.1769616026711185,-0.011247443762781084,0.4999999999999998,0.0,0.0037390943082675774,0.0800542740841248,0.0,0.01666666666666661,0.12518615856329385
82,2014-06-30,0.01977250386181706,0.09194382852919447,0.017521548678818718,0.10917030567685583,0.02510754104117296,0.07004033736706994,-1.7752808988764044,-1.7709497206703908,-1.75,-1.75,-1.94010889292196,0.19166666666666665,27.1,-1.6709844559585494,0.7789473684210526,0.2073705761918692,-0.07622504537205088,-0.08368794326241125,0.02171664943123064,0.2136752136752136,0.0,0.0037251655629138014,0.0053391959798994035,0.0,0.016393442622950838,-0.015493615696044903
83,2014-09-30,0.02239114269189457,0.3116285366183837,0.017775308984863125,-0.08353303663129064,0.061574034426650666,0.06905414667580545,0.07971014492753614,0.07971014492753614,0.08333333333333348,0.0,-0.5193050193050193,-0.0174825174825175,6.615658362989325,3.032818532818533,1.7658495350803045,0.15988372093023262,-0.04371316306483297,-0.04643962848297223,0.059716599190283486,0.14084507042253525,0.0,0.003711340206185465,0.03842549203373946,0.0,0.032258064516129004,0.4311585606959274
84,2014-12-31,0.00746188244167878,-0.1465579523170606,0.0281075180788648,0.03492715726559581,-0.007260406582768608,0.022118929315595448,0.06711409395973145,-0.06711409395973156,-0.15384615384615385,-0.08333333333333326,4.855421686746988,8.441281138790035,-1.0845794392523365,-1.6677836285303973,-0.4263447432762836,-0.014411027568922432,-1.1068310220852593,-1.1185064935064934,-0.04266157274753268,-0.07407407407407418,0.0,0.003697617091207972,-0.014440433212996262,-0.18253968253968256,0.015625,-0.17538818588716365
85,2015-03-31,-0.04558945426348293,-0.06615068327488205,-0.033355452333554525,-0.08608554412560909,-0.05948317893710385,-0.08750196016935863,0.2264150943396226,0.28057553956834536,0.3636363636363635,0.2727272727272729,-1.1200274348422496,-0.8247267244628722,-0.8563535911602209,-0.5082437275985663,-0.3654768247202983,-0.054248781521508686,1.4326923076923082,1.397260273972603,-0.059860325906218814,-0.013333333333333308,1.2741794946267788,0.0036839950880065424,-0.014957264957265015,1.4174757281553396,0.015384615384615332,0.02184547343027532
86,2015-06-30,0.02501821034347507,0.013856513856513876,0.004484920598599507,0.028041074249605117,0.0639364091930188,0.013404365011170372,-0.28205128205128205,-0.3089887640449438,-0.3333333333333333,-0.2857142857142857,-3.6971428571428566,-0.5268817204301075,4.115384615384615,-1.1749271137026238,0.10075566750629728,-0.1449697512883712,-0.03754940711462451,0.0,0.06402546869472925,-0.08783783783783773,-0.6684546615581097,0.0036704730831973453,0.03842578246048967,-0.028112449799196804,0.0,-0.01383697291625674
87,2015-09-30,0.0,0.09745816834844813,-0.0024146885962913482,-0.01133307721859389,0.022738346597368952,-0.0549431914532813,-0.6857142857142857,-0.7886178861788617,-0.8,-0.8,-0.11016949152542377,-1.3727272727272728,-0.6090225563909775,2.566666666666667,0.32646834477498105,-0.2452830188679245,-0.2114989733059549,-0.16000000000000014,-0.04554521276595736,-0.288888888888889,-0.21302003081664103,0.0036570499796830798,0.02267979707549994,-0.18595041322314051,-0.015151515151515138,0.11005452852772968
88,2015-12-31,-0.0016125946374395685,-0.07437150837988826,0.022880891487029542,0.0124344278220323,-0.04351278386533275,-0.0588551946886775,-16.93181818181818,-28.615384615384613,-28.5,-28.5,1.059523809523809,-6.573170731707318,3.423076923076924,-0.5794392523364487,0.1035077630822312,-0.011111111111111072,-1.84375,-1.6054421768707483,-0.047021943573667735,0.03125,0.2559960841899167,0.0036437246963563212,-0.04201925882696245,0.0,-0.04615384615384621,-0.08572455520277966
89,2016-03-31,-0.01062198861147612,-0.036212749905696014,-0.027592981202839702,0.06601420072922659,0.014942719574962737,-0.05681601525262159,-1.0228245363766049,-0.9972144846796658,-1.0,-1.0,-1.4971098265895957,-0.9978118161925602,-0.5347826086956522,-3.9722222222222223,-0.27879103699843666,-0.1383426966292135,0.441358024691358,0.5393258426966292,0.014619883040935644,-0.09090909090909084,0.0,0.0036304961678095275,0.02589095339628389,0.0,-0.048387096774193616,-0.09592451841174164
90,2016-06-30,-2.76701715550276e-05,0.055838225701239315,-0.0077597685844161815,-0.012061206120612013,0.00891542614101093,0.07034566403881137,7.4375,-60.0,inf,inf,-1.772093023255814,-312.0,-0.06542056074766356,-2.018691588785047,0.39378612716763,0.2396088019559903,0.006423982869379064,0.014598540145985384,0.009005763688760826,0.22222222222222232,0.0,0.0036173633440514936,0.008907363420427528,0.0,-0.016949152542372947,0.06877808378025807
91,2016-09-30,0.03622125681396837,0.1575435561596441,0.08759833410458118,0.0021865889212828726,-0.04539927036886904,-0.015486307837582647,0.22962962962962966,0.2542372881355932,2.7777777777777786,2.666666666666667,-0.07831325301204818,-1.742765273311897,0.43,-1.1211009174311926,-0.034214618973561484,-0.013806706114398493,-0.19787234042553192,-0.2446043165467625,-0.04569796501249557,-0.027272727272727337,0.0,0.0036043251902282414,-0.07886992348440257,0.0,-0.017241379310344862,0.15501457923645498
92,2016-12-31,-0.4649113437299722,-0.3710503842869343,-0.36616602135897547,-0.5001818181818182,-0.5656050955414013,-0.4139650872817955,-8.578313253012048,-9.608108108108107,-9.588235294117649,-9.848484848484848,1.1633986928104574,0.056277056277056266,1.825174825174825,-1.0,0.0,-0.18566666666666665,1.5994694960212206,1.761904761904762,-0.5701459034792369,-0.14953271028037385,0.0,0.30965682362330416,-0.1932907348242812,0.0,0.0,0.2583220806669406
93,2017-03-31,0.005938716438766312,0.13883231500339432,-0.015774988252668317,-0.058930520189159674,0.07174975562072339,0.04484451718494276,-1.2559618441971383,-1.239403453689168,-1.2363013698630136,-1.2226027397260273,-1.4531722054380665,-5.217213114754099,-0.8935643564356436,inf,0.3703703703703705,0.009414654113794496,-0.16836734693877553,-0.2310344827586207,0.07136640557006091,1.3626373626373622,0.0,0.001828153564899626,0.0661386138613862,0.0,0.035087719298245716,0.21014323706434013
94,2017-06-30,-0.052140695540010884,-0.10089418777943372,-0.08927840676578913,0.027444916892153115,0.04706311565122223,0.02161654135338353,-0.3416149068322981,-0.3639344262295082,-0.3623188405797101,-0.3384615384615385,-1.7233333333333334,-1.121477162293489,19.0,-2.1130434782608694,-0.30082256169212696,0.02189781021897796,0.10306748466257654,0.03587443946188329,0.047116165718927634,-0.046511627906976834,0.0,0.0018248175182480344,0.10549777117384827,0.0,0.033898305084745894,-0.12487951574970126
95,2017-09-30,0.0068564848738617,0.01906182662025535,-0.005766494420729407,0.007148231753197899,0.036236933797909376,-0.00766636001226617,-0.4386792452830188,-0.479381443298969,-0.4772727272727273,-0.4883720930232558,-0.2073732718894009,0.024000000000000018,-0.9825581395348836,-1.0390625,0.016806722689075567,-0.0174603174603174,0.3592880978865407,0.3333333333333335,-0.05042668735453848,-0.06341463414634141,0.0,0.0018214936247724636,0.029233870967741993,0.0,0.06557377049180335,0.0118072076834963
96,2017-12-31,-0.026979258720174704,0.03741054001301247,0.03901777643868632,0.05491221516623089,-0.1745124411566913,0.010815822002472109,-7.109243697478992,-8.198019801980198,-7.565217391304348,-7.863636363636362,2.5581395348837206,0.84375,2.0,10.166666666666666,0.1845730027548209,0.02180936995153471,-0.8101472995090017,-0.8766233766233766,-0.17810457516339862,0.078125,0.0,0.001818181818181941,-0.1531178583088475,0.0,0.030769230769230882,-0.016589741356788257
97,2018-03-31,-0.026658831071695643,-0.07572906867356544,-0.06212846164999275,-0.007790368271954674,0.07291242362525452,0.05319474166921423,-1.1966987620357634,-1.1953232462173315,-1.1986754966887416,-1.1920529801324502,-1.7124183006535951,-1.1228813559322033,11.044444444444444,-3.82089552238806,-0.4381395348837209,0.062055335968379526,1.3103448275862073,2.5263157894736845,0.07355864811133195,0.2898550724637681,0.0,0.001814882032667775,0.10292983808789513,0.0,0.04477611940298498,-0.068452512729688
98,2018-06-30,0.0,0.03053435114503822,0.004947051093762146,0.062455389007851636,-0.01214882308276388,0.03715529753265612,-0.16083916083916086,-0.15492957746478875,-0.16666666666666666,-0.1724137931034483,-1.4036697247706422,3.034482758620689,-0.9354243542435424,-1.2666666666666666,0.20860927152317887,-0.24562709341272804,0.2873134328358209,0.3880597014925371,-0.012962962962963063,-0.2958801498127341,0.0,0.0018115942028986696,-0.012233484795525995,0.0,0.042857142857142934,-0.030086981320404882
99,2018-09-30,0.005927877490531808,0.009382716049382678,-0.0037689408507037845,0.01242861941551898,0.030169100691775474,-0.013713965855023824,0.34166666666666656,0.3333333333333333,0.3200000000000001,0.3333333333333335,-0.7102272727272727,-0.4444444444444444,-0.08571428571428574,-0.6746031746031746,0.05616438356164388,-0.019240256536753875,-0.13913043478260878,-0.11290322580645153,0.03001876172607876,-0.010638297872340273,0.0,0.001808318264014508,0.024416135881103918,0.0,0.027397260273972712,-0.0029893168675879656
100,2018-12-31,0.0199705352758226,0.07322243966079589,0.012044471896232256,0.16788321167883202,0.03954486103338928,-0.014755959137343956,0.35403726708074523,0.3625,0.3636363636363635,0.40625,7.352941176470589,4.446153846153846,0.25,8.024390243902438,0.4798962386511026,-0.013078470824949616,-3.0336700336700337,-3.121212121212121,0.03642987249544638,-0.03763440860215062,0.0,0.0018050541516243523,0.01968911917098448,1.3197969543147208,0.013333333333333421,-0.08105185549275007
101,2019-03-31,-0.01776065907024016,-0.08023096793800333,0.005721696673786969,0.03948863636363642,-0.07303068365332854,0.019873271889401026,-0.14220183486238536,-0.14678899082568808,-0.11111111111111104,-0.1333333333333333,-1.6056338028169015,-0.8813559322033898,17.525,-2.291891891891892,-0.4189307624890447,-0.06371049949031604,0.07450331125827803,0.06571428571428561,0.0008787346221441616,-0.1005586592178771,-0.4493374902572096,0.0024024024024025263,-0.05691056910569114,0.06126914660831528,0.013157894736842035,-0.1151583226358579
102,2019-06-30,-0.02439954250857801,-0.005782256732198897,-0.010316316468178766,-0.010385351188849423,-0.06039488966318229,0.042360914995764,-1.6470588235294117,-1.6505376344086018,-1.675,-1.6923076923076923,-1.4108527131782946,2.071428571428572,-0.7287449392712549,-1.0355648535564854,0.02564102564102555,0.22754491017964076,-0.3412942989214175,-0.3485254691689008,-0.04302019315188765,0.2298136645962732,0.14012738853503182,0.0023966446974235107,-0.03771551724137912,-0.3587628865979382,0.012987012987013102,0.004654536662032083
