,Quarter end,Assets,Current Assets,Liabilities,Current Liabilities,Shareholders equity,Revenue,Earnings,Earnings available for common stockholders,EPS basic,EPS diluted,Cash from operating activities,Cash from investing activities,Cash from financing activities,Cash change during period,Cash at end of period,Price,ROE,ROA,Book value of equity per share,P/B ratio,P/E ratio,Cumulative dividends per share,Equity to assets ratio,Net margin,Asset turnover,Current ratio
0,1996-03-31,0.047974514492461484,,0.0638376763016979,,0.02702300716201278,-0.02530930258143882,-0.07617555410805765,-0.07617555410805765,-0.07377049180327877,-0.29850746268656714,0.3652986965132883,-0.1761861816724285,9.243841982958944,2.222331772245502,0.11193576867895373,0.049100968188104936,-0.05205047318612,-0.039874081846799525,-0.19586702605570536,0.2941176470588234,0.14927905004240904,1.3571260205284248,-0.0199582269668136,-0.016210295728368074,-0.04761904761904756,
1,1996-06-30,0.047974514492461484,,0.0638376763016979,,0.02702300716201278,-0.02530930258143882,-0.07617555410805765,-0.07617555410805765,-0.07377049180327877,-0.29850746268656714,0.3652986965132883,-0.1761861816724285,9.243841982958944,2.222331772245502,0.11193576867895373,0.049100968188104936,-0.05205047318612,-0.039874081846799525,-0.19586702605570536,0.2941176470588234,0.14927905004240904,1.3571260205284248,-0.0199582269668136,-0.016210295728368074,-0.04761904761904756,
2,1996-09-30,0.2215914750590786,,0.07707924627380347,,0.4192999619922631,0.0,0.0,0.0,0.0,-0.29850746268656714,0.3652986965132883,-0.1761861816724285,9.243841982958944,2.222331772245502,0.32438401032232456,0.03955174686882002,-0.05205047318612,-0.039874081846799525,0.4379888268156424,0.2941176470588234,0.14927905004240904,0.0,0.1617333649064645,-0.016210295728368074,-0.04761904761904756,
3,1996-12-31,0.037838533844530835,,0.021027604202430883,,0.05529216968664308,0.3640542828557503,1.3961620550346825,1.3961620550346825,0.8938053097345136,-0.29850746268656714,-0.5121730427546499,-0.7753078911357763,-0.6300284314318554,2.069685611565822,0.7518642035447971,0.18896639188332287,-0.05205047318612,-0.039874081846799525,0.07303807303807308,-0.17045454545454553,0.14927905004240904,0.5454545454545456,0.01691805951895642,-0.016210295728368074,-0.04761904761904756,
4,1997-03-31,-0.007194185503992202,,0.026130733108147952,,-0.04066976049762516,-0.19357859934326585,-0.3800828687540261,-0.3800828687540261,-0.3738317757009346,-0.29850746268656714,0.4982192459745738,1.5317814769702711,2.2614453891432307,-1.1475953152255172,-0.0633448836413415,0.09226666666666672,-0.05205047318612,-0.039874081846799525,-0.0173787110789283,0.013698630136986356,0.14927905004240904,0.3529411764705881,-0.033674082982561686,-0.016210295728368074,-0.04761904761904756,
5,1997-06-30,0.0386579143956951,,0.005334987135651836,,0.07446233530277535,0.2543890744230304,0.6682446214832776,0.6682446214832776,0.7164179104477609,-0.29850746268656714,-0.6873302714886873,-2.2801575139873846,0.2923371935629417,-2.582812763802127,0.10704376520021476,0.08154296875,-0.05205047318612,-0.039874081846799525,0.0847457627118644,0.10135135135135133,0.14927905004240904,0.3043478260869563,0.03443269031321305,-0.016210295728368074,-0.04761904761904756,
6,1997-09-30,0.021662560512242246,,-0.029302027855974914,,0.07289931714750343,-0.027835618883303104,-0.018548424306741085,-0.018548424306741085,-0.021739130434782483,-0.29850746268656714,-0.3914819280072829,-1.0471570742570813,-0.8839719530999971,0.0005333333333332746,0.09674491521927477,0.27945823927765234,-0.05205047318612,-0.039874081846799525,0.08763586956521753,0.18404907975460127,0.14927905004240904,0.2333333333333334,0.050130338881090974,-0.016210295728368074,-0.04761904761904756,
7,1997-12-31,-0.0005216387093111008,,-0.0008256546471722138,,-0.0002451135731068588,-0.02954293363931915,-0.11604218576152192,-0.11604218576152192,-0.08444444444444442,-0.29850746268656714,1.0908943878376194,-16.867473435655256,6.375710464727516,0.8366737739872068,0.16201474571170627,0.11397318278052215,-0.05205047318612,-0.039874081846799525,0.00562148657089323,0.020725388601036343,0.14927905004240904,0.21621621621621626,0.0001909490166125405,-0.016210295728368074,-0.04761904761904756,
8,1998-03-31,0.39897822277016093,,0.7696666715678346,,0.06200526092283054,0.5902627243561953,1.0937189760317687,1.0937189760317687,-0.29611650485436897,-0.29850746268656714,0.2194848391089108,-4.728770996484309,-3.3572521333136907,3.0990248432783836,0.571509501149202,0.1301868862844473,0.2867443150305049,0.21202185792349734,-0.03602484472049705,0.12690355329949246,0.14927905004240904,0.1777777777777778,-0.2409316533027873,0.13738588287686482,0.09999999999999988,
9,1998-06-30,0.13985321025354747,,0.059678033504190424,,0.2613013122294956,-0.08283456136568101,-0.2740924197201583,-0.2740924197201583,-0.3310344827586207,-0.3262411347517731,0.15998541118264575,2.075114115387493,1.8567143083779225,-0.2784134356679601,0.26241876178018564,0.04764573991031407,-0.030603448275862144,-0.06402164111812436,0.16752577319587636,0.0855855855855856,-0.23321033210332096,0.16981132075471694,0.10663983903420517,-0.015465935787000841,-0.045454545454545525,
10,1998-09-30,0.10252822132574567,,0.13678724858480762,,0.058928780669710974,0.025911454111136267,-0.7686556283279775,-0.7686556283279775,-0.8865979381443299,-0.936842105263158,-2.656231630463015,-1.1602911641700004,-1.025128401892876,-1.7315972290362462,0.2960565230338705,-0.07597645799893005,-0.21076033792796803,-0.2495183044315993,0.05849889624724058,-0.20746887966804986,-0.12030798845043313,0.14516129032258052,-0.03954545454545455,-0.20839133028435075,-0.04761904761904756,
11,1998-12-31,0.005182987848219246,,-0.029511380765291806,,0.052582876312168965,0.1411774312076426,5.013537701363855,5.013537701363855,10.181818181818182,19.166666666666668,-0.41074656431843504,-0.8820832532108049,0.16648807929279408,1.0696888412017171,-0.2428536356597443,-0.12767805442964675,0.11098591549295778,0.0808729139922979,0.052137643378519234,-0.17801047120418845,0.06673960612691454,0.12676056338028174,0.04708944628490297,0.08590806330067835,-0.05000000000000005,
12,1999-03-31,0.004763702407829529,,-0.00092492417855361,,0.01192942356679505,-0.10213591964104364,-0.4591282767178533,-0.4591282767178533,-0.4552845528455284,-0.4628099173553719,0.07566780126346463,8.845764312076216,-0.28476288896543794,-1.3299981855413567,0.10584645571093644,-0.01128443411881841,-0.22210953346855974,-0.2019002375296912,0.01090188305252715,-0.057324840764331315,-0.1579487179487179,0.11250000000000004,0.007231638418079056,-0.14850798056904935,-0.05263157894736848,
13,1999-06-30,0.08916024297718361,,0.16466006378231013,,-0.004735585721305391,0.05492731455893885,-0.4642494516311551,-0.4642494516311551,-0.4626865671641791,-0.4615384615384616,-2.9254749781881157,-0.9607803823455058,-31.988120083480496,20.145707328568058,2.0239683028967965,0.044981537428667284,-0.1994784876140808,-0.21577380952380956,-0.005392156862745079,0.03378378378378377,0.3215590742996344,0.1235955056179776,-0.08615660758357635,-0.19750067916327085,0.0,
14,1999-09-30,2.035246141577048,,3.446483613768075,,-0.01856821658314034,1.5769740625578743,-0.7859870952808079,-0.7859870952808079,-0.7777777777777778,-0.7714285714285714,-3.4106165842705747,-394.2098244054234,4.3279160730475335,-1.1275045875649132,-0.08533993013686714,-0.27722454224221005,-0.06107491856677528,-0.3965844402277039,-0.01872843765401666,-0.2745098039215685,-0.08663594470046078,0.1100000000000001,-0.6766511171126933,-0.3327691266079892,-0.11111111111111104,
15,1999-12-31,0.026536946010730755,,0.00755554965982097,,0.15169125929744287,0.09699787615908197,9.277090515784492,9.277090515784492,8.125,8.5,-0.5076857039453935,-1.0510313156602042,-1.024962539660314,0.9890458849235252,-0.1855826469868711,-0.1764444444444444,-0.2185602775368604,-0.4119496855345912,0.0281265695630335,-0.16216216216216214,-0.18365287588294651,0.09909909909909898,0.12148823082763838,-0.3860984271943176,-0.0625,
16,2000-03-31,0.004063687386149707,,0.00017824639822294763,,0.02647621872303718,0.1589404316025842,0.1478928362351919,0.1478928362351919,0.09589041095890427,0.05263157894736836,-0.5212701090146512,2.683961584899808,-0.22327827983795576,-2.5283197117497145,0.3482607737904517,0.01403130059363189,0.08324084350721428,-0.11764705882352945,0.02833414753297525,-0.010752688172043,0.2620519159456121,0.0901639344262295,0.022342586323629062,-0.1462809917355371,0.06666666666666665,
17,2000-06-30,-0.0013373979651316592,,-0.002379842990416603,,0.0045217203244729545,-0.01908543147876396,-0.34716611369926603,-0.34716611369926603,-0.375,-0.3875000000000001,0.4268760118083992,-0.6337750355556758,2.1412487462387157,-1.5910421728025914,-0.1526683920828893,0.35550824906865364,0.06762295081967218,-0.07878787878787885,0.00047505938242275997,0.3152173913043477,0.25367286973555325,0.09774436090225548,0.00596026490066226,-0.09680542110358192,0.0,
18,2000-09-30,0.04394168777144647,,0.026382079776787748,,0.14195832646008946,0.030897293870813414,0.2354557264237063,0.2354557264237063,0.2,0.18367346938775508,0.42356238894126097,-3.444498267623442,-4.199173006154558,-0.4518906472953691,-0.09875587406529872,0.32155477031802104,0.18330134357005767,0.25,0.07217473884140557,0.3223140495867769,0.234375,0.08904109589041109,0.09414088215931526,0.20150053590568076,0.0625,
19,2000-12-31,0.004992563134076145,,-0.0008474191086542683,,0.0342917333348598,-0.08516154751983895,-0.19157673371082676,-0.19157673371082676,-0.2,-0.22413793103448265,-0.6914340633259299,-1.2589651871630814,-1.0832173066846322,-0.8683252965713102,-0.01442855498880824,0.1455733808674986,-0.11111111111111116,-0.07368421052631569,0.032329495128432306,0.06874999999999988,-0.07215189873417728,0.08176100628930816,0.028880866425992968,-0.08028545941123999,0.0,
20,2001-03-31,0.03786572888467954,,0.042381843607265816,,0.0159781602598128,0.24954855578049595,0.040478785109150366,-0.015309171441628244,0.0,0.022222222222222143,-8.38175637178562,-4.35711969702865,0.6440886330244971,-9.425410020220175,0.12334619919778846,-0.036047717842323634,-0.1551094890510949,-0.125,0.021021021021021102,-0.07017543859649111,0.09276944065484316,0.07558139534883734,-0.021052631578947437,-0.14936954413191073,0.0,
21,2001-06-30,0.003595162500779514,,0.0036600173606236024,,0.0032726715401423245,0.027569038413404856,0.11084176563001512,0.1737768416543206,0.12500000000000022,0.13043478260869554,-0.7821698625343793,-0.6881133037659748,-0.8232966151152612,-1.0767035985227258,-0.008422245385552363,-0.0368576809254777,-0.008639308855291516,0.01298701298701288,0.00546218487394956,-0.056603773584905766,0.12858926342072394,0.16216216216216206,0.0,-0.012542759407069616,0.0588235294117645,
22,2001-09-30,0.05760952984447632,,0.08764063938281863,,-0.09177789466406072,-0.039776007534041535,-4.365268368347818,-4.365268368347818,-4.611111111111111,-4.75,4.763553256324854,2.6671249845162888,10.834141810300341,-14.431079436815574,0.11408066213999613,-0.1729050279329608,-1.173202614379085,-1.1538461538461535,-0.19222732971165898,-0.17333333333333334,-0.18528761061946894,0.06976744186046502,-0.1415770609318996,0.0,0.0,
23,2001-12-31,0.06524022627224424,,0.03976254784178579,,0.2170136992853413,0.27812806693207337,-1.1045324114869293,-1.1045324114869293,-1.0769230769230769,-1.087179487179487,-0.19733307102588848,4.238955301016393,-10.384943441972423,-2.076848412688141,-0.1102681198216775,0.16818642350557256,0.7358490566037734,0.75,0.21055354371443347,0.44354838709677424,0.0,0.0652173913043479,0.14265831593597778,0.0,0.05555555555555558,
24,2002-03-31,0.03497276611646005,,0.03871633826154186,,0.01591987301830589,-0.21537722136139592,3.2754782232789363,3.1368204906516803,3.9333333333333336,3.117647058823529,-0.6327208482369671,-0.7506017174980674,-0.636105630864419,-2.786243945821866,0.2213765358269,0.1402139346631972,-0.5326086956521738,-0.5476190476190477,0.011111111111111072,-0.05586592178770955,0.0,0.061224489795918435,-0.018270401948842885,0.0,-0.05263157894736848,
25,2002-06-30,0.02171958699714049,,0.02032148881143514,,0.028994870182988963,0.05648032366992384,-0.4747352190288415,-0.4571294215998746,-0.5,-0.4857142857142857,1.969879811201401,-1.24207687992327,-2.1826539524288657,-0.6113114621740183,0.07045044627558973,-0.0542596348884381,0.3178294573643412,0.3157894736842106,0.028317836010143708,-0.06508875739644959,0.0,0.06538461538461537,0.006823821339950298,0.0,0.0,
26,2002-09-30,0.03831245643794756,,0.043803396715466285,,0.009980094949612273,0.1546621514326758,-1.543888354186718,-1.6056400384985563,-1.648648648648649,-1.6666666666666663,1.3893286645850789,-11.150483777953395,-0.3557716807815058,-4.9467716808031845,-0.259752169965333,-0.2316353887399463,-3.605882352941176,-4.0,0.00904233456637904,-0.25316455696202544,0.0,0.061371841155234634,-0.0271102895871842,-0.5404157043879907,0.0,
27,2002-12-31,0.0,,0.0,,0.0,0.0,0.0,0.0,0.0,0.0,0.0,0.0,0.0,0.0,0.0,0.10711793440334973,0.0,0.0,0.0,0.0,0.0,0.0,0.0,0.0,0.0,
28,2003-03-31,0.11331583058789076,,0.12715083621449394,,0.039538780659472465,0.18960290617562325,-5.378764820385772,-4.9323014334297435,-4.833333333333334,-4.75,-0.4116086017797597,-0.2187294509774628,-0.8523593411676376,-0.18428981820574108,-0.2653307149870571,-0.1219665931295304,0.0,0.0,0.031364562118126216,0.0,0.0,0.057823129251700627,-0.06649778340721979,0.0,0.0,
29,2003-06-30,0.02572370044063721,,-0.007905016052407121,,0.22016726731812053,0.17660295890892194,0.49717915972907,0.49717915972907,0.4673913043478262,0.4666666666666668,0.6287141817770134,0.8939245194088139,-12.953323646930619,-1.5290989644381834,0.2061403233138306,0.18162239770279973,0.0,0.0,0.16074249605055302,0.10169491525423746,0.0,0.061093247588424486,0.1899592944369064,0.0,0.0,
30,2003-09-30,0.013055960446237469,,0.011467332853893451,,0.0205245616832459,0.015559294484859262,-0.041847069112581965,-0.041847069112581965,-0.07407407407407418,-0.0757575757575758,0.08378907168397952,-0.17759270069774835,-1.0916755298944008,-2.4699761190996394,-0.25123225432200824,0.009720534629404698,0.0,0.0,0.01769309288873755,-0.13076923076923086,0.0,0.05757575757575761,0.007411630558722848,0.0,0.0,
31,2003-12-31,0.049080547018833576,,0.04704354819987855,,0.05857207969943756,0.18706804935871624,0.2525319397687096,0.2525319397687096,0.24,0.2622950819672132,0.4953576285989696,0.22417513820466214,-0.1920901613872258,-1.9023594394862189,0.30276650870637245,0.12815884476534278,2.99097065462754,3.0,0.05048478769642273,0.10619469026548688,0.0,0.05444126074498557,0.009054895302772923,2.3316582914572863,0.2777777777777779,
32,2004-03-31,0.059043210742934386,,0.05805128380946645,,0.06361482483579706,-0.0855069272694361,0.004993196207869977,0.004993196207869977,0.006451612903225712,-0.006493506493506551,-0.2606909549402717,-0.2276547192851488,-0.32507628791958354,-0.5998130683602878,0.09300454019407113,0.15200000000000016,0.052601809954750944,0.10000000000000007,0.05633354551241233,0.09600000000000007,-0.4114052953156823,0.05163043478260865,0.0044868199663490324,0.07390648567119151,0.0,
33,2004-06-30,0.022344501178948484,,0.0313115102692374,,-0.018766667872748388,0.0597894611756431,-0.07568063559559113,-0.07568063559559113,-0.08333333333333337,-0.07843137254901966,-0.05488677799751218,0.3900240131825605,-18.539855623100305,-0.055172677846695765,0.0803960344428769,-0.01157407407407407,-0.0037614185921546204,-0.00909090909090915,-0.02199457667972271,-0.05839416058394165,-0.12226066897347165,0.05426356589147297,-0.040201005025125684,-0.01193820224719111,0.0,
34,2004-09-30,0.01499552032019591,,0.01227590852024485,,0.0281005106787906,0.0015150231099696487,-1.0063436874256977,-1.0334932168548383,-1.034965034965035,-1.0354609929078014,0.6230849223858717,-0.1282601015865581,-2.147700958953664,-2.1532601207602218,-0.05645166154031722,-0.061358313817330375,-0.2459546925566343,-0.2415902140672783,0.027726432532347408,-0.046511627906976834,-0.07621550591327197,0.051470588235294164,0.012798138452588814,-0.2480454868514569,0.0,
35,2004-12-31,0.0317192605958132,,0.030271070575023092,,0.03859024029879832,0.06921168734630223,-113.77557251908395,-22.359936384009245,-21.4,-21.0,-0.5213410869872316,-0.3002889556167493,-0.8861966461256806,1.1996029375592958,-0.2043835161130011,-0.053143712574850184,-0.13948497854077258,-0.1411290322580645,0.026978417266187105,-0.07317073170731714,0.2190611664295874,0.048951048951048966,0.006318207926478968,-0.12476370510396985,0.0,
36,2005-03-31,0.014697583575893569,,0.015137215286467718,,0.01262844587599976,-0.041815425141549456,0.4775477879460659,0.4775477879460659,0.4705882352941175,0.48,0.4100180678444656,0.1929229863276385,-0.5454002686700831,-1.608816505187824,0.15308819512508642,0.16627140974967047,-0.023275145469659253,-0.03286384976525813,0.012259194395796813,0.13157894736842124,0.3278879813302218,0.046666666666666634,-0.001712328767123239,-0.028077753779697682,0.0,
37,2005-06-30,0.019545585043806657,,0.012436338207564734,,0.05308833022860005,0.034984575298939946,0.06969265233385412,0.06969265233385412,0.07333333333333347,0.06756756756756754,-0.09975072619023097,-0.14117823623490955,0.8090912407427675,0.007294481908110438,0.13391323734841976,-0.04428377767736103,0.013617021276595807,0.029126213592233,0.04988465974625145,-0.05426356589147297,-0.031634446397188154,0.048832271762208064,0.032590051457976,0.03222222222222215,0.0,
38,2005-09-30,0.04167025101938982,,0.05652612128338653,,-0.025716734927135887,0.07243707796193988,-1.23982869379015,-1.23982869379015,-1.2670807453416149,-1.2721518987341771,0.09201583560264548,0.4632764971476635,-0.17320373469922767,-4.151944567454219,-0.3717357910906298,0.07304964539007107,-0.09991603694374472,-0.1132075471698113,-0.12853611645152418,0.024590163934426142,0.02722323049001818,0.046558704453441235,-0.06478405315614623,-0.11302475780409038,0.0,
39,2005-12-31,0.03129903377652976,,0.006200810875268248,,0.1547560856388699,-0.08754235832856327,-3.110946428571429,-3.110946428571429,-2.511627906976744,-2.511627906976744,-0.32187761944677284,0.5446043165467627,-36.26829268292683,-1.4256198347107438,0.25183374083129584,0.12535800837188793,-0.09794776119402993,-0.07978723404255328,0.14938543964702178,0.28800000000000003,0.2429328621908127,0.044487427466150864,0.1201894612196568,-0.04733009708737868,-0.0434782608695653,
40,2006-03-31,0.038549007046764894,,0.04072845065971409,,0.029207585506264788,-0.0022354818362003703,1.0683004407298688,1.0683004407298688,1.2923076923076922,1.2461538461538462,0.34239802224969096,-0.4662319515603167,-1.0401106500691564,-2.1067961165048543,-0.22265625,0.06362568519968681,0.0,0.017341040462427904,0.0249520153550864,-0.07453416149068326,0.1769722814498933,0.042592592592592515,-0.008985200845666008,0.0484076433121019,-0.045454545454545525,
41,2006-06-30,0.008373556216941358,,0.00444107041184294,,0.0254174549642181,0.03395158755108452,0.17177914110429435,0.17177914110429435,0.17449664429530198,0.17808219178082196,-0.18784530386740328,-0.16928446771378713,-4.844827586206896,-2.3508771929824563,0.3869346733668342,-0.04546291183508189,0.05170630816959676,0.0625,0.024344569288389458,-0.06711409395973156,-0.03925120772946855,0.04440497335701599,0.016533333333333292,0.09599027946537064,0.0,
42,2006-09-30,0.015950451139318034,,-3.779003854587071e-05,,0.08382801219316538,0.030404378230465268,0.008726003490401313,0.008726003490401313,0.005714285714285783,0.005813953488372103,0.5113378684807257,0.02521008403361336,-2.6681614349775784,-1.051948051948052,-0.01449275362318836,0.011955264172772706,0.4778761061946901,0.5508021390374331,0.08200574562548968,-0.014388489208632891,-0.02954116907605286,0.042517006802721184,0.06715634837355733,0.5942350332594235,-0.04761904761904756,
43,2006-12-31,0.010567037466319372,,-0.001228222667321699,,0.05676855895196509,0.0236057834169372,0.1505190311418685,0.1505190311418685,0.1477272727272727,0.1560693641618498,-0.3968492123030758,-0.2868852459016393,-0.793010752688172,-3.625,0.03860294117647056,0.09813262195121952,0.17032601463739194,0.2068965517241379,0.0547912140960658,0.014598540145985163,-0.32836787564766845,0.04078303425774888,0.04572271386430682,0.20236439499304584,0.0,
44,2007-03-31,0.03930885529157657,,0.037043343360387386,,0.047695755708082384,0.02306140098010956,0.0541353383458647,0.0541353383458647,0.0544554455445545,0.05000000000000005,0.5373134328358209,1.2844827586206895,-6.5064935064935066,2.523809523809524,0.13097345132743365,-0.01474926253687314,0.036384309266628716,0.0714285714285714,0.04164759725400469,-0.06474820143884885,-0.2073288331726132,0.03918495297805635,0.007992477668077091,0.06304222093695766,0.0,
45,2007-06-30,0.017857654713790302,,0.01862628842470126,,0.015041112373821884,-0.022823330515638233,-0.07417974322396581,-0.07417974322396581,-0.07981220657276987,-0.080952380952381,-0.06310679611650483,-0.6150943396226415,-2.327830188679245,-1.2432432432432432,-0.028169014084507005,0.05459668897499115,-0.01810202962150298,0.008000000000000007,0.013400702987697688,0.015384615384615332,-0.035279805352798184,0.040723981900452566,-0.0027985074626866173,0.0168661588683352,0.0,
46,2007-09-30,0.013151225007040246,,0.0014864961673473065,,0.05604583772391991,0.05017301038062283,0.010785824345146409,0.010785824345146409,0.010204081632652963,0.010362694300518172,0.2815198618307426,1.5,-0.8507992895204263,5.388888888888888,-0.18518518518518526,-0.013026052104208484,-0.012849162011173143,0.01058201058201047,0.054628224582701,-0.03030303030303028,-0.0390920554854981,0.039130434782608685,0.04256314312441534,0.011771000535045316,0.0,
47,2007-12-31,0.0018900964505099702,,-0.009048802732523842,,0.0400374181478016,-0.0403624382207578,-0.12804878048780488,-0.12804878048780488,-0.13131313131313127,-0.13846153846153852,-0.4454177897574124,-0.4784313725490196,-0.6428571428571428,-1.0347826086956522,0.007905138339920903,0.016582064297800292,-0.07130730050933788,-0.05235602094240821,0.039054470709146916,-0.0390625,-0.011811023622047223,0.03765690376569042,0.037685060565276096,-0.03701745108408239,0.0,
48,2008-03-31,0.025371063947843053,,0.0319600093840795,,0.0034778437368832016,-0.11988555078683838,-0.3409090909090909,-0.3409090909090909,-0.34883720930232553,-0.3452380952380951,0.23329283110571075,1.8283208020050123,-41.8,-0.75,0.0019607843137254832,-0.04027962716378164,-0.1499085923217549,-0.13812154696132606,-0.0055390702274974455,-0.07317073170731714,0.0,0.03629032258064502,-0.0211846087332469,-0.09500274574409673,-0.05000000000000005,
49,2008-06-30,0.052178736184201664,,0.07458379966424178,,-0.02438004182850317,0.24642392717815345,0.9787798408488064,0.9787798408488064,0.9910714285714284,1.0,0.05123152709359613,-0.5804164820558263,-1.037581699346405,70.0,0.13894324853228968,0.02098508498092277,0.025089605734766932,0.019230769230769384,-0.025462502486572558,0.02631578947368429,0.17397078353253634,0.03761348897535677,-0.07287985865724378,0.01577669902912615,0.0,
50,2008-09-30,-0.033699341699238834,,-0.026851535419616268,,-0.05947204017884489,-0.05607720396452786,-0.9276139410187668,-0.9276139410187668,-0.9282511210762332,-0.9272727272727272,-0.008434864104967188,-0.6451953537486801,16.282608695652176,-2.4507042253521134,-0.17697594501718214,-0.05469678953626633,-0.24825174825174826,-0.2641509433962265,-0.06042049397836291,-0.02564102564102566,-0.09162895927601812,0.032499999999999966,-0.02667937112910912,-0.25507765830346474,0.0,
51,2008-12-31,-0.04122147561705813,,-0.036589240622752935,,-0.05926022401667098,-0.14258082343188727,-0.6296296296296297,-0.6296296296296297,-0.625,-0.5625,-0.09168241965973534,0.7380952380952381,-0.9132075471698112,-4.766990291262137,0.8100208768267223,-0.14357592093441152,-0.2911627906976744,-0.3162393162393162,-0.05930914620899419,-0.08771929824561397,0.15442092154420914,0.032687651331719136,-0.01860009789525208,-0.2959101844426624,-0.05263157894736848,
52,2009-03-31,0.014849355371442163,,0.013851521410841672,,0.018828741520144018,0.15211086045762154,27.35,27.35,27.16666666666667,23.142857142857142,-0.4151925078043705,-0.15068493150684936,0.2318840579710144,-1.0592783505154642,-0.026528258362168437,-0.10952580780528742,0.19685039370078727,0.16249999999999987,0.012009237875288736,-0.05769230769230771,0.296655879180151,0.030480656506447712,0.003990024937655878,0.11845102505694748,0.05555555555555558,
53,2009-06-30,0.034569994666812535,,0.0117276447122876,,0.12522081804593022,-0.00783216783216778,-0.0564373897707231,-0.0564373897707231,-0.06508875739644959,-0.06508875739644959,0.35231316725978656,1.256048387096774,-3.0,7.260869565217392,-0.22511848341232232,0.04052780395852973,-0.155701754385965,-0.14516129032258052,0.124372432679142,0.030612244897959107,-0.10815307820299493,0.03526734926052333,0.08743169398907114,-0.13543788187372696,0.0,
54,2009-09-30,0.028629964972572974,,-0.00010153315057370717,,0.13115150051325394,0.03777840428531154,-0.07663551401869162,-0.07663551401869162,-0.07594936708860768,-0.07594936708860768,0.32894736842105265,-0.2654155495978552,-1.6764705882352942,-1.4631578947368422,0.13455657492354733,0.078125,0.3025974025974025,0.35849056603773577,0.13009945199918804,-0.03960396039603964,0.26865671641791034,0.03406593406593417,0.0995888533576974,0.3686690223792697,0.0,
55,2009-12-31,0.002043150306472618,,-0.013116030327646857,,0.04985853840815668,0.16055419722901387,0.9291497975708504,0.9291497975708504,0.9383561643835618,0.9246575342465756,-0.006930693069306937,-0.042579075425790765,1.5304347826086957,-1.8295454545454544,-0.09838274932614556,0.08506616257088839,0.4586241276171488,0.550925925925926,0.049568965517241326,-0.04123711340206182,-0.20882352941176474,0.032943676939426236,0.04777731616119652,0.455249569707401,0.05263157894736836,
56,2010-03-31,0.017299307514747397,,0.006516557199938156,,0.04927035134997704,-0.07560861423220977,-0.2077649527806925,-0.2077649527806925,-0.21201413427561844,-0.2099644128113879,-0.1794616151545364,-0.1537484116899619,-0.6804123711340206,-1.7808219178082192,0.08520179372197312,-0.02845528455284552,-0.010252904989747071,0.05074626865671639,0.04260780287474342,-0.07526881720430112,-0.3810408921933085,0.031893004115226116,0.031324345757335566,0.04790065050266112,0.0,
57,2010-06-30,0.01047536209961053,,0.0009711549929292127,,0.03750726885055245,-0.04786021777665228,-0.10331125827814568,-0.10331125827814568,-0.1076233183856502,-0.10810810810810824,0.05467800729040096,0.20270270270270266,0.053763440860215006,-2.017543859649123,-0.07988980716253448,0.01932655907551295,-0.01104972375690616,0.03693181818181812,0.03692762186115206,-0.023255813953488413,-0.04804804804804808,0.032901296111665035,0.02691272587466353,0.03724604966139955,0.0,
58,2010-09-30,0.027794411177644696,,0.013497872340425543,,0.06702475478748249,0.03404255319148941,-0.002954209748892156,-0.002954209748892156,-0.005025125628140725,-0.005050505050505083,0.24884792626728114,0.4993757802746568,-0.0714285714285714,2.1206896551724137,-0.2709580838323353,0.07134480062548887,0.011173184357542,0.049315068493150704,0.06536878759100984,0.03571428571428581,0.020504731861198836,0.03185328185328196,0.03818794459004105,0.04896626768226331,0.0,
59,2010-12-31,0.01173714618633781,,0.014073862586702068,,0.00564674983585034,0.13400205761316866,0.482962962962963,0.482962962962963,0.505050505050505,0.5177664974619292,-0.28874538745387457,0.25978351373855113,-12.142857142857142,-2.5745856353591163,0.5852156057494866,0.0988870644043056,-0.02279005524861899,-0.002610966057441377,0.017233694844748237,0.02298850574712641,0.03709428129829995,0.03086997193638918,-0.006130544536602889,0.007261410788381717,0.0,
60,2011-03-31,0.034371063523483965,,0.040790977294181914,,0.017498041264037534,-0.13631208890904967,-0.7412587412587412,-0.7412587412587412,-0.7416107382550335,-0.7458193979933109,0.3009079118028535,-0.5829477858559153,-1.0364891518737671,0.20350877192982453,0.4443005181347151,0.044994188942387485,-0.1851590106007066,-0.17539267015706805,0.01182999853950628,0.033707865168539415,0.02384500745156481,0.02994555353902006,-0.01632801161103048,-0.15242018537590118,-0.05000000000000005,
61,2011-06-30,0.035189051264207905,,0.03655082426325506,,0.031528062970568094,0.11685924369747892,1.3436293436293436,1.3436293436293436,1.3246753246753245,1.3289473684210529,0.05682951146560322,1.0095087163232963,1.108108108108108,-1.8221574344023324,-0.25291479820627805,0.058945027009850826,-0.05464006938421506,-0.053968253968254,0.02987875288683584,0.04347826086956519,0.26055312954876264,0.03083700440528636,-0.0033198081888602404,-0.05589307411907651,0.0,
62,2011-09-30,-0.005982925135007977,,-0.0026250748376598354,,-0.01505412018413299,0.009640253938396405,-1.0510708401976936,-1.0510708401976936,-1.0502793296089383,-1.0508474576271187,-0.11792452830188682,-0.5023659305993691,3.6538461538461537,-0.7624113475177305,-0.08043217286914761,-0.0445611402850713,-0.2844036697247706,-0.2919463087248322,-0.011772950245269698,-0.07291666666666663,-0.018475750577367167,0.026495726495726624,-0.009252405625462591,-0.29536679536679544,0.0,
63,2011-12-31,-0.013694770063119921,,-0.03049099584423576,,0.03225263157894731,0.043083372147182164,-25.193548387096772,-25.193548387096772,-25.555555555555557,-25.33333333333333,-0.4951871657754011,-0.1980982567353408,-0.7603305785123967,1.2686567164179103,-0.19843342036553524,0.039886934673366785,-0.1512820512820513,-0.14691943127962093,0.03120124804992175,0.056179775280898785,0.4352941176470588,0.032472939217318864,0.0466940605155024,-0.13972602739726026,0.0,
64,2012-03-31,0.025644248900062783,,0.021098922034005874,,0.03732256485560459,-0.06563965170797048,0.2973333333333332,0.2973333333333332,0.29864253393665163,0.2968036529680365,0.21186440677966112,0.21541501976284594,-2.597701149425287,-1.6644736842105263,0.16449511400651473,0.08109332527937196,0.4199395770392751,0.4388888888888889,0.03273277403383324,0.042553191489361764,0.2672131147540986,0.033870967741935536,0.01142041399000715,0.4182590233545647,0.0,
65,2012-06-30,0.010607360527693954,,0.009655150968624682,,0.013015610868625016,-0.061887694145758676,-0.6628982528263103,-0.6628982528263103,-0.6655052264808363,-0.6619718309859155,0.4178321678321679,0.03252032520325199,-2.8848920863309346,-1.9702970297029705,-0.13706293706293704,0.026679703869255444,-0.13617021276595753,-0.12355212355212353,0.011719270209082477,0.0,-0.2917205692108669,0.03744149765990645,0.0021171489061397875,-0.10479041916167664,0.0,
66,2012-09-30,0.030947839604855483,,0.02473090130738087,,0.046619051315891724,0.3087111563932756,0.951219512195122,0.951219512195122,0.9583333333333331,0.9375000000000002,1.024660912453761,1.2551181102362206,-0.43511450381679373,-1.7448979591836735,0.11831442463533225,-0.005306122448979544,0.2906403940886701,0.31277533039647576,0.044491246544688716,-0.020408163265306145,0.13150684931506862,0.03684210526315779,0.015140845070422682,0.2692307692307692,0.05263157894736836,
67,2012-12-31,-0.010298584078367591,,-0.02300698775264853,,0.021065905129251217,-0.08777734527053327,0.1953125,0.1953125,0.196808510638298,0.19892473118279552,-0.4092570036540804,-0.4713687150837989,0.8851351351351351,-2.0273972602739727,-0.10869565217391307,0.0791957324579402,-0.022900763358778664,-0.010067114093959773,0.022558286074354283,0.03125,-0.18886198547215494,0.04858593183466287,0.031911203607353444,-0.005928853754940565,0.0,
68,2013-03-31,0.009897887514182193,,0.007767557756790833,,0.014928625912607576,-0.08043524642628552,0.2457516339869281,0.2457516339869281,0.2444444444444445,0.24215246636771304,-0.058762886597938165,0.9365918097754292,-3.9139784946236564,-4.2,0.3902439024390243,0.07135614702154625,-0.0302734375,-0.016949152542372725,0.012324377618930349,0.050505050505050615,0.06567164179104479,0.03181189488243419,0.005042016806722671,-0.014579191517561376,0.0,
69,2013-06-30,0.0024288205775671035,,0.013339641935927071,,-0.023155107007372444,0.09164733178654294,-0.06505771248688352,-0.06505771248688352,-0.06785714285714284,-0.06498194945848379,-0.019715224534501696,-0.3792633015006821,-1.1906519065190653,-1.7333333333333334,-0.20584795321637428,0.055601561575771896,0.1923464249748239,0.2,-0.02300949598246893,0.04807692307692313,0.065359477124183,0.034182305630026784,-0.02575250836120402,0.160053799596503,0.0,
70,2013-09-30,0.009563658099222884,,-0.0004066693777958763,,0.03381571716431586,0.09925611052072257,0.02805836139169471,0.02805836139169471,0.026819923371647517,0.0270270270270272,0.036871508379888285,-0.16153846153846152,-0.3161290322580645,-1.5056818181818183,0.13107511045655373,0.027120923456236627,0.07263513513513509,0.08333333333333326,0.03401869158878501,0.04587155963302725,-0.1498685363716039,0.029812054439403823,0.02403020940611067,0.08289855072463781,0.0,
71,2013-12-31,-0.0007823733400997844,,-0.010261278365428115,,0.021511092210645618,-0.0189481825212684,0.08951965065502178,0.08951965065502178,0.09328358208955234,0.09022556390977443,0.3857758620689655,0.7077326343381389,0.5188679245283019,-3.1235955056179776,-0.24609375,0.061320240043644114,0.05433070866141732,0.0610079575596818,0.0318148951554591,0.02631578947368429,-0.0216494845360824,0.037130270610446825,0.02246061012403611,0.044432548179871516,0.0,
72,2014-03-31,0.007078616019468909,,0.0019030219989342176,,0.01887250650477013,-0.12908947575877014,-0.2645290581162325,-0.2645290581162325,-0.2627986348122867,-0.2620689655172413,-0.02799377916018664,-0.6139677666922487,1.9316770186335408,-2.4179894179894177,0.46286701208981,-0.0033926184846303498,-0.0702016430171769,-0.0625,0.015767344078486234,-0.034188034188034185,-0.06427818756585879,0.03944174757281549,0.011803278688524488,-0.06355715017939513,0.0,
73,2014-06-30,0.023828785761565108,,0.01993617991186758,,0.03255132963328688,0.08961303462321801,0.06130790190735703,0.06130790190735703,0.06481481481481466,0.06542056074766345,-0.32320000000000004,0.900596421471173,-0.6758474576271186,-1.9440298507462688,-0.2987012987012987,0.0467299360429132,-0.057028112449799113,-0.04266666666666663,0.03863401172818204,0.03539823008849563,0.11036036036036023,0.03794512551079987,0.008425145819831448,-0.037219485495347586,0.0,
74,2014-09-30,0.0011288187424958185,,0.006227466404457482,,-0.010156636438581999,0.07995846313603328,0.007702182284980762,0.007702182284980762,0.0260869565217392,0.021929824561403688,0.33096926713947994,-0.7604602510460251,3.019607843137255,-1.8379446640316208,0.35690235690235683,0.021681285108899214,-0.05281090289608181,-0.04456824512534829,0.0016605778811027427,-0.017094017094017144,0.053752535496957465,0.030371203599550037,-0.01124678663239076,-0.039226833428084085,0.0,
75,2014-12-31,0.007083038633824312,,0.016597571809298106,,-0.014325215711097015,-0.08903846153846151,-0.29299363057324845,-0.29299363057324845,-0.2923728813559322,-0.2875536480686696,0.13143872113676736,2.5633187772925763,-0.12682926829268293,-1.7122641509433962,-0.1873449131513648,0.06347062795408509,-0.13938848920863312,-0.1428571428571428,-0.0009946949602122057,0.0608695652173914,0.09913378248315684,0.04694323144104806,-0.02144946376340595,-0.11952662721893505,0.0,
76,2015-03-31,0.0015267486361045801,,0.0005097508046780773,,0.0038868421942068734,-0.07346421785940471,0.2270270270270269,0.2270270270270269,0.2455089820359282,0.2349397590361446,-0.1562009419152276,0.25,-1.6201117318435754,-2.9403973509933774,0.4473282442748092,0.011156462585033998,-0.02194357366771149,-0.027210884353741416,0.006195375594645558,0.008196721311475308,0.16112084063047294,0.03232533889468203,0.0026569246097643,-0.016801075268817026,0.0,
77,2015-06-30,0.014654769405882284,,0.023130895539769325,,-0.00494916167261461,0.1501480975165186,0.3832599118942732,0.3832599118942732,0.3894230769230769,0.3951219512195123,-0.2409302325581395,-1.0,-3.9789789789789785,-1.5392491467576792,-0.16666666666666666,-0.040365984930032295,0.06517094017094016,0.05244755244755228,0.003518416712479322,-0.04065040650406504,-0.0301659125188537,0.031313131313131404,-0.019542894998343833,0.04511278195488711,0.0,
78,2015-09-30,-0.02083333333333337,,-0.02350430390552749,,-0.014481475215699537,-0.03506339144215531,-0.4394904458598726,-0.4394904458598726,-0.4359861591695502,-0.4335664335664336,-0.009803921568627416,-inf,-0.8810483870967742,-2.5696202531645564,0.3139240506329113,-0.014582164890633798,-0.07923771313941819,-0.08637873754152814,-0.015558233811767352,-0.016949152542372947,-0.07931570762052875,0.0318315377081293,0.006418918918918992,-0.0706344015696534,-0.05000000000000005,
79,2015-12-31,0.04711538461538467,,0.06699401162705998,,0.00027465925086689325,-0.039416957503592635,0.293560606060606,0.293560606060606,0.29447852760736204,0.2901234567901232,0.4418316831683169,11.022222222222224,-38.89830508474577,1.971774193548387,0.7100192678227359,0.05179282868525892,0.05119825708060999,0.036363636363636376,-0.2976071229827489,0.06034482758620685,0.14358108108108092,0.036544850498338784,-0.044645854313527966,0.05066854327938053,0.0,
80,2016-03-31,0.5302346482230429,,0.5122967049473584,,0.5753217779303244,0.4697584954050011,-0.35724743777452417,-0.35724743777452417,-0.5355450236966824,-0.5358851674641147,-0.12446351931330467,-0.6683097145204354,-1.0228085867620749,-1.9280868385346,-0.3853521126760563,0.039231601731601895,-0.1968911917098446,-0.20350877192982453,0.5656789732213596,0.4878048780487805,-0.012555391432791718,0.030677655677655787,0.029515108924806688,-0.19156061620897516,0.0,
81,2016-06-30,0.02272030847016171,,0.020135985624892827,,0.028956140924243368,0.1483204885851388,0.65375854214123,0.65375854214123,0.5816326530612246,0.5876288659793816,0.11078431372549023,-0.34551083591331266,0.6372549019607843,-0.8830409356725146,-0.0733272227314391,0.07567473748155851,-0.18967741935483876,-0.18942731277533045,0.02762878251189149,-0.3169398907103825,0.2296185489902769,0.03065304309195893,0.006143344709897747,-0.1905550952775477,0.0,
82,2016-09-30,0.01003102313939186,,0.004080476557175361,,0.02426629399059843,0.0797771305559074,0.8732782369146006,0.8732782369146006,0.8709677419354838,0.8701298701298701,0.4863195057369816,0.5156102175969726,0.44311377245508976,0.7625,-0.13946587537091992,0.027027027027026973,0.19745222929936326,0.20108695652173925,0.023734488871380632,0.0,0.245133819951338,0.029741379310344932,0.013907734056987751,0.1740020470829069,0.0,
83,2016-12-31,-0.012508497620666192,,-0.01698725294874737,,-0.0020052923178698334,-0.04210155975137797,0.18382352941176472,0.18382352941176472,0.18965517241379315,0.1875,-0.13598574821852727,-0.35018726591760296,-0.037344398340248934,-1.8156028368794328,0.13218390804597702,0.002356637863315081,0.15957446808510636,0.1719457013574659,-0.002982202982202975,-0.016000000000000014,-0.16658524670249142,0.02888237756383405,0.010705921712947486,0.14559721011333915,0.05263157894736836,
84,2017-03-31,0.007391135643923795,,0.002080512236460885,,0.01965820818228892,-0.08055827619980416,-0.3211180124223603,-0.3211180124223603,-0.3246376811594203,-0.32456140350877194,-0.3037800687285224,-0.9423631123919308,2.6982758620689653,-0.32173913043478264,0.07918781725888335,0.04905956112852672,0.13761467889908266,0.1505791505791505,0.0171748359706676,0.048780487804878085,-0.10961313012895656,0.028071602929210737,0.012247600132406557,0.13546423135464236,0.0,
85,2017-06-30,0.012555368491678376,,0.008018399362823558,,0.02285470502194054,0.0796271637816246,0.19396157365050315,0.19396157365050315,0.19742489270386265,0.19913419913419905,-0.3810463968410661,-3.733333333333333,-0.31818181818181823,2.0,0.22013170272812801,0.059913342297923,0.10282258064516124,0.1174496644295302,0.02618099032441656,0.046511627906976834,-0.07965766951942066,0.028096557182429868,0.010137344669718829,0.11327077747989267,0.0,
86,2017-09-30,0.028161582447787662,,0.039666545335097066,,0.002423086853760692,0.061914158855451484,-1.053639846743295,-1.053639846743295,-1.053763440860215,-1.0541516245487366,1.824561403508772,-9.823170731707316,-0.09914529914529913,-1.8931623931623929,-0.1611410948342329,0.0011981956583029252,-0.2742230347349177,-0.2732732732732733,0.004991680532445919,-0.029629629629629676,-0.10729613733905574,0.026558891454965483,-0.02492716089349301,-0.26791089704996984,0.0,
87,2017-12-31,-0.003317857952714553,,-0.01073377338673176,,0.01388916407441898,-0.06910569105691056,-22.9,-22.9,-22.93333333333333,-22.53333333333333,-0.383399209486166,-0.2404975812024879,-0.3377609108159393,0.7224880382775121,-0.3308823529411765,0.05026399155227024,-0.032745591939546626,-0.028925619834710762,0.014164827078734453,0.04580152671755733,0.43189102564102577,0.027371578552680687,0.01726427622841964,-0.015625,0.0,
88,2018-03-31,0.010531546742345244,,0.014190763918860538,,0.002247322754631353,-0.02295695570804745,-0.2941943900848011,-0.2941943900848011,-0.2948328267477204,-0.2879256965944273,-0.4954212454212454,-0.1983621474067334,-5.489971346704872,-4.505555555555556,1.9024725274725276,-0.02178430189690994,-0.013020833333333148,-0.017021276595744702,-0.0014511155450753765,-0.03649635036496357,0.0005595970900951208,0.02591240875912404,-0.008159268929503916,-0.01253132832080206,0.0,
89,2018-06-30,-0.00738827237663009,,-0.007923808875346827,,-0.006161405424376597,0.0867066785851105,0.1959334565619224,0.1959334565619224,0.19827586206896552,0.2,1.987295825771325,-0.5698070374574347,-2.4141671984684114,-1.8019017432646591,-0.4789398958826313,-0.0990818144442922,-0.0065963060686016215,-0.008658008658008587,-0.0006357856494095816,-0.09848484848484862,-0.09787472035794187,0.025257915332621783,0.000987166831194486,-0.014382402707275753,0.0,
90,2018-09-30,0.0008953406472715918,,0.0016042826625943807,,-0.000725902964430758,0.028202115158636912,-0.04868624420401857,-0.04868624420401857,-0.043165467625899116,-0.043478260869565084,0.03280680437424066,1.287598944591029,-0.6502707581227437,-1.0553359683794463,0.05086285195277029,0.01734104046242768,0.3359893758300132,0.33624454148471616,0.004544215214032477,0.025210084033613574,0.018598884066955982,0.025329632199861285,-0.0016436554898093814,0.3330472103004292,0.0,
91,2018-12-31,0.0005188330431049604,,0.006072805139186288,,-0.012211882043428712,-0.12845714285714285,-0.7116165718927701,-0.7116165718927701,-0.7067669172932332,-0.7045454545454546,-0.06882352941176473,-0.06805074971164937,-0.2683870967741936,2.267857142857143,0.15816767502160767,-0.0412679425837319,-0.2256461232604373,-0.2287581699346405,-0.006966434452184922,-0.049180327868852514,-0.2860620815581253,0.025380710659898442,-0.012512347711557514,-0.22021893110109456,-0.05000000000000005,
92,2019-03-31,0.021314768344946392,,0.013051362603121008,,0.040606614724121526,0.03278258589037497,1.9295774647887325,1.9295774647887325,1.91025641025641,1.8846153846153848,-0.1648768161718257,-0.16707920792079212,0.11111111111111116,-0.7103825136612022,0.039552238805970134,0.03173736743605726,-0.016688061617458172,-0.012711864406779629,0.041727405247813376,0.0431034482758621,0.329923273657289,0.02409240924092404,0.01867289096365443,-0.011560693641618491,0.0,
93,2019-06-30,0.018494633696533924,,0.014471561113352129,,0.02763823894565953,0.08265617064499753,0.10576923076923084,0.10576923076923084,0.11013215859030834,0.11111111111111116,0.048411497730711066,1.3982169390787518,-1.315873015873016,-1.4716981132075473,-0.017946877243359638,0.08729498904088895,-0.04960835509138384,-0.0472103004291845,0.032447087633374005,0.04132231404958686,0.09423076923076934,0.02417015791169841,0.009165302782324192,-0.03759398496240607,0.0,
