,Quarter end,Assets,Current Assets,Liabilities,Current Liabilities,Shareholders equity,Revenue,Earnings,Earnings available for common stockholders,EPS basic,EPS diluted,Cash from operating activities,Cash from investing activities,Cash from financing activities,Cash change during period,Cash at end of period,Price,ROE,ROA,Book value of equity per share,P/B ratio,P/E ratio,Cumulative dividends per share,Equity to assets ratio,Net margin,Asset turnover,Current ratio
0,1993-12-31,0.006049301809749386,0.02495524902600832,-0.006614093106079855,-0.04269812261172956,0.02461461959224276,0.17845329973224122,1.0909090909090908,1.0909090909090908,1.0714285714285712,0.4067796610169492,-2.9095607235142116,0.11562500000000007,0.4242424242424243,-1.8214585079631183,-0.4795016077170418,0.28492307692307683,0.06924643584521406,0.029629629629629676,0.02491103202846978,0.05645161290322576,-0.09410968178740686,inf,0.01849568434032056,0.05230125523012541,0.023255813953488413,0.07066801876029905
1,1994-03-31,0.006049301809749386,0.02495524902600832,-0.006614093106079855,-0.04269812261172956,0.02461461959224276,0.17845329973224122,1.0909090909090908,1.0909090909090908,1.0714285714285712,0.4067796610169492,-2.9095607235142116,0.11562500000000007,0.4242424242424243,-1.8214585079631183,-0.4795016077170418,0.28492307692307683,0.06924643584521406,0.029629629629629676,0.02491103202846978,0.05645161290322576,-0.09410968178740686,inf,0.01849568434032056,0.05230125523012541,0.023255813953488413,0.07066801876029905
2,1994-06-30,0.05822518414591382,0.12708033696322166,0.05795988049509183,0.1103783408538701,0.05860228099975728,0.17845329973224122,1.0909090909090908,1.0909090909090908,1.0714285714285712,0.4067796610169492,-2.9095607235142116,0.11562500000000007,0.4242424242424243,-1.8214585079631183,0.7567567567567568,0.08381226053639845,0.06924643584521406,0.029629629629629676,0.05787037037037046,0.05645161290322576,-0.09410968178740686,1.0,0.00024213075060552924,0.05230125523012541,0.023255813953488413,0.015095009767359224
3,1994-09-30,0.020597566172640747,0.03317837936377721,0.01645957721478131,0.015629884338855815,0.026475644699140318,-0.11507618283881316,-0.4673913043478261,-0.4673913043478261,-0.4655172413793103,0.4067796610169492,-0.8247631935047361,0.08683473389355734,-0.014184397163120588,-1.273469387755102,-0.1178021978021978,-0.016791869200176723,0.06924643584521406,0.029629629629629676,0.026258205689277947,-0.0725190839694656,-0.09410968178740686,0.5,0.005809731299927234,0.05230125523012541,0.023255813953488413,0.01726148822020046
4,1994-12-31,-0.01535677832420901,-0.06704896338773714,-0.038260041276393035,-0.043859649122807036,0.016860205448861132,-0.010874490258269144,-0.3877551020408163,-0.3877551020408163,-0.4193548387096775,0.4067796610169492,-0.03861003861003864,-0.4123711340206185,0.2661870503597121,-0.42164179104477617,-0.07722969606377683,-0.1235955056179775,0.06924643584521406,0.029629629629629676,0.013859275053304865,-0.1440329218106996,-0.09410968178740686,0.3333333333333333,0.0327316486161251,0.05230125523012541,0.023255813953488413,-0.02424902545287777
5,1995-03-31,0.032841728313621976,0.05787234042553191,0.027731924727632862,0.044262031224851166,0.03963983748764677,0.1821652160635212,1.2333333333333334,1.2333333333333334,1.3333333333333337,0.4067796610169492,-2.1285140562248994,0.3421052631578947,-0.2897727272727273,3.5935483870967744,-0.3844492440604752,0.022564102564102573,0.06924643584521406,0.029629629629629676,0.039957939011566745,0.00961538461538458,-0.09410968178740686,0.2727272727272729,0.006525285481239873,0.05230125523012541,0.023255813953488413,0.01304271194406903
6,1995-06-30,0.02947080291970794,0.07955662822919463,0.03019595245743645,0.031750924784216934,0.028517110266159662,0.08395763368638587,-0.2512437810945274,-0.2512437810945274,-0.26190476190476186,0.4067796610169492,-4.911032028469752,-0.9052287581699346,0.3440000000000001,-2.2668539325842696,0.7912280701754386,0.0,-0.1980952380952381,0.029629629629629676,0.028311425682507437,-0.03809523809523818,-0.09410968178740686,0.23214285714285696,-0.0009261403102570619,-0.20079522862823065,0.015151515151515138,0.04633764426143938
7,1995-09-30,0.009261721173446702,0.02078330711269349,0.0,-0.029279952195996436,0.02146231258985409,-0.1352478551000953,0.15282392026578062,0.15282392026578062,0.16129032258064502,0.4067796610169492,-0.11828935395814374,11.275862068965518,-0.2857142857142857,-0.4534368070953437,0.2414299706170422,-0.040621865596790485,0.018210609659540692,0.029629629629629676,0.019665683382497526,-0.06930693069306937,0.1718983557548579,0.17391304347826098,0.012282734646581694,0.02238805970149249,0.0074626865671640905,0.051546391752577365
8,1995-12-31,0.03644346871569715,0.036340038935755985,0.02697224820704713,0.047091412742382266,0.04865788680004024,-0.03224472922695332,-0.3602305475504323,-0.3602305475504323,-0.3611111111111111,0.4067796610169492,0.04643962848297223,0.008426966292134797,-3.1083333333333334,0.8417849898580121,0.3581854043392505,0.12388917929952957,-0.0007776049766717862,0.007194244604316723,0.024108003857280517,0.10106382978723394,0.07971938775510212,0.16049382716049365,0.011675824175824134,0.017031630170316392,-0.007407407407407419,-0.01027830487033532
9,1996-03-31,0.031137470874814662,-0.021994364433312485,0.02535296796720821,0.048500881834215186,0.038443102291247255,0.09041720062651293,1.045045045045045,1.045045045045045,1.0,0.4067796610169492,-1.393491124260355,3.6824512534818954,-1.4861660079051384,-3.426211453744493,-0.6398489689224514,0.06697674418604649,0.006225680933852118,0.014285714285714237,0.03766478342749524,0.04347826086956541,0.026580035440047167,0.13829787234042554,0.007015161801312564,0.045454545454545636,-0.029850746268656688,-0.06720988443308296
10,1996-06-30,0.010147904683648346,-0.00752300920368143,-0.026280722534794188,-0.04247266610597145,0.05557607090103401,0.16440323844345772,0.5594713656387664,0.5594713656387664,0.5652173913043477,0.4067796610169492,-3.3032581453634084,-0.6228435455086259,0.2276422764227641,-1.0608261461643214,0.10806451612903234,-0.04620749782040112,0.2559938128383603,0.278169014084507,0.05535390199637025,-0.07870370370370372,-0.07422324510932099,0.11214953271028016,0.04494382022471921,0.2837528604118991,-0.007692307692307666,0.036483014558949416
11,1996-09-30,0.05763208199454994,-0.014998790420127415,0.0842393370333765,0.16015224710876885,0.027024663284939576,-0.14365818100257932,-0.4279661016949152,-0.4279661016949152,-0.4305555555555556,0.4067796610169492,0.10337323177366707,2.823343848580442,-6.271523178807947,-5.5820895522388065,-0.4468704512372634,-0.022851919561243102,-0.008620689655172264,0.0,0.02579535683576939,-0.07537688442211055,-0.2492231199502797,0.10924369747899164,-0.02881720430107537,0.021390374331550888,-0.015503875968992276,-0.15098600859314748
12,1996-12-31,0.0776803568681741,0.0166189111747852,0.1252366594207981,0.048706624605678206,0.019926764881205816,-0.03195390256678887,-0.28148148148148144,-0.28148148148148144,-0.2682926829268293,0.4067796610169492,1.4329388560157792,-0.07136963696369636,0.7701005025125629,-3.6465798045602607,2.138157894736842,0.15201122544434045,0.003726708074534013,-0.005509641873278182,0.014249790444258226,0.11956521739130445,0.12003311258278138,0.0984848484848484,-0.05358724534986714,0.02617801047120416,-0.03149606299212604,-0.030558619347304194
13,1997-03-31,0.027048244361975504,0.07867611531647611,0.01825886458528081,0.04355673204187216,0.03882441345913002,0.1385281385281385,0.8109965635738832,0.8109965635738832,0.7666666666666668,0.4067796610169492,-1.2582083502229429,-0.8165259884495779,-1.0681334279630943,-1.7052307692307689,-0.4805031446540881,0.0759236703207471,0.004331683168316891,-0.0041551246537395725,0.0380165289256198,0.06310679611650483,0.03621581670362151,0.08275862068965534,0.01146467009826857,0.015306122448979663,-0.016260162601625994,0.033596573417213234
14,1997-06-30,0.018171079146688918,0.03060843598357588,-0.017747858017135854,-0.03389830508474578,0.0653431924127954,0.19795627376425864,0.5730550284629979,0.5730550284629979,0.5660377358490565,0.4067796610169492,-2.7488226059654632,0.6343825665859564,4.9375,-0.8856893542757417,-0.10573042776432606,0.08830188679245278,0.02341343191620449,0.018080667593880276,0.06289808917197437,0.050228310502283165,0.049215406562054254,0.08280254777070062,0.046264168401572985,0.025125628140703515,-0.008264462809917328,0.0668220668220667
15,1997-09-30,0.10506739464255244,0.008982252806954083,0.20903426791277255,0.1618331543143574,-0.020822331195775142,-0.13062884348343584,-1.2062726176115803,-1.2062726176115803,-1.2048192771084338,0.4067796610169492,-0.09874326750448836,4.21925925925926,-4.910526315789474,1.213740458015267,-0.2617328519855595,0.1411234396671288,-0.2980132450331125,-0.319672131147541,-0.024719101123595544,0.07391304347826111,0.0808973487423521,0.07058823529411762,-0.11386248065443284,-0.303921568627451,-0.025000000000000026,-0.1315853362466617
16,1997-12-31,0.000926383399209474,-0.01931222629047313,-0.0072661685132697764,-0.025988700564971712,0.0131751290546267,0.06229321163719347,-2.871345029239766,-2.871345029239766,-2.9411764705882355,0.4067796610169492,0.13147410358565748,-0.7121771217712177,-1.037685060565276,-1.1310344827586207,0.046454767726161306,-0.026739592828927242,-0.0034305317324184736,-0.016064257028112316,0.015360983102918668,-0.004048582995951454,0.35220125786163514,0.0714285714285714,0.012225548902195628,-0.03521126760563387,0.01709401709401703,0.006849315068493178
17,1998-03-31,0.06515703091256864,0.14084919472913615,0.08819559800664445,0.18055262602826416,0.03140684410646388,-0.028890559553216618,0.840625,0.840625,0.7878787878787876,0.4067796610169492,-1.9410211267605637,-0.37376725838264296,-20.94047619047619,-1.7631578947368418,-0.033878504672897214,-0.015610365282547556,0.018932874354561147,-0.00612244897959191,0.03177004538577921,-0.02845528455284552,-0.035348837209302375,0.06666666666666665,-0.03179689425684007,0.024330900243308973,-0.02521008403361347,-0.033597112314313504
18,1998-06-30,0.0065457915773619035,0.004684291581108724,-0.018747316700853837,-0.03903877077005535,0.04563887045638882,0.2309223623092236,0.4159592529711376,0.4159592529711376,0.42372881355932196,0.4067796610169492,-2.351730589335828,-0.08346456692913384,-1.5850746268656717,3.034482758620689,-0.14147521160822252,-0.08404693942277207,-0.014358108108108112,-0.03696098562628347,0.04912023460410553,-0.11297071129707115,-0.11861137897782048,0.05769230769230771,0.038951120162932895,-0.02375296912114011,-0.017241379310344862,0.045467605229133616
19,1998-09-30,-0.021523941068139932,-0.025356070767069028,-0.028779776373359267,-0.062377986427442626,-0.010999858976166954,-0.1406109613656783,-0.9508393285371702,-0.9508393285371702,-0.9523809523809524,-0.9518072289156626,-0.02837370242214532,-0.39518900343642616,-0.1316326530612245,-2.717948717948718,0.28309859154929584,-0.35630193905817176,0.11311053984575835,0.12153518123667385,0.06708595387840655,-0.3867924528301887,-0.3561269146608316,0.059090909090909076,0.010781671159029615,0.1119221411192215,0.008771929824561429,0.0395053246307111
20,1998-12-31,-0.01438066109869429,-0.046920052424639584,0.0212233456802482,0.02756295855641477,-0.06509339797518897,0.015682174594877196,8.731707317073171,8.731707317073171,9.75,9.25,0.7877492877492878,1.289772727272727,0.5910693301997649,0.7412935323383085,0.3841931942919867,0.02366863905325456,0.045419553502694436,0.03612167300380231,-0.06614276358873605,-0.03846153846153855,-0.09685641461342387,0.05579399141630903,-0.051393939393939436,0.032822757111597316,0.0,-0.0725049570389954
21,1999-03-31,0.04472624198120245,0.10313531353135308,0.04965199490246053,0.09417213431107684,0.037062457103637536,0.11477097272259384,0.4436090225563909,0.4436090225563909,0.4651162790697674,0.5121951219512195,-1.401195219123506,-0.5732009925558312,-1.6661742983751846,-2.282857142857143,-0.3560666137985725,0.15922228060956378,-0.008100147275405091,-0.011009174311926495,0.03716690042075732,0.24,0.11006585136406401,0.048780487804878085,-0.007411193457705023,-0.04872881355932202,0.04347826086956519,0.008194969001638963
22,1999-06-30,0.0033700805392129496,0.012528047868362036,-0.02773756712584641,-0.0444444444444444,0.05235679094051027,0.08513388734995386,0.4305555555555556,0.4305555555555556,0.4285714285714286,0.435483870967742,-2.743793445878848,0.1424418604651163,-2.2117516629711758,-1.6013363028953234,0.33251231527093594,0.04533091568449677,-0.007423904974016127,-0.007421150278293266,0.05138607167004738,0.006451612903225712,0.028813559322033774,0.050387596899224674,0.04866117404737369,-0.020044543429844186,0.01666666666666661,0.059655074922250424
23,1999-09-30,-0.007030627348286411,-0.023268698060941784,-0.013303875894529528,-0.03248431155407905,0.002096289567465659,-0.14516678012253234,-0.7839805825242718,-0.7839805825242718,-0.7888888888888889,-0.7865168539325843,-0.3883826879271071,0.4758269720101782,-0.6825251601097896,-0.4555555555555556,0.13585951940850285,0.17909800520381625,0.0680628272251309,0.06728971962616814,0.004501607717041667,0.1217948717948718,0.14250411861614487,0.04428044280442811,0.009329732383992262,0.06136363636363629,0.0,0.009471718249733252
24,1999-12-31,-0.0383259280493049,-0.0053570303144891964,9.735202492211492e-05,0.038153376573826885,-0.09336866327313298,0.016324905434998982,-7.735955056179775,-7.735955056179775,-7.894736842105264,-7.894736842105264,0.08845437616387343,0.07586206896551717,1.207492795389049,-2.5034013605442182,-0.17982099267697316,-0.17248988598749548,-0.8081232492997199,-0.8091068301225919,-0.0934699103713188,-0.17714285714285716,-0.2314347512617159,0.0459363957597172,-0.057163707127219736,-0.8115631691648822,0.016393442622950838,-0.04189242764635925
25,2000-03-31,0.05714200548467874,0.1169686985172982,0.09656380804049447,0.17842704887908867,-0.0051530533764035935,0.12536728697355534,-1.4895746455379482,-1.4895746455379482,-1.4885496183206106,-1.4885496183206106,-1.5004277159965782,-0.3125,-2.6240208877284594,-2.0407239819004523,0.22817460317460325,-0.1804444444444444,0.04379562043795615,0.027522935779816567,0.039548022598870025,-0.0972222222222222,3.4352720450281424,0.043918918918918866,-0.05908152734778116,0.022727272727272485,0.008064516129032251,-0.05213793103448272
26,2000-06-30,-0.014098406880022509,0.03312911277513053,0.04429649356413679,0.07703103071885242,-0.11580981832238113,-0.010617928633594452,-2.7802385008517887,-2.7802385008517887,-2.859375,-2.859375,-3.4393162393162395,0.4102564102564104,-1.5715434083601283,-0.5173913043478261,0.08966074313408723,-0.015184381778741929,-5.0,-4.803571428571429,-0.11005434782608704,-0.053846153846153884,-0.06324027072758043,0.03883495145631066,-0.10309843707156574,0.0,-0.008000000000000007,-0.04074505238649595
27,2000-09-30,-0.021078221078221104,0.05672084339995598,0.012623257395443677,0.027942666859707588,-0.09040832386115237,-0.1739092188599578,-0.1167464114832536,-0.1167464114832536,-0.11764705882352933,-0.11764705882352933,-0.5346881569726699,-0.4413223140495868,-0.4711673699015471,-1.4504504504504503,-0.03706449221645658,0.032488986784140916,0.8881118881118881,0.7535211267605635,-0.09083969465648856,0.16260162601626016,0.0,0.04049844236760114,-0.07092632222561912,0.0,-0.008064516129032251,0.02798847087378631
28,2000-12-31,-0.0076837676755872044,-0.04816835541699138,-0.022287513116474256,-0.12119718309859152,0.025761799480918945,-0.3749334469172612,-1.4582881906825569,-1.4582881906825569,-1.457142857142857,-1.457142857142857,0.5993975903614457,-0.6627218934911243,1.6462765957446808,-0.06000000000000005,-0.03618167821401075,-0.05813333333333338,-0.6097222222222223,-0.6305220883534137,0.02350965575146935,0.034965034965035,0.0,0.038922155688622784,0.033892727871010164,0.0,-0.105691056910569,0.08308123662657718
29,2001-03-31,-0.002649786544972721,-0.003548422316846822,-0.017987464583154478,-0.028367657664877036,0.030831224814918963,0.5557069846678024,-0.13475177304964536,-0.13475177304964536,-0.125,-0.125,-0.795668549905838,2.008771929824561,-0.5949748743718593,10.25531914893617,-0.4225239616613419,0.07078142695356737,0.28588374851720033,0.2463768115942029,0.03035274815422495,0.04729729729729737,0.0,0.03458213256484144,0.03341820496499048,0.0,-0.054545454545454564,0.025546699366441942
30,2001-06-30,-0.017682656826568218,-0.026297047060757084,-0.044240437158469925,-0.0862680412371134,0.03754545454545455,0.01708278580814726,0.13387978142076504,0.13387978142076504,0.11904761904761907,0.11904761904761907,5.073732718894009,-1.8017492711370264,0.8808933002481389,-2.5784499054820413,1.1549100968188104,0.15758857747223698,-1.2380073800738007,-1.2412790697674418,0.035828025477707026,0.1225806451612903,0.0,0.036211699164345516,0.05635971666153373,-0.07777777777777772,-0.03846153846153855,0.06563039723661479
31,2001-09-30,-0.01601755018632045,-0.04850053451865188,-0.022275076613456516,-0.06823720552396427,-0.004030491544729675,-0.12683031869078376,-0.8481927710843373,-0.8481927710843373,-0.851063829787234,-0.851063829787234,-0.0022761760242792084,-3.2581818181818183,-0.09234828496042212,-0.9928143712574852,0.003851091142490271,-0.11740520785746922,3.4186046511627906,3.566265060240964,-0.003843197540353449,-0.14367816091954022,0.3632874237976971,0.032258064516129004,0.01224489795918382,3.710843373493976,-0.030000000000000027,0.021194364792419984
32,2001-12-31,-0.035671746632868095,-0.17160428123706462,-0.042571107784431184,-0.12554489973844818,-0.02269728160464501,-0.11491985203452525,-1.4126984126984126,-1.4126984126984126,-1.4285714285714284,-1.4285714285714284,-0.6517110266159696,0.2157809983896941,-0.7354651162790697,-80.83333333333333,-0.3062659846547314,0.008281573498964745,-0.3605263157894737,-0.3430079155672824,-0.035493827160493874,0.0067114093959732566,-0.7759191785359391,0.03385416666666674,0.013248847926267349,-0.3785166240409208,0.061855670103092786,-0.052679770479794885
33,2002-03-31,0.016880443388756827,0.047897779998572254,4.886152643401864e-05,-0.017835382740666872,0.047889098928796565,0.2074393981610476,-6.0769230769230775,-6.0769230769230775,-6.0,-6.0,-0.2794759825327511,-0.6993377483443708,-2.3626373626373627,-1.7327766179540711,0.3235023041474654,0.2772073921971252,-0.2962962962962964,-0.27710843373493976,0.03439999999999998,0.32666666666666666,0.9770879526977091,0.03274559193954652,0.030699260943718,-0.27572016460905346,0.0,0.06695019008956749
34,2002-06-30,0.060265354428802764,0.1546321525885559,0.07109004739336489,0.13320550417324606,0.041233570999055,0.17364716741663774,2.5,2.5,2.4000000000000004,2.4000000000000004,5.230303030303031,0.31277533039647576,-0.3911290322580645,4.438746438746438,1.3293871866295266,0.0988745980707395,0.06432748538011701,0.07222222222222241,0.040216550657385934,0.060301507537688474,0.5484112149532712,0.02926829268292685,-0.01820187534473228,0.051136363636363535,0.01941747572815533,0.018903249184684112
35,2002-09-30,-0.009164879710953809,-0.013628318584070764,-0.025362649393303568,-0.05245346869712353,0.020130352281164887,-0.11521824616594578,-0.4891774891774892,-0.4891774891774892,-0.4901960784313726,-0.4901960784313726,-0.6162451361867705,-0.3489932885906041,-2.7152317880794703,-0.8239916186485071,0.10044843049327357,-0.14959765910753475,0.24725274725274704,0.2694300518134716,0.02007434944237918,-0.1800947867298578,-0.19821342346692414,0.0308056872037914,0.029775280898876263,0.2432432432432432,0.01904761904761898,0.04095785667713825
36,2002-12-31,0.010079748599211458,-0.006998026197739149,0.07895722175418897,0.056302521008403376,-0.10893651435503438,0.031111111111111086,-1.194915254237288,-1.194915254237288,-1.1923076923076923,-1.1923076923076923,0.21039290240811148,1.9793814432989687,1.1003861003861002,-1.4970238095238095,-0.04536810649280088,-0.11784946236559135,-0.02349486049926564,-0.04489795918367345,-0.1100583090379008,-0.138728323699422,-0.3062330623306233,0.029885057471264576,-0.11783960720130925,-0.08260869565217388,0.03738317757009346,-0.059902061268648166
37,2003-03-31,-0.00992046021543247,-0.014937959282014248,-0.016396998221489656,-0.04315831344470966,0.00363042294427296,0.007004310344827625,-1.8260869565217392,-1.8260869565217392,-1.7999999999999998,-1.7999999999999998,-1.4418848167539269,-0.4498269896193772,-1.0477941176470589,3.2754491017964065,-0.203187250996016,-0.08239882983910296,-0.1082706766917294,-0.1282051282051282,0.003276003276003303,0.033557046979865834,-0.06119791666666662,0.0,0.013605442176870541,-0.1327014218009479,0.009009009009008915,0.02943670502725615
38,2003-06-30,0.047579521536774035,0.034486975663446266,0.0395589856670342,0.12429848264394106,0.06402604449267503,0.146067415730337,13.105263157894735,13.105263157894735,13.749999999999998,13.749999999999998,-3.454976303317536,2.9685534591194966,-2.269230769230769,-0.6372549019607843,-0.09250000000000004,0.19659936238044629,0.11467116357504235,0.09313725490196068,0.061224489795918435,0.1948051948051948,0.36985668053629217,0.0,0.015863331299572847,0.08743169398907114,0.0,-0.0798423158390209
39,2003-09-30,0.012790763484068044,-0.014599834495803266,-0.004708976752078709,-0.008596783139212416,0.047849736528981834,-0.03239962651727357,-0.29291044776119396,-0.29291044776119396,-0.288135593220339,-0.30508474576271183,1.3523166023166024,0.113312202852615,0.03030303030303028,-4.853281853281854,0.39275875639512,0.169626998223801,0.18910741301058984,0.17040358744394624,0.0361538461538462,0.1032608695652173,0.058386770165372866,0.0,0.03453453453453448,0.14572864321608048,0.017857142857142568,-0.006074557196751762
40,2003-12-31,0.006566079910589551,0.0288524983504288,-0.02838753676313888,0.027319347319347376,0.07307973071619768,0.04882755958699225,0.052770448548812736,0.052770448548812736,0.023809523809523725,0.048780487804878085,-0.6306934755847353,-0.4775800711743772,6.235294117647059,-1.0801603206412826,-0.02260525572195537,0.0869400151860289,0.4223918575063612,0.4712643678160917,0.04899777282850781,0.049261083743842304,-0.07780612244897955,0.1116071428571428,0.06589259796806979,0.4342105263157894,0.02631578947368429,0.0014796706124549086
41,2004-03-31,0.05210270645385151,-0.008395522388059741,0.02518096073700371,0.03585042657469595,0.09848828420256983,0.10368939184837613,0.2030075187969924,0.2030075187969924,0.18604651162790709,0.16279069767441867,-1.1688888888888889,2.1948228882833787,-4.154471544715447,20.5125,-0.4975426423821914,0.2766329025497729,0.2379248658318425,0.2890625000000002,0.08563340410474153,0.215962441314554,-0.14038727524204708,0.0,0.0441176470588236,0.2477064220183487,0.03418803418803429,-0.042718571336802236
42,2004-06-30,0.08039153606669824,0.16174741298212614,0.07509949077838153,0.029965828441251174,0.08890112158535746,0.1859786595531845,0.8770833333333334,0.8770833333333334,0.8431372549019607,0.8600000000000001,-13.18421052631579,-0.7842217484008529,0.6726804123711341,-2.536316095293434,1.5212888377445344,0.11874145006839965,0.11560693641618515,0.15757575757575748,0.07953063885267264,0.030888030888030826,-0.14762670957361212,0.0,0.008085550339071546,0.11519607843137235,0.04132231404958686,0.12796940008052626
43,2004-09-30,0.026154484847004774,0.048990333518902814,0.005691768826620036,0.014717141641854559,0.058641390205371284,-0.10508188655373583,-0.1908990011098779,-0.1908990011098779,-0.1914893617021276,-0.19354838709677424,-0.5674946004319654,-0.19565217391304346,-0.8805855161787365,-0.7923600605143721,0.1252852578731174,-0.012961604304230878,0.07707253886010368,0.1169284467713787,0.051328502415459054,-0.08614232209737828,-0.1609249646059462,0.0,0.031565329883570525,0.10769230769230777,0.007936507936507908,0.03379142126241885
44,2004-12-31,0.034364588291289966,0.012544024702079382,0.04250603554042831,0.051140174379610936,0.022085596609562552,0.04759660697455237,-0.1934156378600823,-0.1934156378600823,-0.19736842105263164,-0.21333333333333335,1.0611735330836454,1.803439803439804,-3.8580645161290317,-0.877959927140255,0.013587507604948312,0.1707135777998019,0.010222489476849006,0.026562499999999826,0.014933946008041543,0.110655737704918,0.017997750281214753,0.12048192771084333,-0.011788312014045732,0.023809523809523725,0.0,-0.03671519825056113
45,2005-03-31,-0.000920301859009709,0.02325248963644166,-0.032155195322880685,-0.06508215026319986,0.04712959177714193,0.050457339931024185,0.6088435374149659,0.6088435374149659,0.5901639344262295,0.6271186440677967,-1.4197456087219866,-1.0841367221735319,-0.9909706546275396,-9.970149253731345,-0.12024809923969593,-0.021164021164021163,0.113690476190476,0.1339421613394216,0.04527447651386507,-0.033210332103321034,-0.07734806629834268,0.0,0.04796954314720825,0.1298449612403101,0.007874015748031482,0.09445008662405163
46,2005-06-30,0.04476787030213703,0.0555995343422584,0.03004628540048637,0.06577375874424153,0.06569994422755165,0.14096067375633425,0.20613107822410148,0.20613107822410148,0.19587628865979376,0.19791666666666646,-3.6075036075036073,-13.583333333333336,-23.5,-2.146422628951747,0.1566977484648624,-0.014918918918918831,0.026189203634420236,0.04832214765100673,0.06334596643205215,-0.0572519083969465,-0.15508982035928146,0.0,0.020101719544683986,0.04116638078902235,0.0078125,-0.00955240174672478
47,2005-09-30,0.01800828777993302,0.0139397414971989,-0.0004950495049504955,0.005603137757143939,0.043437303747121625,-0.10258976604528958,-0.22524101665205964,-0.22524101665205964,-0.22413793103448265,-0.22608695652173905,-0.2180409518539015,-0.13327814569536425,-2.033333333333333,-0.6037735849056604,0.05367675973259933,-0.08165057067603154,0.0005208333333333037,0.02176696542893719,0.05244399185336057,-0.13765182186234826,-0.14032600992204106,0.0,0.02492877492877477,0.016474464579901094,0.0,0.008321851749793163
48,2005-12-31,0.0006495615459565228,-0.02762671307374376,0.00685792662018514,0.0389238239274059,-0.007523322299127333,0.03826850690087835,-0.0011312217194570096,-0.0011312217194570096,0.022222222222222143,0.011235955056179804,0.27530077848549195,0.021012416427889317,12.06451612903226,-2.765567765567765,-0.08994215338682587,-0.07767686424474185,0.04528891202498708,0.0664160401002507,0.007256894049346706,-0.1220657276995304,-0.11376751854905197,0.10752688172043,-0.008107482047718162,0.05510534846029192,0.015503875968992276,-0.06405771753388723
49,2006-03-31,-0.014454181542789104,-0.06559284116331099,-0.03136943277708404,-0.06543058535090407,0.00813624418839698,-0.02114803625377648,-0.2366930917327293,-0.2366930917327293,-0.2282608695652175,-0.22222222222222232,-1.5083240843507215,0.13376987839101973,-0.5193415637860082,4.626556016597512,-0.5560795571047775,0.015029800466441978,-0.09412350597609563,-0.08108108108108092,0.012968299711815456,0.0053475935828875,-0.06604651162790709,0.0,0.022886501634749926,-0.07987711213517668,0.0,-0.0001751927119831853
50,2006-06-30,0.0172788548093179,0.03969546063972418,0.011758731150871116,0.032218396458435716,0.02436212341470756,0.0583676268861455,0.2344213649851632,0.2344213649851632,0.23943661971831,0.2428571428571429,-3.02292576419214,-0.6245874587458746,-0.2174657534246576,-1.346976401179941,0.4346420323325635,-0.0702067909114118,-0.10170423309510734,-0.09207161125319707,0.04504504504504503,-0.07978723404255318,-0.0029880478087648266,0.0,0.006849315068493178,-0.07846410684474125,-0.01526717557251911,0.0072425676070322345
51,2006-09-30,0.0434454180515389,0.0931699903283747,0.07961697362832543,0.16368834882058605,-0.002397846831416639,-0.13304387272373794,-0.5612980769230769,-0.5612980769230769,-0.5568181818181819,-0.5517241379310345,-0.5461413923367513,-0.12967032967032965,-5.472647702407002,1.6450584484590858,0.801352221506761,-0.1641954969796815,-0.16340269277845776,-0.1676056338028168,0.007713248638838487,-0.20231213872832374,-0.0949050949050948,0.0,-0.04376417233560082,-0.14311594202898548,-0.03100775193798455,-0.06059727457233965
52,2006-12-31,-0.07950855275404889,-0.12436804853387262,-0.07782268159221772,-0.1173901173901174,-0.08182085745119194,-0.008745701898639545,-2.4575342465753423,-2.4575342465753423,-2.4871794871794872,-2.4871794871794872,0.6349583828775267,0.9595959595959596,-2.643835616438356,-2.1092808356769788,-0.4934763181411975,0.0505913272010512,-0.5069495245062179,-0.5093062605752959,-0.07113912651958587,0.04347826086956519,0.23399558498896236,0.09708737864077688,-0.0026084894474746045,-0.5010570824524313,-0.016000000000000014,-0.007901234567901372
53,2007-03-31,-0.008021931105768099,-0.014626635873749015,-0.02396742292030252,-0.03541602227033713,0.013943797414253556,0.045245456602066136,-1.8571428571428568,-1.8571428571428568,-1.862068965517241,-1.862068965517241,-1.2567272727272727,-0.8067010309278351,-0.9133928571428572,-0.7124230351321985,-0.28016937191249114,0.010631644777986171,-0.15281899109792285,-0.15517241379310345,0.017935046049442516,0.0902777777777779,1.0948121645796065,0.0,0.022111269614836004,-0.15254237288135586,-0.008130081300813052,0.021528123444499725
54,2007-06-30,0.015743215693380996,0.034423828125,0.01883418762665401,0.029741863075196436,0.011644449127983458,0.09869417790924184,0.256578947368421,0.256578947368421,0.26,0.26,-5.050991501416432,0.3600000000000001,0.6426116838487972,-1.942065491183879,0.3666666666666667,0.008353960396039641,-0.21891418563922935,-0.22448979591836735,0.03285714285714292,-0.012738853503184709,0.17933390264730995,0.0,-0.003954408001860865,-0.225,0.008196721311475308,0.00456815690096235
55,2007-09-29,-0.002809928413728513,0.02511210762331828,0.0015600015600014672,0.02740365901128849,-0.008645833333333353,-0.12916146825136254,-0.9668411867364748,-0.9668411867364748,-0.9682539682539684,-0.9682539682539684,-0.21048951048951048,0.7352941176470589,-0.40376569037656906,-0.34491978609625673,0.17575322812051652,-0.16231972997852107,-0.3901345291479821,-0.3894736842105263,-0.0018441678192716586,-0.1870967741935484,0.051412020275162895,0.0,-0.005838393274170906,-0.4,0.016260162601626105,-0.002243375977687534
56,2007-12-31,-0.023683327742368362,-0.026430906662982867,-0.03714808613371756,-0.017807077366068014,-0.005516444257644193,0.08279294224098921,2.5789473684210527,2.5789473684210527,3.0,3.0,-0.17006200177147926,-0.21751412429378536,1.1894736842105265,-0.926530612244898,0.010982306284319732,-0.24432234432234434,1.1544117647058822,1.1724137931034484,-0.0013856812933024099,-0.24603174603174605,0.2462121212121211,0.08849557522123885,0.01855766972046036,1.118279569892473,0.024000000000000018,-0.008750607681088929
57,2008-03-29,0.010491112332783548,0.04039161897554755,0.008775832086383328,0.0192099984570282,0.012731787204818046,-0.06211699164345408,0.9558823529411764,0.9558823529411764,0.875,0.875,-1.790821771611526,-1.3574007220216606,-1.001602564102564,-18.805555555555557,-0.19342184671092333,-0.1725642268540959,-0.2901023890784983,-0.28968253968253976,0.012488436632747346,-0.16842105263157892,-0.6164686377452334,0.0,0.0023062730627305683,-0.2842639593908629,-0.0078125,0.020782246199117168
58,2008-06-28,-0.015029242417373134,0.0034550165931717114,-0.029866901860166824,-0.046854893649231684,0.004277516953573368,0.10291060291060283,-1.4511278195488722,-1.4511278195488722,-1.4666666666666668,-1.4666666666666668,-2.8448043184885288,-2.1010101010101008,-4.0,-2.9578783151326054,0.4695099139543584,-0.16051552431165794,-0.7980769230769231,-0.7988826815642458,0.004111466423024179,-0.17721518987341778,0.17291066282420742,0.0,0.019558214450069,-0.7943262411347518,0.0,0.05272956579184429
59,2008-09-27,-0.2023428689788498,-0.15113487065645814,-0.05479565271292197,-0.09561626429479032,-0.387803864533555,-0.3006597549481621,120.51666666666668,120.51666666666668,117.0,117.0,-1.3101682516459399,-0.3211009174311926,-0.6666666666666667,-1.397609561752988,-0.12703665987780044,-0.12421493370551286,-50.25000000000001,-48.88888888888889,-0.3885350318471338,-0.1230769230769232,3.2825552825552826,0.0,-0.2324531708417964,0.0,0.007874015748031482,-0.061383992241428424
60,2008-12-31,-0.06982313396231854,-0.07301062069701658,0.09036855681371048,-0.12082894274675092,-0.38070592228067207,-0.19358875625721986,-0.9090659717459882,-0.9090659717459882,-0.9092009685230024,-0.9092009685230024,-0.2382075471698113,-3.3513513513513518,104.0,-0.4909819639278558,-0.07407407407407407,-0.4079681274900399,0.3251148175006042,0.1838747099767981,-0.3839285714285715,-0.0350877192982455,0.0,0.006775067750677488,-0.3343134372243458,0.0,-0.046875,0.05439737433902625
61,2009-04-04,-0.08911566735940946,-0.1338591743911567,-0.0419807538091419,-0.1067718737514982,-0.2501712563364844,-0.12295571206875965,1.7782805429864252,1.7782805429864252,1.7733333333333334,1.7733333333333334,-2.563467492260062,-1.4540229885057472,-0.9047619047619048,-2.637795275590551,0.13102362204724405,-0.4562584118438762,0.6415541773075519,0.38265556099951015,-0.25,-0.10909090909090913,0.0,0.0,-0.1766784452296819,0.0,-0.040983606557377095,-0.030320498040119936
62,2009-07-04,-0.021180957569978842,-0.005184791278915135,0.02691164776294319,0.07066979760706693,-0.2311346610634022,-0.02232203620525386,-0.1112920738327905,-0.1112920738327905,-0.11057692307692303,-0.11057692307692303,-0.6514851485148515,-1.6075949367088609,-80.7,1.4543269230769231,0.2843219159008632,0.3787128712871288,0.0,0.2962437987243089,-0.2318840579710145,0.8367346938775511,0.0,0.0,-0.2145922746781116,0.0,-0.08547008547008539,-0.0708595886339316
63,2009-10-03,0.0020873921514055205,0.031137244420686994,0.037088359960873785,-0.08877284595300261,-0.2019961977186312,-0.0730892384797438,-0.3017715332926084,-0.3017715332926084,-0.3027027027027027,-0.3027027027027027,2.522727272727273,-0.16666666666666666,0.2158092848180677,0.5954946131243879,0.35320901994796183,0.3967684021543985,0.0,-0.5150355385456533,-0.20335429769392036,0.8111111111111109,0.0,0.0,-0.20355191256830607,0.0,-0.07476635514018692,0.13160588611644264
64,2009-12-31,-0.05936675461741425,-0.05475635044064287,-0.017881002908119115,0.039083094555874,-0.3737343656938654,-0.01276659657554824,0.08486439195100615,0.08486439195100615,0.09302325581395343,0.09302325581395343,-1.0741935483870968,-4.3,-1.82249742002064,-1.598526703499079,-0.15622496394808527,0.4511568123393314,0.0,0.1595264937993235,-0.37368421052631584,0.8220858895705523,0.0,0.006729475100942128,-0.3344768439108061,0.0,-0.020202020202020218,-0.09029230508282916
65,2010-04-03,0.01797445928987962,0.06115033934325088,0.026929694690088324,0.014890800794176153,-0.0884450784593438,0.2846493229879812,-0.8951612903225806,-0.8951612903225806,-0.8936170212765957,-0.8936170212765957,-7.108695652173912,-0.4015151515151515,-1.0702634880803008,-1.2646153846153847,0.04899354348651719,0.175376439326838,0.0,-0.28099173553719003,-0.08823529411764708,0.8787878787878787,0.0,0.0,-0.10438144329896903,0.0,0.061855670103092786,0.045556246115599615
66,2010-07-03,-0.005329755991443363,0.026939724788423103,-0.009312655860349128,0.012498641452016068,0.047991653625456536,0.20168166745618188,-2.0538461538461537,-2.0538461538461537,-2.0,-2.0,2.9145907473309607,0.2278481012658229,-6.9107142857142865,1.604651162790698,0.1216509775524981,0.3195177091183121,0.0,-0.42055442866801895,0.04608294930875578,0.44623655913978494,0.0,0.0,0.05323741007194238,0.0,0.116504854368932,0.01426618320156936
67,2010-10-02,-0.004264780928774471,0.002830900855561147,-0.010973451327433659,-0.031236582224130505,0.0806371329019413,-0.19641273282743665,-1.5255474452554745,-1.5255474452554745,-1.5333333333333332,-1.5333333333333332,-0.5045454545454545,-0.1855670103092784,-1.3111782477341392,-0.15327380952380953,0.09183344092963196,-0.15419760137064542,-0.2925880653405933,-0.4434072345390898,0.0792951541850222,-0.19206939281288726,0.0,0.0,0.08606557377049184,0.0,0.0608695652173914,0.03516380472367109
68,2010-12-31,-0.01965808836987959,-0.03657236057963742,0.036984013361966106,0.054404432132963976,-0.6757254721326578,-0.10620554329163599,13.458333333333336,13.458333333333336,13.624999999999998,13.624999999999998,-0.7651376146788991,15.41772151898734,-1.7961165048543692,-3.198594024604569,-0.18492239467849225,0.15259959486833208,0.0218347470939364,-0.15094339622641506,-0.6775510204081633,0.0690184049079754,0.0,0.0066844919786095405,-0.669182389937107,0.0,0.024590163934426142,-0.08628205854045179
69,2011-04-02,0.01695294996265861,0.0194035681729392,-0.0029145574474612745,0.006305170239596425,0.7528409090909092,0.3527716794731064,-1.2641690682036504,-1.2641690682036504,-1.264957264957265,-1.2564102564102564,-7.4921875,-0.8450269853508096,1.951219512195122,0.01838529176658676,-0.23104824084149436,0.30228471001757473,-0.29546502690238274,-0.3629629629629629,0.7594936708860758,3.037302725968436,0.0,0.0,0.7224334600760456,0.0,0.040000000000000036,0.013011958609579377
70,2011-07-02,0.02518910185797174,0.04126213592233019,-0.007076923076923093,0.010756056808688408,0.7050243111831442,0.11197890252561103,1.52,1.52,1.5161290322580645,1.5,-2.9771359807460893,0.7363184079601991,0.09090909090909084,-1.8084772370486653,0.2429245283018868,-0.009896536212325668,-0.7962033602443814,-0.7945736434108527,0.6978417266187051,-0.437455579246624,0.0,0.0,0.6644591611479027,0.0,0.023076923076923,0.03021591534650425
71,2011-10-01,-0.07671919770773639,-0.1201079622132254,-0.07483731019522777,-0.06746564727761127,-0.09980988593155893,-0.20031013408738485,-0.9321789321789322,-0.9321789321789322,-0.935897435897436,-0.9333333333333332,-1.0,0.3667621776504297,2.590909090909091,-2.3834951456310685,-0.2703984819734345,-0.19309404815992728,-0.8126338329764453,-0.8113207547169812,-0.09745762711864404,-0.5243209096651926,0.0,0.0,-0.0251989389920424,0.0,0.030075187969924814,-0.056462625423024375
72,2011-12-31,-0.03250834044534101,-0.05458728388176237,0.031276168146039174,0.0060935076445822745,-0.8368532206969377,-0.09992015512718144,-7.297872340425532,-7.297872340425532,-7.6,-7.6,inf,-0.3354297693920335,-0.7626582278481013,-0.6750877192982456,-0.12041612483745125,-0.0822072072072072,-30.657142857142855,-28.2,-0.835680751173709,0.015936254980079667,0.0,0.006640106241699861,-0.8312925170068027,5.620689655172414,0.03649635036496335,-0.06034482758620685
73,2012-03-31,0.015236567762630273,0.06400707912395842,-0.005480898055296168,-0.018940645303380688,1.6666666666666663,0.2345710302876696,-2.341216216216216,-2.341216216216216,-2.333333333333333,-2.3030303030303028,-9.822784810126583,-2.2555205047318614,-0.9466666666666668,-0.32829373650108,-0.09195742164399767,0.3858895705521472,0.2631984585741809,0.19117647058823528,1.628571428571429,7.436601307189544,-0.5791738382099828,0.0,1.6209677419354842,0.171875,0.014084507042253502,0.08457778075403466
74,2012-06-30,0.015600315955766275,0.043800679187746994,-0.014900391900718457,0.007969469076215097,0.9223300970873788,0.09525764730034902,1.1057934508816123,1.1057934508816123,1.1136363636363638,1.0930232558139537,-2.648493543758967,-1.7462311557788943,20.916666666666668,-2.893890675241157,0.19179420384239654,0.037184594953519216,0.3020134228187921,0.1944444444444444,0.9239130434782608,-0.6053610164239231,-0.11281526925698705,0.0,0.8953846153846154,0.1777777777777778,0.013888888888888841,0.03556433687330207
75,2012-09-29,-0.02473264631538008,-0.03014408073833075,-0.03771082839501061,0.011135857461024523,0.172979797979798,-0.17075913776944707,-0.9760765550239234,-0.9760765550239234,-0.9784946236559141,-0.9777777777777776,-0.4647519582245431,0.09427609427609428,2.220532319391635,-1.9456706281833616,-0.15218579234972673,-0.025181391378574447,-0.01979850046860354,-0.02067183462532285,0.17514124293785316,-0.4935217903415783,-0.1644256626968883,0.0,0.20292207792207795,-0.02641509433962264,0.006849315068493178,-0.040841879322680685
76,2012-12-31,-0.03337453646477129,-0.06887108920380636,0.010507730071917631,0.032158590308370094,-0.5818083961248655,-0.1053345388788427,-38.65,-38.65,-42.0,-42.0,-0.12195121951219512,0.3446153846153845,-0.5714285714285714,-0.533213644524237,-0.08378988076055427,0.10157618213660237,-0.5259949802796702,-0.4749340369393139,-0.5865384615384616,-0.062015503875968984,0.13425287356321847,0.0065963060686016215,-0.5668016194331984,-0.4806201550387597,0.006802721088435382,-0.0979051407969167
77,2013-03-30,0.008208893655639038,0.03771781486655401,-0.01406349882804181,-0.03894579598804948,0.6808236808236807,0.2573269327943406,-1.6613545816733066,-1.6613545816733066,-1.670731707317073,-1.6463414634146345,-3.0037037037037035,-2.446224256292906,-1.0743801652892562,0.6269230769230769,-0.1487864931410482,0.3545310015898251,0.09707513867876938,0.2160804020100502,0.6744186046511627,2.275206611570248,1.6064045399270368,0.0,0.6635514018691591,0.20149253731343286,0.0135135135135136,0.07979603087100329
78,2013-06-29,-0.02184853320240576,-0.02182230409522456,-0.058915063756213575,-0.026312867769512586,0.6347626339969372,0.10348638601426696,0.6144578313253013,0.6144578313253013,0.5999999999999999,0.6226415094339621,-2.749537892791128,-0.6234177215189873,-48.25925925925926,-3.0212765957446814,0.3533057851239669,-0.034330985915492995,-0.13904849459894275,-0.037190082644627975,0.6388888888888888,-0.423416603583144,-0.1875583203732504,0.0,0.6722846441947565,-0.06211180124223593,0.026666666666666616,0.004594767070835948
79,2013-09-28,0.010959133308236169,0.015862668405041358,-0.022781554289913686,-0.021550741163055886,0.3550351288056206,-0.18747154693617407,-0.2810945273631841,-0.2810945273631841,-0.28409090909090906,-0.2906976744186046,-0.7723190702588484,-2.7184873949579837,-0.9717868338557992,-1.016374269005848,-0.004274809160305315,0.11090853843816496,0.6922050186865991,1.0,0.34745762711864425,-0.3221006564551423,0.1862557427258804,0.0,0.3404255319148937,0.9735099337748344,0.012987012987013102,0.038241646550629005
80,2013-12-31,0.2064214489635483,0.07565062388591802,-0.11759729272419628,0.029134133550868132,2.5893536121673004,0.010197220977140377,9.055363321799307,9.055363321799307,9.047619047619047,9.131147540983608,0.0649651972157772,-0.32762836185819066,-4.333333333333334,-22.714285714285715,0.09322293774915667,0.17013129102844626,0.0,5.493562231759657,2.5283018867924527,-0.131697869593286,-0.4150395352589963,0.013106159895150736,1.974937343358396,5.640939597315437,-0.019230769230769273,0.0452153695545765
81,2014-03-29,0.010254475615611549,0.03393875116001599,-0.013316288484073737,-0.017665043596421737,0.0528697996918337,0.07509706045479758,-0.901927047487956,-0.901927047487956,-0.9036334913112164,-0.9029126213592232,-3.3572984749455337,-0.4,-1.4833333333333334,-5.292763157894737,-0.3660589060308556,0.015427769985974615,0.0,-0.038003965631196124,0.050802139037432914,-0.7122676579925651,-0.8535172413793104,0.012936610608020649,0.04240381915192337,0.016169782718544745,-0.052287581699346435,0.052508341626178234
82,2014-06-28,0.03028142716502025,0.06379022951660462,-0.002267328870654284,0.01878962536023065,0.08542943382420187,0.1760214609987618,0.5543859649122806,0.5543859649122806,0.5573770491803278,0.55,-2.711645101663586,2.951515151515152,1.0344827586206895,-1.82911877394636,0.4787610619469027,-0.016114180478821294,0.3722984697901877,-0.047062864994847235,0.08396946564885499,-0.062015503875968984,-0.024482109227871973,0.012771392081736943,0.05334051724137945,-0.0004972650422674363,-0.04827586206896562,0.04421579532814235
83,2014-09-27,0.011268905071007309,0.14216838425842224,-0.03154420517260037,-0.02296899751074899,0.07794724867279013,-0.18222495174592035,0.17832957110609482,0.17832957110609482,0.16842105263157905,0.18279569892473124,-0.7467602591792657,-4.450920245398773,-0.14406779661016944,1.4195933456561924,0.7833632555356074,-0.012166588675713741,-0.168640073571675,0.0018024513338139594,0.07668231611893582,-0.09090909090909094,-0.021235521235521082,0.01513240857503173,0.06598465473145776,0.04875621890547244,-0.043478260869565084,0.16900133155792266
84,2014-12-31,0.021276595744680767,0.038307302659349896,0.09665344432649857,0.042385639837869034,-0.08419324577861165,-0.14429782212208986,-1.0411877394636015,-1.0411877394636015,-1.036036036036036,-1.0363636363636364,1.4029850746268655,-1.5466666666666666,2.267326732673267,-1.1653934300993125,-0.07265100671140945,0.0802936996684036,-0.712804203539823,-0.7096077725800648,-0.08284883720930236,0.003030303030303161,0.021696252465483123,0.01614906832298124,-0.10316698656429936,-0.6963946869070208,-0.045454545454545525,-0.003918352469473253
85,2015-04-04,-0.032095456865747884,-0.047667445878646235,-0.06434357328442608,-0.060882124208421325,0.02193768672641916,0.2358324974924775,-14.255813953488374,-14.255813953488374,-16.25,-16.0,-2.1739130434782608,-0.8951219512195122,-0.09696969696969693,3.2609699769053115,-0.3338158132802605,0.16882262661697012,-0.021184400577756283,-0.0074349442379181285,0.022979397781299538,0.2749244712990935,2.972972972972973,0.015892420537897408,0.055644729802033055,-0.0046874999999999565,0.0,0.014088372518525459
86,2015-07-04,0.02191970466082149,0.0560298826040555,0.00010889687465964748,0.021175913876730238,0.05537921817574332,0.1585675154712387,1.0666666666666669,1.0666666666666669,1.0655737704918034,1.0833333333333337,-2.7558578987150417,-3.5348837209302326,0.7248322147651007,-2.1636856368563686,0.5831070070613797,-0.012005252297880298,0.10132808657156912,0.11235955056179757,0.064291247095275,-0.033175355450236865,-0.011661807580174877,0.014440433212996371,0.03269133299543836,0.11930926216640493,-0.007936507936507908,0.03410013531799727
87,2015-10-03,0.008612069799696753,0.02253663466397171,0.0005988675958188416,0.00023169601482853075,0.020261179263949325,-0.13143607705779334,-0.3556876061120543,-0.3556876061120543,-0.3492063492063493,-0.35200000000000004,-0.4520017219113216,-2.143730886850153,-0.10505836575875482,-0.8183511877037727,0.06690684508492017,-0.033985190810708166,-0.10540419830281368,-0.1077441077441077,0.03056768558951961,-0.0931372549019608,-0.14060963618485744,0.01542111506524324,0.011533742331288456,-0.11781206171108005,0.008000000000000007,0.022332722672947503
88,2015-12-31,0.008154780940198279,-0.019124332872109132,0.018118504815278325,0.05177206393328704,-0.006050733069583481,-0.005847363645528736,-1.1225296442687749,-1.1225296442687749,-1.1219512195121952,-1.1234567901234571,-0.24430479183032205,-0.4064171122994652,-0.2108695652173913,-0.09230769230769233,0.05692233478051122,0.01375786163522008,-0.04193709435846238,-0.021383647798742245,-0.005649717514124353,-0.016216216216216273,0.1264302059496567,0.017523364485981352,-0.01407083939835041,-0.06518282988871227,0.04761904761904767,-0.06741189521290214
89,2016-04-02,-0.009452815226011158,-0.18917829613582549,-0.028751603249251856,-0.013104283669199468,0.01873097635214238,0.08538687759862085,-7.96774193548387,-7.96774193548387,-8.1,-7.999999999999999,-1.9688149688149688,9.481981981981981,0.4352617079889807,-11.596045197740114,-0.5706678837669252,-0.16285381930981002,0.010943199583116405,0.02442159383033426,0.02272727272727271,-0.1565934065934067,-0.14321990858303713,0.01722158438576327,0.028543307086614126,0.011904761904761862,0.015151515151515138,-0.1784243755146857
90,2016-07-02,0.03871649534057076,0.07673667205169621,0.020908990866072445,0.03838428922115589,0.06351030414464097,0.16060917499766414,0.6682098765432098,0.6682098765432098,0.6619718309859155,0.6714285714285715,-4.252145922746781,-0.7382896433175763,-0.34165067178502884,-1.5614502799253531,0.7462792345854004,0.07433997220935629,-0.061855670103092786,-0.04893350062735247,0.06875000000000009,0.04885993485342022,0.03378778897451107,0.016930022573363512,0.02392344497607657,-0.06218487394957972,0.0149253731343284,0.03691947878382895
91,2016-10-01,-0.0007399186089530607,-0.019677996422182487,-0.02635550285652688,-0.01386202450032237,0.033496614320703166,-0.12010948317501202,-0.209990749306198,-0.209990749306198,-0.2033898305084746,-0.20512820512820507,-0.7726822830748927,0.3842364532019704,0.1720116618075802,-1.2640075973409306,-0.11282467532467533,0.024574261694330742,0.01153846153846172,0.030343007915567318,0.039636127355425536,-0.04037267080745355,0.0561926605504588,0.016648168701442808,0.03411214953271036,0.016129032258064502,0.014705882352941124,-0.005907308952258218
92,2016-12-31,0.013420955201777218,-0.006063103367082601,0.02109050650429012,0.05143293015146555,0.0037638530703283384,-0.009149130832570851,-0.7927400468384075,-0.7927400468384075,-0.7978723404255319,-0.7956989247311828,1.0769230769230769,0.2645314353499406,0.1393034825870647,-0.7338129496402878,-0.03385178408051237,0.03429413002314319,0.07713199348180333,0.09603072983354656,0.00562499999999999,-0.0064724919093851465,-0.01140065146579805,0.018558951965065518,-0.009489380930863043,0.08465608465608465,0.007246376811594234,-0.05467019609961643
93,2017-04-01,-0.003287971504246978,-0.010364228605270977,-0.024016046839423155,-0.00870556534355893,0.0232622734532324,0.07137580794090481,2.6666666666666665,2.6666666666666665,2.7894736842105257,2.736842105263157,-1.6051712089447938,-0.7908067542213884,-0.05676855895196509,9.074324324324325,-0.326467803030303,0.17656631407648504,-0.029248613212304538,-0.010514018691588745,0.025481665630826544,0.16938110749185675,0.062053816584294326,0.017148981779206984,0.02668795620437958,-0.01951219512195124,0.007194244604316501,-0.0016572375564318784
94,2017-07-01,0.03353798222303683,0.06391382405745061,0.019774482030772592,0.03063251437532677,0.05035287730727478,0.16521589244160986,0.8397534668721109,0.8397534668721109,0.8472222222222223,0.8591549295774649,-3.9803695150115472,0.852017937219731,0.2708333333333333,-2.0959087860496317,0.5743409490333921,0.019882434301521368,0.012987012987013102,0.02951593860684776,0.05757575757575761,-0.0027855153203342198,0.016546018614270963,0.017913593256059013,0.016218618084870018,0.016583747927031434,0.014285714285714237,0.032283915283342964
95,2017-09-30,0.004580784348494182,-0.0006187422657216722,-0.00370390544147281,-0.0057821059038344344,0.01440754619459872,-0.15569526627218933,-0.338358458961474,-0.338358458961474,-0.3308270676691729,-0.33333333333333337,-0.6772568771793879,0.41162227602905577,0.3770491803278688,-1.2821297429620562,-0.10292475999106944,-0.04644855060179698,-0.04410256410256408,-0.03440366972477072,0.02636103151862468,-0.1005586592178771,-0.09155645981688708,0.016563146997929712,0.00983821600349799,-0.03262642740619903,0.0,0.005212376621936299
96,2017-12-31,-0.012061661567427606,0.039398885574379434,0.02525832376578641,0.05611672278338942,-0.055537863830329326,-0.24993429697766104,-2.479746835443038,-2.479746835443038,-2.4831460674157304,-2.5,0.7466986794717887,-0.02229845626072036,-0.6031746031746033,-2.2234273318872018,0.1403683424589348,-0.03751111111111105,-0.4828326180257511,-0.4809976247030878,-0.05415968732551646,-0.062111801242236024,-0.022396416573348232,0.019348268839103788,-0.0439489066897597,-0.4519392917369308,-0.05633802816901401,-0.015831862312444822
97,2018-03-31,0.013816925734024156,0.008664103536037304,0.02586252866208083,0.039899526615786,-0.0014161440420796811,0.3494510628357861,-1.6236099230111205,-1.6236099230111205,-1.628787878787879,-1.6212121212121209,-1.4611683848797252,-0.2631578947368421,1.0,-3.921985815602837,-0.35966826713225664,0.10639083856667897,0.053941908713692976,0.04347826086956519,0.0029515938606845533,0.17218543046357615,1.1575028636884306,0.01898101898101889,-0.015172101449275275,0.055384615384615365,-0.0074626865671642015,-0.030043159015750283
98,2018-06-30,0.00481701227750686,0.012830836957105296,-0.001975257303253985,0.031958379784466695,0.013641274986493812,0.21248052622468405,0.08367626886145407,0.08367626886145407,0.08433734939759052,0.09756097560975617,-4.9940387481371085,0.2880952380952382,-0.09666666666666668,-1.9217233009708736,0.5177232447171098,0.04908180300500842,-0.2559055118110236,-0.2631578947368421,0.018834608593290225,0.04519774011299438,-0.018847889567294995,0.018627450980392316,0.008967578753736438,-0.271137026239067,0.007518796992481258,-0.018549552152557047
99,2018-09-29,0.2308973984215141,-0.010813102936499508,0.3816666666666666,0.33651422398271524,0.03804130579613596,-0.07345278035548575,-0.11392405063291144,-0.11392405063291144,-0.11111111111111104,-0.11111111111111104,-0.8764925373134328,16.275415896487985,-15.173431734317345,-1.8782093482554312,-0.2995733213563889,0.0471037555697007,-0.07804232804232802,-0.13095238095238093,0.03755054881571352,0.027027027027026973,0.39096320346320335,0.01828681424446588,-0.15679124886052875,-0.10799999999999997,-0.0223880597014926,-0.2598916627414035
100,2018-12-31,0.017763423496164776,0.007501875468867158,0.018961097708082075,-0.15364407921325607,0.015724279571272648,0.005315870570107961,-0.38,-0.38,-0.375,-0.3875000000000001,2.11178247734139,-0.9180398031243312,-1.0436084353033064,-0.9362818590704648,-0.02725232446296888,-0.16534954407294822,1.4863701578192257,1.3732876712328768,0.012249443207126951,-0.1947368421052631,-0.10970628282435313,0.0198487712665405,-0.0018918918918918726,1.304932735426009,0.03053435114503822,0.1904534606205248
101,2019-03-30,0.010290034300114437,0.03063503882565688,0.03692057267581661,-0.04042976522085162,-0.03519524832554022,-0.022223925204996497,-1.836405529953917,-1.836405529953917,-1.84,-1.8571428571428568,-1.7708737864077668,0.19973890339425585,-2.1402985074626866,14.623529411764705,-0.4377059986816084,-0.08739985433357622,-0.4160415464512407,-0.4458874458874459,-0.035203520352035216,-0.0980392156862746,-0.6362246012672057,0.019462465245597915,-0.045220687787706486,-0.42412451361867703,-0.03703703703703709,0.07404437316225597
102,2019-06-29,-0.06674673195066749,0.037981215811745184,-0.10681793856363052,-0.15758480550717424,0.006811186063265362,-0.08809467826632178,-3.1349862258953167,-3.1349862258953167,-3.1190476190476186,-3.1190476190476186,-3.7544080604534007,-5.069640914036997,-3.5314136125654447,-4.7432228915662655,2.913833528722157,-0.04449321628092573,-0.014822134387351802,-0.04427083333333315,0.02223489167616877,-0.010869565217391242,0.6252252252252253,0.01909090909090927,0.0788428814520703,0.03716216216216206,-0.07692307692307697,0.2321428571428572
