,Quarter end,Assets,Current Assets,Liabilities,Current Liabilities,Shareholders equity,Revenue,Earnings,Earnings available for common stockholders,EPS basic,EPS diluted,Cash from operating activities,Cash from investing activities,Cash from financing activities,Cash change during period,Cash at end of period,Price,ROE,ROA,Book value of equity per share,P/B ratio,P/E ratio,Cumulative dividends per share,Equity to assets ratio,Net margin,Asset turnover,Current ratio
0,1996-05-04,0.11797092562785827,0.17733770101250745,0.4329442106692005,0.4482152894884768,0.044942405740542535,0.08550241751634635,0.5541890853189855,0.5541890853189855,0.5555555555555558,0.2380952380952381,-2.037352071005917,-0.31007241606319946,-1.9926075268817205,-1.5671998529141389,0.18083235638921447,0.32963988919667586,0.03660396542958821,0.1085316308763784,0.04511278195488711,-0.06925207756232687,0.32597402597402597,inf,-0.06528701650652857,0.04123711340206171,-0.009049773755656076,-0.18706293706293708
1,1996-08-03,0.11797092562785827,0.17733770101250745,0.4329442106692005,0.4482152894884768,0.044942405740542535,0.08550241751634635,0.5541890853189855,0.5541890853189855,0.5555555555555558,0.2380952380952381,-2.037352071005917,-0.31007241606319946,-1.9926075268817205,-1.5671998529141389,0.18083235638921447,0.32963988919667586,0.03660396542958821,0.1085316308763784,0.04511278195488711,-0.06925207756232687,0.32597402597402597,inf,-0.06528701650652857,0.04123711340206171,-0.009049773755656076,-0.18706293706293708
2,1996-11-02,0.1018202177862586,0.14114076135070186,0.16743238762847534,0.17151035854640728,0.0809589783747966,0.40948534502654055,1.377349159248269,1.377349159248269,1.3214285714285712,0.2380952380952381,0.8980392156862744,0.2461832061068703,-2.0589031821259307,2.535170178282009,0.5413750310250682,-0.027083333333333348,0.03660396542958821,0.1085316308763784,0.0935251798561152,-0.06925207756232687,0.32597402597402597,inf,-0.0189773326304693,0.04123711340206171,-0.009049773755656076,-0.02590420332355814
3,1997-02-01,0.057960343468701936,0.08609941261221321,-0.02734501785134702,-0.02696098732709351,0.0872527166341599,0.016373847690468683,0.14291657998751828,0.14291657998751828,0.1384615384615384,0.2380952380952381,-0.2782682193839219,1.850689127105666,-0.6975703324808185,-0.5933431138822667,0.14282953850117552,-0.13490364025695933,0.03660396542958821,0.1085316308763784,0.09210526315789468,-0.2083333333333333,0.32597402597402597,inf,0.027673293927995782,0.04123711340206171,-0.009049773755656076,0.11617327312259572
4,1997-05-03,0.0029014772047795123,-0.005510274365744472,-0.08304830232752147,-0.08474143434773351,0.029304357854003538,-0.2214811592802023,-0.5891882053148889,-0.5891882053148889,-0.7972972972972974,0.2380952380952381,-1.3713728041639557,-0.25973677142089713,-0.9365750528541226,-2.258173618940248,-0.15721693062052644,0.044554455445544594,0.03660396542958821,0.1085316308763784,0.024096385542168752,-0.045112781954887216,0.32597402597402597,inf,0.026274509803921653,0.04123711340206171,-0.009049773755656076,0.08657995684488129
5,1997-08-02,0.10539227664128714,0.14315030718124344,0.3028249101578493,0.3095703125,0.05136312710070956,0.14267977237454746,0.5414266725742136,0.5414266725742136,0.5333333333333334,0.2380952380952381,-1.45374912403644,-0.9321480406386068,-55.56666666666667,-0.9051971326164876,-0.017721603637944283,0.4123222748815168,0.03660396542958821,0.1085316308763784,0.04705882352941182,0.3818897637795276,0.32597402597402597,inf,-0.048783594446567324,0.04123711340206171,-0.009049773755656076,-0.12709269934081702
6,1997-11-01,0.13438141048312935,0.11549681357149265,0.21710893854748606,0.2208018181172544,0.10632755517666004,0.4415791379934806,1.2914630640988791,1.2914630640988791,1.2608695652173911,0.2380952380952381,10.316602316602316,32.36363636363637,-0.8301771533292608,-16.383742911153117,0.2770194369745038,0.29865771812080544,0.1201569396763118,0.1085316308763784,0.0898876404494382,0.2393162393162393,0.19000979431929466,inf,-0.024772362078200442,0.10749646393210743,0.004566210045662268,-0.08625864956238738
7,1998-01-31,0.12894601462266353,0.15129448210657606,0.060187044580870985,0.06399255359376355,0.1545977995633374,0.06492136073564136,0.207099849473156,0.207099849473156,0.2884615384615385,0.2380952380952381,0.32610030706243603,0.3833947748036544,-19.97482014388489,0.975669697714426,0.4285752365720379,0.23643410852713176,0.1160245183887918,0.1085316308763784,0.12886597938144329,0.1333333333333333,0.04650205761316872,inf,0.022655499107510742,0.1123882503192848,-0.004545454545454629,0.08205677928005795
8,1998-05-02,0.00012427763623934496,-0.031101481688565857,-0.1800790128801818,-0.18193499002159708,0.06185519229521419,-0.20931439626291706,-0.4790605840174582,-0.4790605840174582,-0.6567164179104478,0.2380952380952381,-1.103684264690748,0.005445487197311971,-0.6854976303317535,-1.5618858066923746,-0.16856679043904987,0.3814002089864159,0.02275402118477832,0.028795811518324662,0.05936073059360725,0.2251521298174444,0.11757766417616987,inf,0.061761546723952725,0.04477611940298498,-0.013698630136986243,0.1843921769142272
9,1998-08-01,0.057678368023195585,0.05142285219649434,0.062011154747368076,0.06279240743216152,0.05653229044817287,0.05188876290505462,0.2044683822062636,0.2044683822062636,0.17391304347826098,0.2380952380952381,-3.918114143920596,-0.9124222171007144,-5.115732368896926,-0.8109364622537082,-0.038331201328575586,0.0453857791225416,0.0061373225930188005,0.020865139949109324,0.05172413793103448,-0.013245033112582738,-0.05418719211822665,inf,-0.001011633788568389,0.042857142857142934,-0.02314814814814825,-0.010711780260104664
10,1998-10-31,0.12592520070491475,0.14610615143173233,0.3155065257924177,0.3192466119548469,0.0755184664959101,0.3731880974668822,0.7542232527326929,0.7542232527326929,0.7777777777777777,0.7692307692307692,1.3894557823129252,4.381578947368421,-0.42852958406561215,-4.546838407494144,0.14137359688221984,-0.3502170767004341,0.0068623713305375755,0.012961116650049842,0.07786885245901631,-0.3825503355704698,-0.4051339285714285,inf,-0.04481012658227845,0.03266596417281353,-0.018957345971563955,-0.1312423291967818
11,1999-01-30,0.0788971785997925,0.07762413576367068,-0.05551224812793798,-0.047025455238821616,0.12260889605899973,0.0696771261542275,0.16937311178247727,0.16937311178247727,0.1875,0.06521739130434767,0.463914590747331,3.2442542787286066,-3.4569451563300877,1.112248266754705,0.2616287390868757,0.20044543429844075,0.006815600151457879,0.020177165354330784,0.12167300380228152,0.11413043478260865,0.1019387116948094,inf,0.04055128544924447,0.027551020408163263,-0.004830917874396046,0.13081970301070545
12,1999-05-01,0.032329821130173686,0.006922745767890204,-0.05114673736337949,-0.05114673736337949,0.05517005406145215,-0.23054343208064576,-0.4777167770062974,-0.4777167770062974,-0.4912280701754386,-0.4285714285714285,-1.1596168805912097,-0.5932945446166253,-1.0237822050693648,-1.8261175367302285,-0.17131512843367636,-0.01948051948051943,-0.03196690485144793,-0.027496382054992833,0.05423728813559303,-0.12682926829268282,-0.04937570942111247,inf,0.02203260315843103,0.004965243296921607,-0.03398058252427183,0.06118822876179907
13,1999-07-31,0.033836464893561624,0.010633382753508336,-0.000817122673836268,-0.000817122673836268,0.04236276849642007,-0.001305089850416663,-0.014530839387849713,-0.014530839387849713,0.0,-0.0357142857142857,-1.1998172403289673,0.2916430594900849,-1.3903508771929824,-0.2078327499763504,-0.16376579184104512,0.09460737937559127,-0.0582750582750583,-0.05158730158730152,0.061093247588424486,0.039106145251396766,0.042985074626865634,inf,0.008348909657320823,-0.015810276679841917,-0.035175879396984966,0.011458769359564693
14,1999-10-30,0.014242489842975159,0.0013919498898040672,0.0685625346242118,0.0685625346242118,0.0014310246136233218,0.3503091073582629,0.8120784313725491,0.8120784313725491,0.8620689655172415,0.8888888888888888,26.36432926829268,0.21647110428775096,-128.94382022471908,-0.459159302603296,-0.1059167446211412,-0.11668107173725152,-0.0243399339933994,-0.011506276150627605,0.02121212121212124,-0.16666666666666674,-0.12249570692615908,inf,-0.01272862086010873,-0.0030120481927710108,-0.01041666666666663,-0.06285241322228541
15,2000-01-29,-0.014464409808398691,-0.029537819993049937,-0.12886979706710122,-0.13978176072680593,0.014327074816407269,0.012357741734364323,0.12448060941828265,0.12448060941828265,0.11111111111111094,0.019607843137254832,0.4268285889365495,0.3520237987920309,0.02230613857908148,-0.7734599249282402,-0.026836860139677232,-0.3610567514677104,-0.010570824524312794,0.0005291005291003792,0.03857566765578624,-0.3741935483870968,-0.38160469667318975,inf,0.02929027412692453,0.0030211480362536407,0.0,0.12814638993155225
16,2000-04-29,0.003802645230828183,-0.011037310603401074,-0.06784560448903243,-0.07900929858799223,0.019288251868185613,-0.2784237666718754,-0.646189376443418,-0.646189376443418,-0.6333333333333333,-0.5961538461538463,-1.2088392613126149,-0.9587945059341244,-0.867708959711365,6.316764132553606,-0.20177395511356,0.006125574272588086,-0.06794871794871804,-0.05869910100475939,0.025714285714285582,-0.030927835051546393,-0.012658227848101332,inf,0.015444484981150362,-0.047188755020080235,-0.010526315789473715,0.0738103975535167
17,2000-07-29,0.016828816714416828,0.01629346699419254,0.034081235558798495,0.03405939359945154,0.01341874538035803,-0.01770678080534005,-0.17972149695387296,-0.17972149695387296,-0.18181818181818188,-0.1428571428571429,-0.7339689661618994,0.4967637540453074,0.040909090909091006,-0.4736912215265752,-0.1330392619031585,-0.1461187214611872,-0.08436497019715727,-0.07808988764044944,0.01671309192200554,-0.17021276595744672,-0.1068376068376068,inf,-0.003353293413173586,-0.0674394099051634,-0.015957446808510526,-0.017178529116923413
18,2000-10-28,0.058898127359305226,0.08352835157772676,0.083556287301914,0.0850108486017358,0.05392488229503911,0.4804761966515802,2.0782493368700266,2.0782493368700266,2.111111111111112,2.0000000000000004,-14.055516514406186,1.9275675675675676,0.7666874610106051,-4.299924069855733,0.5063890938750146,0.09269162210338666,-0.023535302954431514,-0.014015843997562394,0.06301369863013706,0.07692307692307687,0.1614832535885169,inf,-0.004686373467916338,-0.015819209039548032,0.00540540540540535,-0.0013677036487550474
19,2001-02-03,0.07429016128355803,0.10539244129820903,-0.010527743861077243,-0.01077628107207329,0.09187784129270372,0.08157777174341496,0.25428694528220586,0.25428694528220586,0.3035714285714284,0.2777777777777777,0.9052104639896652,0.913589364844904,-1.0554378531073447,1.329344991563123,0.7830346783550342,0.30995106035889064,0.0020512820512819108,0.007416563658838138,0.08247422680412386,0.23214285714285696,0.28321318228630266,inf,0.016298442593263296,0.008036739380023139,0.0,0.11743540936419115
20,2001-05-05,-0.021662842196128133,-0.027074475220614347,-0.2958016837140428,-0.30653901226942193,0.029850669359908544,-0.3809303983024767,-0.7087798845836768,-0.7087798845836768,-0.7123287671232876,-0.7101449275362318,-1.2392428309083203,-0.4442300270165959,10.038216560509554,-1.3165953243332236,-0.13903549996384934,0.06351183063511834,-0.055271238485158684,-0.039877300613496924,0.02857142857142869,-0.01932367149758452,-0.048154093097913415,inf,0.052625326680921784,-0.005694760820045608,-0.03763440860215062,0.4030080186131539
21,2001-08-04,0.08303220285626868,0.10582035956861358,0.5760514018691589,0.5993764929754242,0.019683877133378932,0.028218579520925106,-0.07784854918612882,-0.07784854918612882,-0.09523809523809523,-0.10000000000000007,-1.1637931034482758,0.4586805555555555,-0.8320830929024813,-0.7375975039001559,-0.042374874034262655,-0.014051522248243464,-0.04117009750812562,-0.04153354632587858,0.0092592592592593,-0.03940886699507384,-0.007588532883642474,inf,-0.0584584132716397,0.001145475372279492,-0.03910614525139666,-0.3085966418904913
22,2001-11-03,0.02322058739243293,0.032337108254771874,-0.11642329454204035,-0.11720628813001545,0.05095366376666522,0.4140923202198585,1.819391148631364,1.819391148631364,1.7894736842105263,1.8333333333333333,5.343907714491709,-0.8902642228040942,-3.3436426116838485,-4.0344827586206895,0.1342757423224652,-0.07482185273159148,-0.06101694915254241,-0.053333333333333344,0.0366972477064218,-0.08205128205128198,-0.07476635514018681,inf,0.02708857725038949,-0.009153318077803285,-0.046511627906976834,0.1693935240705844
23,2002-02-02,0.05889060487000775,0.08654714642804627,-0.13439221498280252,-0.13979296303730682,0.09116291665304854,0.09284518903744754,0.242446238998276,0.242446238998276,0.2264150943396226,0.21568627450980385,3.740765996135925,11.490238611713664,-2.8856304985337244,3.8644200626959244,0.5758508187342477,0.1386392811296533,-0.07099879663056541,-0.059859154929577274,0.06858407079646023,0.0949720670391061,0.15977961432506893,inf,0.03045862994515125,-0.02078521939953804,-0.036585365853658465,0.2631212687250486
24,2002-05-04,0.0035971087105195476,0.009371269495285441,-0.12117590050072692,-0.12884192279485296,0.020123918494493017,-0.342546167082438,-0.6861169940845688,-0.6861169940845688,-0.6923076923076923,-0.6774193548387096,-0.7727621422064535,0.6267801319902744,-0.71850699844479,-0.9872724343483164,0.004650934602364654,0.12626832018038334,-0.04209844559585496,-0.03745318352059923,0.03726708074534146,0.05612244897959173,0.17893903404592248,inf,0.016534541336353348,-0.007075471698113289,-0.03164556962025322,0.15865398555977614
25,2002-08-03,0.07329194417357843,0.0947531218876887,0.5596971033671518,0.5872268778938508,0.01778905643757467,0.04584559514119335,-0.053280595625872514,-0.053280595625872514,-0.05000000000000005,-0.05000000000000005,-2.374934064774765,0.03469627415394472,-0.6132596685082873,-48.647679324894504,-0.22058033577825745,0.02102102102102088,-0.037187288708586896,-0.033463035019455245,0.017964071856287456,-0.01449275362318836,0.020819341840160988,inf,-0.05169340463458105,-0.008313539192398967,-0.026143790849673217,-0.31027190710362
26,2002-11-02,0.010025396736308869,-0.032921180736276257,-0.15286353994814994,-0.15622363123508276,0.038508774098892966,0.37022845921739533,1.7682477267141803,1.7682477267141803,1.7894736842105263,1.7368421052631582,-1.3439729916366148,0.9912298803136608,-14.942857142857143,-0.2575603276510958,-0.2101147812139742,-0.17156862745098045,-0.0316011235955056,-0.027375201288244774,0.04313725490196085,-0.1862745098039216,-0.17697368421052628,inf,0.02819548872180455,0.0,-0.02684563758389269,0.1461330527385205
27,2003-02-01,0.041210833038126886,-0.19436479580299404,-0.022701980859114124,-0.023343524100688632,0.050327393944204164,0.07704743262609659,0.10378196022727272,0.10378196022727272,0.15094339622641506,0.03846153846153855,8.346865937987955,-0.378309756982227,-1.0184426229508197,-2.7855438931297707,0.4749666857034076,-0.03195266272189345,-0.06816533720087015,-0.06705298013245042,0.0507518796992481,-0.07228915662650592,-0.0383693045563549,inf,0.008683729433272447,-0.04311377245508985,-0.027586206896551783,-0.17511396732936554
28,2003-05-03,-0.007751834556370962,-0.04508965161058531,-0.14199498975176494,-0.15048856123105725,0.010065288356909674,-0.3370303359755949,-0.7594305477358643,-0.7594305477358643,-0.7704918032786885,-0.7407407407407407,-1.0226480836236933,-0.19828304717452905,-10.083333333333334,-1.3638944555778223,-0.11718077783514025,-0.0660146699266504,-0.06770428015564199,-0.06743566992014194,0.01073345259391778,-0.11038961038961036,-0.01413133832086455,inf,0.018010874490258292,-0.04505632040050056,-0.021276595744680882,0.12407652601078435
29,2003-08-02,0.06464387042988351,0.11653596077647532,0.5392501658925017,0.5553068393140024,0.011135799144148084,0.048584680528190205,0.20093614175860908,0.20093614175860908,0.2142857142857142,0.2142857142857142,1.3635405690200209,-0.3358977024638736,1.5168195718654434,-0.1322625057365764,-0.11517890863902736,0.0680628272251309,-0.04090150250417368,-0.04091341579448138,0.005309734513274211,0.05109489051094873,0.11382799325463755,inf,-0.05029487036830982,-0.0209698558322412,-0.021739130434782483,-0.2821147510199901
30,2003-11-01,0.025793638263878812,0.05953402658944329,-0.08130536934451316,-0.08586674933020387,0.04417471597740397,0.4159751642682912,2.391703786191537,2.391703786191537,2.352941176470588,2.2941176470588243,-6.654034774855106,-1.4483406386975581,0.014580801944106938,-2.5560609265919187,0.20255552342792613,0.13970588235294135,0.0017406440382941035,-0.0009920634920634883,0.04401408450704225,0.13888888888888884,0.15594246782740329,inf,0.017926186291739917,0.013386880856760321,-0.014814814814814838,0.15906118469550326
31,2004-01-31,0.09648941900731044,0.07908284964617951,0.4635273691372797,-0.11667675911347952,0.041065848491075314,0.1052874510611992,0.22408273824181246,0.22408273824181246,0.26315789473684226,0.1964285714285714,2.814697997161331,-5.554469273743017,2.22874251497006,1.218611923050778,0.3736975886784675,0.10967741935483866,0.05125977410947002,0.032770605759682166,0.021922428330522825,0.060975609756097615,0.07858546168958735,1.25,-0.0505294659300185,0.05284015852047541,-0.015037593984962403,0.2216158549095235
32,2004-05-01,0.01300593450151877,0.015952400688937333,-0.02103339371883872,-0.037155862674125295,0.020231754836733677,-0.2932534918232053,-0.6051766914772346,-0.6051766914772346,-0.6111111111111109,-0.5970149253731343,-1.0327834966307,-0.9342226310947562,-0.7666913946587537,-1.0941540535572032,-0.02561345602453824,0.17829457364341073,0.05454545454545445,0.035576923076923166,0.01815181518151832,0.15517241379310345,0.0789313904068003,0.44444444444444464,0.007152382106922151,0.05269761606022594,-0.022900763358778664,0.055169286577992686
33,2004-07-31,0.04847930609247486,0.09123339830470067,0.23614181609760101,0.4026713752741149,0.010253844357717146,0.021883638972713948,-0.09697690217391307,-0.09697690217391307,-0.1071428571428572,-0.11111111111111116,-2.1670870113493064,5.596736596736597,3.656597774244833,1.192645623169541,-0.05763752854931015,-0.0057565789473684745,0.018808777429467183,0.0018570102135559985,0.014586709886547757,-0.02487562189054715,-0.08328643781654478,0.3846153846153846,-0.036470871449205584,0.021454112038140627,-0.015625,-0.2220312276178198
34,2004-10-30,0.017655656549905085,0.047425198453083565,-0.06886136318473868,-0.11404613010639165,0.039218923345131884,0.3807409548983976,1.7981944705661088,1.7981944705661088,1.7999999999999998,1.791666666666667,9.622906537007022,-0.5277385159010601,0.2570843291225675,-2.97506678539626,0.12080061725593437,-0.013234077750206795,0.04153846153846152,0.026876737720111118,0.03354632587859418,-0.025510204081632626,-0.05279312461632901,0.2777777777777779,0.021236727045596426,0.040840140023337364,-0.015873015873015928,0.18224595429530052
35,2005-01-29,0.05327910365193267,0.09191208547157692,0.03312134534124378,0.04814942133608335,0.057780658444059003,0.08877372459281196,0.1524398440650625,0.1524398440650625,0.12857142857142878,0.13432835820895514,1.6777195748359863,-0.6913580246913579,-0.6189570885388376,2.788999098286745,0.4083807796036381,0.07376362112321888,0.021418020679468297,0.019855595667870096,0.22256568778979924,0.036649214659685965,0.009721322099805585,0.21739130434782614,0.0041590214067277476,0.02914798206278024,-0.008064516129032251,0.04175679651132613
36,2005-04-30,-0.19548605203393965,-0.2936730468891875,-0.056558562280520586,-0.10193283190484513,-0.2257875576701269,-0.275054432562005,-0.4972005132392395,-0.4972005132392395,-0.4683544303797469,-0.4736842105263158,-0.918863480969384,8.621818181818181,58.84248039914469,-2.7377637632873237,-0.5038902338740749,0.11397345823575322,0.10050614605929133,0.08849557522123885,-0.2364096080910241,-0.09090909090909084,0.06225930680359437,0.2142857142857142,-0.03764161286392975,0.03921568627450967,0.048780487804878085,-0.21350498338870427
37,2005-07-30,0.07534672735353154,0.12756012402749994,0.16079873883342088,0.2546379704922823,0.05263484599836277,-0.013425298682103737,-0.1238835401925531,-0.1238835401925531,-0.0714285714285714,-0.05000000000000005,-2.4693352059925093,-0.5719324766943814,-1.06862873545421,-0.9553437945791726,-0.045356546735905064,0.25157673440784856,0.07621550591327209,0.0682926829268291,0.021523178807947074,0.6444444444444444,0.17280966767371586,0.17647058823529416,-0.021139240506329204,0.033542976939203266,0.03100775193798455,-0.10129469660168557
38,2005-10-29,0.02443508299890551,0.042867566581539666,-0.05746692822292643,-0.10705761356800493,0.04844024118765766,0.32590992029194266,1.1964782205746058,1.1964782205746058,1.1794871794871793,1.1578947368421053,-3.435717699537996,-0.020600353148911173,-1.6129816036098577,-3.154101712241247,0.10234461321774192,-0.0571108622620381,0.06288156288156288,0.05327245053272445,0.048622366288492584,-0.07770270270270274,-0.11695002575991753,0.2,0.023535497219707716,0.026369168356997985,0.030075187969924814,0.16791614768160554
39,2006-01-28,0.04130253936191819,0.0432001049501487,-0.0064172692584785205,-0.019232440890125213,0.05387619653597775,0.11074333475776243,0.15382760699216402,0.15382760699216402,0.09411764705882364,0.0,3.110733206880764,-13.025540865384615,2.5444507361268403,9.719065132281411,-0.7418381283870115,-0.05344418052256539,0.07122343480758175,0.06358381502890165,0.063369397217929,-0.09890109890109887,-0.11318553092182038,0.16666666666666674,0.012002526847757268,0.02371541501976293,0.03649635036496335,0.0636469735994849
40,2006-04-29,-0.00030459619628819823,-0.012370105508490605,-0.11064412605910867,-0.2062218873944739,0.027105369371533072,-0.2852885750242897,-0.5113363284923205,-0.5113363284923205,-0.4838709677419355,-0.426829268292683,-0.8698149533007685,-1.270058219434797,-0.8863327741832414,-1.044814113844894,-0.17275364792217762,0.07967377666248443,-0.02949061662198393,-0.01970108695652162,0.01453488372093026,0.016260162601626105,0.05263157894736836,0.125,0.027465667915106184,0.005791505791505891,-0.021126760563380254,0.2442157437711649
41,2006-07-29,0.025195642412709333,0.04851702828426885,0.11441426479247507,0.19701875837427416,0.00600482594448537,-0.06576282320310932,-0.2902501603592046,-0.2902501603592046,-0.29166666666666663,-0.2978723404255318,-1.731361525299438,-0.988156920799408,2.36964160224877,1.6937515435910102,-0.562535458249523,0.04474142940151071,-0.04917127071823202,-0.038808038808038965,0.015759312320916763,0.03200000000000003,0.015625,0.12698412698412698,-0.01871202916160386,-0.01439539347408836,-0.028776978417266005,-0.1240572923002068
42,2006-10-28,0.017589596927881868,0.030566023988115143,0.060532982888729325,0.0670211277459074,0.007357118876062162,0.3973319791402177,1.6601897876186174,1.6601897876186174,1.7058823529411762,1.6969696969696968,-3.769552139037433,-9.0703125,2.344108446298227,-1.1440359402218758,0.18521575100212215,-0.09343715239154617,-0.0017431725740848505,0.0,0.015514809590973178,-0.10852713178294582,-0.07507692307692315,0.12676056338028174,-0.010029717682020768,0.0107108081791627,-0.007407407407407419,-0.03416132895901691
43,2007-02-03,-0.056691073615388166,-0.06427589457559213,0.042565694502995736,0.0754655127196433,-0.08159027326011792,0.2229599396158899,0.24975935677481464,0.24975935677481464,-0.15217391304347827,-0.202247191011236,2.7180956978217585,15.153920619554697,2.280823199251637,15.358370464672186,2.5563513379090823,0.2656441717791409,0.0669383003492432,0.05984138428262443,-0.11111111111111104,0.24782608695652186,0.23020625415834986,1.775,-0.026391494684177674,0.012524084778420042,0.04477611940298498,-0.12994015204615295
44,2007-05-05,0.03125492262315377,0.046031919269936994,-0.08198649691830763,-0.1450344449186125,0.06350253151747975,-0.3078817733990148,-0.4475806451612904,-0.4475806451612904,-0.4743589743589745,-0.4366197183098591,-0.820772476468679,-2.0585485707436932,-1.0830672141119222,-1.0875520448266471,-0.06293354217945846,0.12796897721764422,0.0534642662302236,0.0469387755102042,0.05624999999999991,0.2682926829268293,0.02758247701460248,0.05855855855855841,0.03121788283658788,0.02854424357754515,0.014285714285714237,0.2234822664270517
45,2007-08-04,0.0675232943382511,0.09199733538797394,0.2072610784837159,0.3297680167332193,0.0331740959230411,0.02597617062034008,-0.032887722463708635,-0.032887722463708635,-0.02439024390243893,-0.05000000000000005,-0.4732886635277074,-0.3824728260869565,-1.648283752860412,2.5217777777777783,-0.2365231926452153,0.08165019338203705,0.08337648886587258,0.07277452891487979,0.02810650887573973,0.0219780219780219,0.03315789473684205,0.05531914893617018,-0.03214152236202805,0.046253469010175914,0.028169014084507005,-0.17881141313523552
46,2007-11-03,0.07312042827714671,0.10510552446190437,0.1374491420484698,0.19159546705751973,0.054643264305471284,0.3484874091600474,0.8824626865671641,0.8824626865671641,0.875,0.8947368421052628,4.6960632628502665,0.1442060872753943,1.1669608189198728,-2.8316506814740032,0.5674407694112127,0.005164878823996855,0.054015296367112775,0.04118715929739558,0.06043165467625888,-0.021505376344086,-0.07182883341823743,0.06854838709677424,-0.017248037070408118,0.026525198938991856,0.013698630136986356,-0.07257550525298627
47,2008-02-02,0.03603121034336887,0.0,0.09192262830482112,0.0,0.018717028400741853,0.2351529908867922,0.3093071447878186,0.3093071447878186,0.3333333333333333,0.25,0.0,0.0,0.0,0.0,0.0,-0.033201581027668015,0.05804988662131527,0.048283885980221035,0.005427408412483015,-0.08791208791208792,-0.08891328210757399,0.0641509433962264,-0.0167648984937786,0.04565030146425486,0.0,0.0
48,2008-05-03,0.025462824276556214,-0.09206632127109116,-0.14369263911266994,-0.12324308107702694,0.08162981792385904,-0.2254579365194409,-0.3560074318744839,-0.3560074318744839,-0.37,-0.3222222222222223,-0.6317377919961369,-5.623507731752262,-2.135852744746701,4.297023563455974,2.521251122418437,0.19378577269010624,0.037719674239176985,0.035516093229744694,0.07422402159244257,0.18674698795180733,0.09939759036144567,0.05673758865248235,0.05474890102570917,0.02224052718286673,0.0135135135135136,0.03555831430534906
49,2008-08-02,0.09588386002267746,0.21536669694394805,0.28978637143302666,0.4479973994422488,0.04491210235641652,0.05904553961322522,0.19014799380242556,0.19014799380242556,0.17460317460317465,0.18032786885245897,0.9115718734633668,-0.5391813676220844,-1.9962713322816577,-0.4410842730973843,0.3043761599161319,0.1130136986301371,0.07434944237918217,0.06645230439442673,0.04271356783919611,0.035532994923857864,0.02356164383561632,0.057046979865771785,-0.04647638292498102,0.0547945205479452,0.013333333333333421,-0.16066191424228793
50,2008-11-01,-0.11931253862724922,-0.2173948419993129,0.022680561936310628,0.0386133232507031,-0.16538606383312582,0.24034400494801636,0.3052612677320883,0.3052612677320883,-0.1351351351351351,-0.13888888888888884,0.08231511254019286,-1.881543321299639,12.46307758744782,-3.1346288107982314,-0.4981156051785559,0.01015384615384618,0.08458285274894273,0.0683417085427136,-0.16626506024096388,-0.029411764705882363,-0.10653104925053523,0.6984126984126984,-0.05231788079470201,0.012987012987013102,0.05263157894736836,-0.24648031014078756
51,2009-01-31,0.043321121569084735,0.10500779760873337,0.009717460692753256,0.017337489476917378,0.056681696972735514,0.19398576225144493,0.1810427844270188,0.1810427844270188,0.203125,0.14516129032258052,2.286076450782333,-1.239612661035748,-0.8018775126165426,-1.7636304170073593,0.7578961036150575,-0.3792263173926287,0.05388160226869898,0.04515522107243641,0.056358381502890076,-0.25505050505050497,-0.4206111443978431,0.03738317757009346,0.012858141160027923,-0.006033182503770718,0.05624999999999991,0.08617655023016524
52,2009-05-02,0.04643056689732239,0.026682696496088454,0.021082127413790445,0.008219086171806778,0.056060992461939074,-0.20570453514919615,-0.2177635410599883,-0.2177635410599883,-0.23376623376623384,-0.18309859154929573,-0.5718143134394927,-4.184796154530888,-0.5041554236373449,-0.8794472046142425,0.05197491121055253,0.4435721295387636,0.08577194752774964,0.06390639063906378,0.05608755129958953,0.3627118644067795,0.3722854188210962,0.03603603603603611,0.009107216779356886,0.0273141122913505,0.035502958579881616,0.018292302898099026
53,2009-08-01,0.021349389870745528,0.001727637447305419,-0.0722601456974904,-0.11581504198045722,0.05573573472384852,-0.034006519877614605,-0.0695406149951604,-0.0695406149951604,-0.06779661016949146,-0.06896551724137923,-1.1241237577770895,-0.19369444910280065,-0.3101872006965607,-3.980933207010896,-0.14727892947626486,0.15295717199184233,0.028810408921933206,0.028764805414551512,0.051813471502590636,0.09203980099502496,0.06932931424265254,0.034782608695652195,0.03377546834404477,-0.003692762186115249,0.02857142857142869,0.1329375401658659
54,2009-10-31,-0.09290186632136432,-0.19479485381068076,0.0951337277326434,0.14490899283734127,-0.15360022980190224,0.1987081791131431,0.3325198047531408,0.3325198047531408,0.3272727272727272,0.31481481481481466,-9.878203674302565,0.29527176927343324,13.547491322183655,1.8501450081442927,-0.49226683866717896,-0.07104952830188682,0.03733815115928918,0.034128289473684285,-0.15394088669950734,-0.11617312072892938,-0.0937279774489077,0.3361344537815125,-0.06693121693121673,0.01186063750926625,0.022222222222222143,-0.29669646957132445
55,2010-01-30,0.08371052759909392,0.1143237067677716,0.013031178524136378,0.00831589442429692,0.11323084851646305,0.18685510167014074,0.26533553520492426,0.26533553520492426,0.2876712328767124,0.23943661971831,1.24052217453505,-0.024139592142589542,-0.9118674215309864,-1.8550898370527316,0.8290425028718156,-0.046334496985084066,0.05224963715529762,0.05208747514910539,0.10480349344978168,0.12628865979381446,-0.08009331259720054,0.02515723270440251,0.027218599376240386,0.03809523809523796,0.016304347826086918,0.10511963743902908
56,2010-05-01,0.04027588294610585,-0.005698446805055712,-0.03204004634443425,-0.05924155166793432,0.06776115779697901,-0.21734330250759715,-0.2855108917469508,-0.2855108917469508,-0.3085106382978723,-0.2727272727272727,-0.6167519925202103,0.6365730583589293,-0.05279350233817381,-1.0639497921591,-0.02898625683463873,0.12978369384359412,0.009655172413793213,0.014361300075585781,0.06587615283267456,0.022883295194507932,0.05917159763313595,0.024539877300613355,0.026359370687275785,0.008468595624558928,0.0053475935828875,0.05692639188155967
57,2010-07-31,0.001146297439607924,-0.006813520698822685,-0.09655489910227888,-0.15647162096606526,0.034809022270160465,-0.12178009934961853,-0.3109598140152773,-0.3109598140152773,-0.3076923076923077,-0.3125,-1.3874509103891468,-0.4317648635967558,0.08574769390671699,8.77185827173082,-0.2917050305516029,-0.04035346097201775,-0.042896174863387926,-0.03837555886736221,0.03708281829419047,-0.09843400447427286,-0.06145251396648044,0.0,0.033750168078526384,-0.027991602519244263,-0.010638297872340273,0.17742996185716176
58,2010-10-30,0.06756196764582856,0.12627626134773196,0.11619927640854046,0.18382604647341536,0.052931423418175916,0.2900089589109358,0.6566732539644287,0.6566732539644287,0.6666666666666665,0.659090909090909,-5.876449358826691,-0.8407549395458567,0.7599617087471578,-2.2025042389461325,0.4952407554629252,-0.16513198281154085,-0.05309734513274333,-0.03719488570321583,0.051251489868891616,-0.19602977667493796,-0.13350340136054428,0.047904191616766616,-0.013787721123829422,-0.004319654427645703,-0.03225806451612912,-0.048620420017873145
59,2011-01-29,-0.0896541066783424,-0.127295197740113,0.13506254375019022,0.11470574627556207,-0.16131262889724618,0.24537078891783715,0.4388292455849408,0.4388292455849408,0.4533333333333334,0.4246575342465755,0.5091487418511638,-0.9396296296296296,7.049156921403317,-1.4926461017831576,-0.16316999568903578,0.2639705882352943,0.06331022007838416,0.05432595573440646,-0.17120181405895696,0.2037037037037035,0.254170755642787,0.3085714285714285,-0.07873911896597198,0.025307302964569844,0.0277777777777779,-0.21710159391786765
60,2011-04-30,0.0407987163631367,0.07993432826530134,-0.04705756172115383,-0.08286553287746568,0.078714940766349,-0.20776358164827624,-0.3232296679742791,-0.3232296679742791,-0.3394495412844037,-0.3173076923076924,-0.5937813021702838,49.19631901840491,-0.9330331877655486,-2.0049317481285778,0.1959474542800721,0.17655613728912156,0.02863623476041965,0.02175572519083957,0.07660738714090297,0.4179487179487179,0.11032863849765252,0.017467248908296984,0.036506800286328016,-0.001410437235543016,0.021621621621621626,0.17749615687450793
61,2011-07-30,0.023192688623835837,0.04774445028856333,-0.029087148896657974,-0.04336610587529843,0.04312448709215455,-0.11543075154524095,-0.29612477217723865,-0.29612477217723865,-0.3055555555555556,-0.2957746478873239,-1.1630278434192949,0.09374236128086033,0.14694752774974762,-2.0686618175444744,-0.1750926112052379,0.06922126081582203,0.022050716648291058,0.01158012700784461,0.043202033036849,-0.0054249547920434136,0.04369274136715995,0.01716738197424883,0.019475138121546776,-0.00423728813559332,0.015873015873015817,0.09523961152682704
62,2011-10-29,-0.10932904219910512,-0.1636151082228755,0.13059323016287028,0.2236322350214064,-0.19446772626068895,0.28732731262183475,0.6278546565922405,0.6278546565922405,0.6399999999999999,0.6200000000000001,-9.389632897431856,-0.486981785674377,11.713625866050807,1.744966993316659,-0.5826392696448308,-0.07676300578034677,0.09951456310679617,0.06646971935007384,-0.19488428745432407,-0.11636363636363635,-0.09520594193112764,0.2067510548523208,-0.09565099580002713,-0.0014184397163119478,0.06770833333333326,-0.31646121642051395
63,2012-01-28,0.13246648656479842,0.3160411099691676,0.07909695031688767,0.061548572919787777,0.15904760384916128,0.2329041697147036,0.4623588620303008,0.4623588620303008,0.4512195121951219,0.4567901234567899,1.3181468196585848,-1.9037246787192328,-0.9218632412092902,-2.7708784560921327,2.472161981816665,0.03380916604057105,0.0331125827814569,0.026662049861495785,0.14674735249621773,0.2860082304526748,0.006716417910447747,0.013986013986013957,0.023520599250936414,0.012073863636363535,0.014634146341463428,0.2397175790055717
64,2012-04-28,0.034620225420900486,0.05229799423353865,-0.09763527958572847,-0.16814014258269527,0.09594737117475848,-0.21749991099929988,-0.32580242510699,-0.32580242510699,-0.32773109243697474,-0.3305084745762711,-0.6940756162963083,-3.8978067004097374,-0.3847005424554412,-0.8297667749145966,0.12120520566208848,0.12354651162790707,0.010921177587844166,0.011467116357504192,0.09630606860158307,-0.02079999999999993,0.07412898443291316,0.013793103448275891,0.059279859484777424,0.006315789473684275,0.004807692307692291,0.26500154389817143
65,2012-07-28,0.01539437866971194,0.03051037643713128,-0.04728498002645587,-0.07452607153802371,0.0393251086710722,-0.18304001334536435,-0.38578116321510747,-0.38578116321510747,-0.3875000000000001,-0.37974683544303794,-1.1632020761062416,-0.5902852865341429,0.7243612810363441,-2.0243286096521653,-0.110732593080619,-0.09637774902975438,-0.018553311413809337,-0.01700566855618535,0.038507821901323736,-0.17647058823529416,-0.11801242236024855,0.013605442176870763,0.023628575376537286,-0.004881450488145146,-0.009569377990430672,0.11350383770442884
66,2012-10-27,0.0957885556592235,0.1673239290559907,0.12879405385242393,0.2288096505233279,0.08423729755996145,0.3186515873642004,0.8049778237092537,0.8049778237092537,0.8163265306122449,0.7959183673469388,-10.85737465520039,-0.0680064961429151,-0.04590984974958268,-3.274270787984328,0.2831947958077341,0.009305654974946398,-0.062215841110313426,-0.04172320217096348,0.0811123986095017,-0.027777777777777683,0.012519561815336422,0.013422818791946291,-0.010664146868250568,0.01261387526278912,-0.05797101449275355,-0.05005358534684323
67,2013-02-02,-0.218863989959078,-0.3167560391182357,0.15246219654735604,0.2411310658120152,-0.35416123170228664,0.2691142260872013,0.463749791254145,0.463749791254145,0.44943820224719105,0.4545454545454546,1.116672976576517,-0.9725549989109128,23.485126859142607,-3.0296920197379618,-0.44794307065472505,0.102127659574468,0.08216381730033162,0.058407079646017664,-0.35798499464094313,0.020408163265306145,0.07882534775888739,0.3112582781456954,-0.1731477691363078,0.0117647058823529,0.05128205128205132,-0.4495012948385939
68,2013-05-04,0.015969487880094002,0.013977527602908156,-0.122357626443648,-0.19647011383727786,0.10590749493352304,-0.2520777005948172,-0.3879653171653954,-0.3879653171653954,-0.3875968992248062,-0.390625,-0.8355937475697954,99.44444444444444,-0.9576045593411108,-0.9894475416020456,-0.008562342697775671,-0.00922350922350923,0.051167177552464034,0.02842809364548504,0.10684474123539234,0.542,-0.03796561604584536,0.010101010101010166,0.08844884488448845,-0.006839945280437743,0.034146341463414887,0.2619469026548673
69,2013-08-03,0.04069340021869538,0.057276583921950015,0.009886134001282576,0.019021424435437195,0.05658940138921409,-0.1378618674734532,-0.3304218150830848,-0.3304218150830848,-0.3417721518987342,-0.3205128205128205,-0.7617898869495293,-0.2910082174462706,0.012431521281078828,12.452830188679245,-0.11618253702798433,0.147001515479541,0.06594885598923295,0.0373983739837398,0.05580693815987936,0.036316472114137584,0.15040953090096787,0.010000000000000007,0.015312310491206738,-0.003443526170798905,0.03773584905660377,0.037535985827120484
70,2013-11-02,0.0799714267622802,0.14367484999477798,0.04195523496848708,0.07369946302241659,0.09872005483790902,0.233226823320962,0.6140629971364937,0.6140629971364937,0.6538461538461537,0.5849056603773584,7.566918189038919,-0.3596344589323526,0.0,-3.0511552373219164,0.2696353368137092,-0.019063797659494064,0.049663299663299736,0.0247648902821318,0.09857142857142852,-0.07133917396745937,-0.030420711974110008,0.00990099009900991,0.0173211885919069,-0.010366275051831408,0.03636363636363616,0.06517021806410295
71,2014-02-01,0.0009344373129980266,0.007859333252815405,0.06005094325519345,0.08827498610780338,-0.026714067508551542,0.18216563619181134,0.4612655233589591,0.4612655233589591,0.4418604651162792,0.4761904761904763,1.4269522286350047,-0.5395057431256527,6.079396462018732,0.2245654442725016,0.26006374148776,-0.0665768712718876,-0.06375300721732158,-0.044967880085653215,-0.0273081924577373,-0.1495956873315364,-0.056074766355140186,0.0696078431372551,-0.02759430500513726,0.006284916201117374,-0.04824561403508765,-0.07390709013792862
72,2014-05-03,0.01265072040095694,0.006631846307181054,-0.11963897311282636,-0.1888459325179728,0.0800375763269141,-0.19859645603674347,-0.3703291514906246,-0.3703291514906246,-0.3709677419354839,-0.3709677419354839,-0.7143239164899815,4.514739229024944,-0.8460746990431114,-0.8575249066917447,0.029405342455782742,-0.07338693052978762,-0.049464668094218456,-0.03267136450992947,0.08021390374331537,-0.04754358161648176,-0.062234794908062274,0.010082493125572745,0.06656603773584903,-0.002775850104094424,-0.032258064516129004,0.24100252434186786
73,2014-08-02,0.030229354813052774,0.039232765979686716,0.00540337387404044,-0.003796924491162201,0.040537429201479735,-0.1323272292260974,-0.34462535482834344,-0.34462535482834344,-0.3461538461538461,-0.3461538461538461,-0.4735891949719177,-0.6328125,0.016424751718869368,-1.0528052805280528,-0.001508402272030973,0.013348164627363657,-0.04843433205676961,-0.03311258278145701,0.04084158415841577,-0.06156405990016645,0.013574660633484116,0.009981851179673429,0.010048117746957352,-0.00695894224077942,-0.023809523809523947,0.04318135588295125
74,2014-11-01,0.0837405492282346,0.1176247073351997,0.09694024500101106,0.15268653273287125,0.07844491867120351,0.2395842613214552,0.6596248927389368,0.6596248927389368,0.6666666666666665,0.6470588235294117,1.920741775689064,3.2069802164986934,-0.00018789928598272887,-51.02734375,0.07557535701640505,0.038199780461031896,-0.04166666666666663,-0.031164383561643864,0.0784780023781213,-0.0035460992907800915,0.043898809523809534,0.009883198562443685,-0.004904021297463812,-0.004905395935529078,-0.029268292682926744,-0.03041867461489178
75,2015-01-31,-0.12087693251712528,-0.18856401461934214,0.048675433794035834,0.06392920538790857,-0.19006681849579726,0.20992399067765002,0.4805249162891472,0.4805249162891472,0.4705882352941178,0.4880952380952381,1.26397042835399,-0.6394126258817266,12.583067092651758,-4.791598344655267,-0.2664168500057608,0.09684922816663133,0.00938735177865624,0.006362672322375529,-0.19294377067254687,0.017793594306049654,0.0969351389878832,0.13345195729537362,-0.078710222472543,-0.007042253521126751,0.015075376884422063,-0.23730858735311866
76,2015-05-02,0.0029134813892628397,-0.010351552270717712,-0.123383853181685,-0.1749392742351007,0.0696440533891769,-0.2324935438888276,-0.4417374819150882,-0.4417374819150882,-0.4400000000000001,-0.4400000000000001,-0.7910583941605841,0.18959153543307086,-0.922781578819932,-1.019028398443131,0.006910581266640793,-0.05436668594563332,-0.016642192853646653,-0.01931858096241656,0.069672131147541,0.17132867132867147,-0.05717998700454841,0.0090266875981162,0.06648326455754239,-0.023404255319148914,0.004950495049504955,0.1994575658266471
77,2015-08-01,0.037359408713216746,0.0485634858621109,0.03553848584659147,0.05325085992406886,0.0381478918270306,-0.13006320367060387,-0.30053619302949064,-0.30053619302949064,-0.29999999999999993,-0.3142857142857143,-0.5859342679843714,0.0361981590650533,8.958967926897543e-05,-14.175324675324676,-0.09042426763325218,-0.10397553516819558,0.0014932802389249213,-0.004297994269340855,0.03831417624521083,-0.16268656716417906,-0.08201240523776697,0.008945935433683383,0.0008598452278589798,-0.0065359477124181655,0.0,-0.004428113811946521
78,2015-10-31,0.0442062592933512,0.09027132461872343,0.005205337965516811,0.021025288697730904,0.061051713736762325,0.18696648633993207,0.5285975895404795,0.5285975895404795,0.510204081632653,0.5625,1.5341918294849024,0.2076055494560336,0.05321150228433225,-0.9155577460160998,-0.008394714922667412,-0.10238907849829347,-0.01739562624254476,-0.017625899280575563,0.0627306273062731,-0.13547237076648855,-0.09459459459459464,0.008866615265998412,0.016036655211912887,-0.019736842105263164,0.004926108374384342,0.06782120437841077
79,2016-01-30,-0.02902221250294545,-0.011812599561588644,-0.06514720735131851,-0.007936434780204116,-0.01424018881807154,0.18503356686784175,0.5139163625219403,0.5139163625219403,0.527027027027027,0.5066666666666666,3.631636586647976,-0.7461773700305809,4.35042953134303,-39.67217898832685,0.3273902659968706,-0.211660329531052,-0.07207890743550828,-0.050530941047235545,-0.01851851851851849,-0.25773195876288657,-0.18905472636815931,0.0477646159724876,0.015219842164599928,-0.019388516032811217,-0.03431372549019607,-0.003928982895630928
80,2016-04-30,-0.013886827765973608,-0.014910566910170118,-0.12996939986261158,-0.20574954007395985,0.03116010692051008,-0.2665052359568836,-0.5749461712582123,-0.5749461712582123,-0.5752212389380531,-0.5752212389380531,-0.8834873405150807,1.583197655486812,-0.8067562196963676,-1.1954471135706202,-0.04820547817724974,0.0057877813504823026,-0.09675660943036256,-0.07944465869649052,0.03183962264150941,0.024999999999999908,0.04498977505112478,0.00911743253099928,0.04566907273736809,-0.04714828897338408,-0.030456852791878156,0.2402870870158373
81,2016-07-30,0.02681921111010777,0.04583116541626797,0.0712255415667753,0.11403570342294288,0.012279642115999634,-0.12887251943188682,-0.3301294540416504,-0.3301294540416504,-0.3333333333333333,-0.3333333333333333,1.6081662472603298,-0.3424933820748771,0.0,-2.8993564993564998,0.09619659094612644,-0.18190537084398986,-0.07875678937839459,-0.06451612903225801,0.012571428571428456,-0.20867208672086726,-0.11839530332681025,0.009035056017347332,-0.014071419089340176,-0.037509976057462084,-0.03141361256544495,-0.061214729794356826
82,2016-10-29,0.00276567459872723,0.02156631984379587,-0.07252698655195289,-0.08386012811088939,0.028853609951570162,0.1275281984568033,0.5122156153050672,0.5122156153050672,0.53125,0.5,-0.3868969810146281,1.4467024539877302,-0.004277722935176032,-1.3501151917604008,-0.03072431365320238,-0.03712387651426341,-0.11005568293481828,-0.09404388714733536,0.028216704288938962,-0.047945205479452135,0.019977802441731415,0.008954154727793595,0.02598626632556877,-0.06053067993366501,-0.032432432432432434,0.11507896077432478
83,2017-01-28,-0.002964384400184983,0.011845009465010879,0.07868253176994155,0.1303470725780569,-0.02846640219878416,0.17033773248109418,0.5384450997991195,0.5384450997991195,0.5306122448979591,0.5625,3.300624397177522,-0.7842031029619182,3.001487111698612,-7.489258757499516,0.20569794976872013,-0.045454545454545525,-0.16635995583364005,-0.16015818091942668,-0.032930845225027316,-0.07194244604316535,0.06202393906420034,0.03549875754348597,-0.02559055118110232,-0.11297440423654005,-0.05586592178770955,-0.10484718351683486
84,2017-04-29,0.00668624654434713,0.02572860628737472,-0.012330216733195787,-0.021375841648414,0.013281026805934015,-0.24185240748678385,-0.5475760522294764,-0.5475760522294764,-0.5466666666666666,-0.5466666666666666,-0.6670601288982271,0.6924473493100944,-0.7478424247429492,-0.6620339994035193,0.05765864777954177,-0.19515306122448986,-0.07505518763796915,-0.07710417892878163,0.01362088535754813,-0.16666666666666674,-0.044057377049180335,0.008570449091532373,0.006599326599326494,-0.03880597014925369,-0.041420118343195145,0.048126977646218316
85,2017-07-29,-0.01740891243121745,-0.02118062563067613,-0.0747150209877464,-0.10840552078584154,0.0019621461661361033,-0.07821400134746126,-0.2948725821307953,-0.2948725821307953,-0.2941176470588236,-0.2941176470588236,-0.9701836488690351,-0.810126582278481,-0.0002456398919183922,-2.081362513236852,-0.058950872669193966,-0.03697834125726352,-0.047255369928400966,-0.04081632653061218,0.002239641657334701,-0.051162790697674376,0.03429796355841375,0.008497620666213512,0.01966818303451978,-0.0269151138716357,-0.012345679012345734,0.09784778692116647
86,2017-10-28,0.025386967755883342,0.045953134503768034,0.04222090304802517,0.0712525858261861,0.02013209398942606,0.1464707385637618,0.7333449447008622,0.7333449447008622,0.7083333333333333,0.7083333333333333,34.1640903686088,7.800000000000002,-0.004750204750204712,-1.7861106577444101,0.049244941568599376,-0.14975315414152499,-0.041583166332665344,-0.04321808510638303,0.02011173184357551,-0.1519607843137255,-0.11295336787564768,0.008426019548365415,-0.0051174386563442855,-0.024468085106382983,-0.018750000000000044,-0.02361785643004444
87,2018-02-03,-0.08502813187037406,-0.1114987901457246,0.032754377329301754,0.0621521637718736,-0.12259117809976385,0.2535141569366983,1.1118870578778135,1.1118870578778135,1.1219512195121952,1.0975609756097562,1.0661075981469583,-0.4911402157164869,7.006830151415405,-5.169106197446278,-0.19567155670972047,0.3729032258064517,0.09670674333507567,0.0917303683113273,-0.12595837897042714,0.34682080924855496,0.4287383177570092,0.0668449197860963,-0.041018201002374084,0.0708833151581243,0.019108280254777062,-0.16348687199055156
88,2018-05-05,7.433341510010294e-05,0.019210502961861886,-0.05385788599286434,-0.07400976446795904,0.020319592688013758,-0.271275233664803,-0.5637444986320923,-0.5637444986320923,-0.5632183908045977,-0.5581395348837209,-0.6836221993093403,-0.04895281352510728,-0.8739863719051584,-1.0821941684719003,0.019995638636831625,-0.017857142857143016,0.045281220209723694,0.043921069382558915,0.02005012531328321,0.1244635193133048,-0.07604251839738341,0.00783208020050119,0.020217301609132262,0.031568228105906426,0.012499999999999956,0.10065164268259584
89,2018-08-04,0.012888456135395687,0.032371820163205944,0.014587141438420216,0.030895654092212725,0.012297155797373671,-0.018628872067429025,-0.1460900861598866,-0.1460900861598866,-0.1578947368421053,-0.1578947368421053,-0.4029796699601677,-1.3374900504112497,-0.0008155941603458228,-0.8297485610421085,0.003337549810852325,0.2167464114832536,0.06657546739626086,0.059146341463414576,0.01228501228501222,0.19083969465648853,0.19115044247787605,0.007771215418091337,-0.00053922890266922,0.039486673247778985,0.018518518518518382,0.001430791622468286
90,2018-11-03,0.025689241449149858,0.04669379665162565,0.03730893357449383,0.09301205850568683,0.02163535895196067,0.06975830515217818,0.3076186218787917,0.3076186218787917,0.3125,0.3125,0.5376483840221817,1.6470125786163523,-0.00873398089951838,14.959074733096086,0.05308702626236328,-0.06252457727093985,0.02693458743052579,0.01899827288428324,0.02184466019417464,-0.07371794871794868,-0.10104011887072817,0.007711289327575477,-0.004046398705152443,0.016144349477682732,0.0060606060606061,-0.04236974996920795
91,2019-02-02,-0.05686511236909653,-0.06721326336358413,-0.08766111661937159,-0.11684319752530492,-0.04595615841104517,0.2292115086910236,1.0089372924399296,1.0089372924399296,1.0238095238095235,1.0238095238095235,2.3871858446973966,-3.5149985149985152,4.03030303030303,-2.053294681681347,-0.053097494351330383,-0.1648489932885906,-0.011240632805995077,-0.003954802259886868,-0.049881235154394236,-0.18339100346020765,-0.16859504132231395,0.03826140189776561,0.01164680390032502,0.009345794392523477,-0.01807228915662651,0.056205787781350436
92,2019-05-04,0.6695650689737569,0.03824183655839675,2.6155667978264945,0.8517701567314726,0.01036110257770817,-0.23863894225678106,-0.6331104898504922,-0.6331104898504922,-0.6352941176470588,-0.6352941176470588,-0.5129847443810411,-0.8232168162494096,-0.7985037977998952,-2.6373451889488724,0.0918140214042773,-0.07634354595680559,-0.033263157894736765,-0.16562677254679525,0.010000000000000007,-0.025423728813559362,-0.07157057654075549,0.007370283018867995,-0.3949129852744311,-0.03055555555555556,-0.14110429447852754,-0.4393326838772529
