,Quarter end,Assets,Current Assets,Liabilities,Current Liabilities,Shareholders equity,Revenue,Earnings,Earnings available for common stockholders,EPS basic,EPS diluted,Cash from operating activities,Cash from investing activities,Cash from financing activities,Cash change during period,Cash at end of period,Price,ROE,ROA,Book value of equity per share,P/B ratio,P/E ratio,Cumulative dividends per share,Equity to assets ratio,Net margin,Asset turnover,Current ratio
0,1998-06-30,2.2708712365398847,2.731053364127193,1.5361883218617425,7.11041207927021,27.25930915759141,1.5059843885516044,1.7145969498910674,1.0515112313301187,-0.5769230769230769,-0.5769230769230769,6.8181818181818175,2.0241878310188084,-0.2513040481933437,-0.3645827069427462,2.9281478013188185,0.4794383149448345,0.04218362282878418,-0.034055727554179634,5.022556390977443,-0.7546666666666666,-0.32515337423312884,inf,7.639498432601881,0.7964928472542685,-0.08333333333333326,-0.5399606155641457
1,1998-09-30,2.2708712365398847,2.731053364127193,1.5361883218617425,7.11041207927021,27.25930915759141,1.5059843885516044,1.7145969498910674,1.0515112313301187,-0.5769230769230769,-0.5769230769230769,6.8181818181818175,2.0241878310188084,-0.2513040481933437,-0.3645827069427462,2.9281478013188185,0.4794383149448345,0.04218362282878418,-0.034055727554179634,5.022556390977443,-0.7546666666666666,-0.32515337423312884,inf,7.639498432601881,0.7964928472542685,-0.08333333333333326,-0.5399606155641457
2,1998-12-31,0.11189622311650373,0.4024596212183325,-0.0535717074474269,0.2008817179278335,-0.02324805295073473,0.0,0.0,0.0,0.0,0.0,6.8181818181818175,2.0241878310188084,-0.2513040481933437,-0.3645827069427462,0.4723192069491282,0.4794383149448345,0.04218362282878418,-0.034055727554179634,-0.029962546816479474,-0.7546666666666666,-0.32515337423312884,inf,-0.12155297532656027,0.7964928472542685,-0.08333333333333326,0.16782928530661434
3,1999-03-31,0.0,0.0,0.0,0.0,0.0,0.9072817886066312,-0.08925705113506077,0.2780898876404494,-0.2727272727272728,-0.2727272727272728,-0.5078079953872765,2.877821752140877,-0.4731316754217517,-3.0462771159083504,-0.6564445943666724,0.3599999999999999,0.04218362282878418,-0.034055727554179634,-0.14157014157014158,0.4021739130434783,-0.32515337423312884,inf,0.0,0.7964928472542685,-0.08333333333333326,0.0
4,1999-06-30,0.9885992266433828,1.2433180558640928,1.4320908657548312,-0.07587714104234178,0.9474945835062,0.40679380863379855,0.3123937810788695,0.2318457053150931,-0.08333333333333326,-0.08333333333333326,-0.28579098940791725,0.38920656595829417,13.779131587270511,-4.104150501276958,5.931220359951693,-0.05583250249252236,0.04218362282878418,-0.034055727554179634,0.4227886056971515,0.10077519379844957,-0.32515337423312884,inf,-0.02065262288310621,0.7964928472542685,-0.08333333333333326,1.4275474464445708
5,1999-09-30,0.18241064820041908,-0.2510466138962181,0.2427880356815737,0.2247812765759154,0.1540527068403048,0.27603286596927523,0.2981774580335732,-0.01445528692106035,0.04545454545454541,0.04545454545454541,1.7739201749589941,0.6492284772280472,-0.6032936236994161,-1.3538704502902776,-0.3028158838628521,0.06071805702217525,0.04218362282878418,-0.034055727554179634,0.11801896733403572,-0.2535211267605633,-0.32515337423312884,inf,-0.02404048924504432,0.7964928472542685,-0.08333333333333326,-0.388506749879766
6,1999-12-31,0.07120132073833353,0.15177721758585114,0.05587623713128687,0.2487016569330569,-0.024089102896278525,0.15434613401801325,0.21760815753500573,0.21760815753500573,0.17391304347826098,0.17391304347826098,-0.5835961367891989,-0.7004397149690895,-0.40035809332004396,-1.2674385423245154,0.11615961508374315,0.21801891488302627,0.04218362282878418,-0.034055727554179634,-0.046182846371347834,0.08962264150943389,-0.32515337423312884,inf,-0.08880726015557472,0.7964928472542685,-0.08333333333333326,-0.0776068626195745
7,2000-03-31,0.09796619446652688,-0.040260103165192684,0.2128997270044948,0.0928009384450148,-0.013188094306464504,0.0879890714210656,0.018144855417665532,0.3668719847073458,0.03703703703703698,0.03703703703703698,1.185314478433229,1.068839021559474,0.3919102432838826,-1.6965838129055957,-0.07249402906824343,0.4903964037597057,0.04218362282878418,-0.034055727554179634,-0.04743083003952553,0.5584415584415585,-0.32515337423312884,inf,-0.10125681764287407,0.7964928472542685,-0.08333333333333326,-0.12177275431290913
8,2000-06-30,0.15647385692907226,-0.2544008335025205,0.2679526164222652,0.29389951486087096,0.02479184571401372,0.19409387978493944,0.7651616748621666,0.5750976735926123,0.5357142857142856,0.5357142857142856,0.15099907943899926,0.7932344573340546,0.5302986935044549,3.4561183235818493,-0.3482909883121853,-0.13024403619413216,0.288095238095238,0.1858974358974359,-0.13485477178423244,-0.08611111111111114,-0.32515337423312884,inf,-0.1139841688654354,0.7964928472542685,0.09090909090909084,-0.4237621079726343
9,2000-09-30,0.2946621890690237,1.1639672652280648,0.08002979451274439,0.31110069601568724,0.5012958514416348,0.17680086816438512,-0.10577410096235018,-0.023070960467902246,-0.16279069767441867,-0.16279069767441867,-0.10270282985580204,-0.4202581782276119,0.7463340955759759,-3.7324463528987466,1.460293510897488,0.01166456494325363,0.10443622920517548,0.00540540540540535,0.485611510791367,0.17021276595744686,-0.32515337423312884,inf,0.15961882072662315,0.7964928472542685,0.0,0.6505230986246622
10,2000-12-31,0.02103753927682761,-0.24682565771825826,0.044850605777515096,0.3348673046343737,-0.014349142239440059,0.15684836959945936,0.11462286415557445,0.13872298681439155,0.11111111111111116,0.11111111111111116,0.2558657753309739,0.02932270148516647,-0.9808224510455404,-1.7488414874332063,-0.4444706942264897,-0.16453723901526973,0.09037656903765699,0.008064516129032251,-0.08393866020984675,-0.4389610389610389,-0.32515337423312884,inf,-0.03466872110939912,0.7964928472542685,0.0,-0.4357714312845714
11,2001-03-31,0.06657074297331245,0.4132909572690751,0.058835446323086675,0.2251505189672367,0.10157332388215434,0.05436370207899066,0.15277119046005816,0.10928117161172636,0.024999999999999908,0.024999999999999908,-0.06295793758480328,-0.473578030177145,25.645808311313964,-1.724605830269481,0.5797462943417513,-0.1794106676613204,0.026093630084420786,0.04266666666666685,0.09867841409691636,-0.10185185185185196,-0.32515337423312884,inf,0.03298749667464751,0.7964928472542685,0.0,0.15357428367063575
12,2001-06-30,0.08783227192480036,-0.0036737686139748367,0.2142616863218092,0.026551296159508686,-0.04066137259600333,0.07730813841551898,0.2450664903386965,0.19915486523526726,0.19512195121951212,0.19512195121951212,-0.8220499454209271,2.168320529236022,0.45380274325792297,-1.2200883287471305,-0.08076954728492303,-0.16000000000000006,0.008975317875841382,0.0,-0.04330392943063355,-0.2371134020618556,-0.32515337423312884,inf,-0.11820757146536187,0.7964928472542685,0.0,-0.02943429259218722
13,2001-09-30,0.006874223248774847,-0.027586340103068263,0.0333699536277392,0.20600846814655285,-0.033622806815245765,-0.048035010635701036,0.3020900947682721,0.2317377473856645,0.22448979591836735,0.22448979591836735,2.2337255883825744,-0.7847228068993776,-0.9997488609604362,1.112680677638282,-0.1856338216237705,-0.3630952380952381,0.17494440326167535,0.1636828644501278,-0.039396479463537186,-0.33108108108108103,-0.32515337423312884,inf,-0.04030373831775691,0.7964928472542685,0.0,-0.1936865839909808
14,2001-12-31,-0.019636752446336225,0.15021357335270435,-0.012606848893216394,-0.16500833057676811,-0.04354519365531362,0.0906152127328339,-0.06599293030000908,-0.04657078790690483,-0.033333333333333326,-0.033333333333333326,1.0603925515853043,-2.276607394274391,124.80246913580248,-3.1898740385322752,0.4991792358788512,-0.12319456244689884,0.11671924290220816,0.10109890109890117,-0.06108202443280985,-0.09090909090909084,-0.32515337423312884,inf,-0.024345709068776644,0.7964928472542685,0.0,0.3774701715137956
15,2002-03-31,-0.012606674731250544,-0.01107756929956638,0.002608116602191401,0.7461192408367421,-0.04691649666250541,-0.07376168204680378,0.0033382177410745677,0.0015489793766776394,-0.0344827586206895,-0.0344827586206895,-0.6986020818458532,-1.1962042766987315,-0.9736015701668302,-1.09176318647889,-0.030554236753077887,-0.1937984496124031,0.12711864406779672,0.08183632734530932,-0.04925650557620809,-0.1444444444444445,-0.32515337423312884,inf,-0.034622582657517165,0.7964928472542685,0.0,-0.4336322111317882
16,2002-06-30,0.0024108552061536948,-0.06475191045992401,0.011456078990292662,0.02534219690832717,-0.018494418307259952,0.02227389548402892,-0.33653148665770405,-0.27562389674326715,-0.267857142857143,-0.267857142857143,2.3631943145689167,2.2390766908684,-36.152416356877325,2.1989505369345914,-0.10082203231207487,-0.34375,0.0035087719298243503,-0.035055350553505504,0.01564027370478982,-0.3116883116883117,-0.32515337423312884,inf,-0.021001615508885352,0.7964928472542685,0.0,-0.08787860684628712
17,2002-09-30,-0.03500942118770667,-0.11862508001991612,-0.036314205890813016,-0.03949349286570469,-0.0213437816734523,0.008393524615241343,-0.04329572290737338,-0.6009792195307347,-0.6097560975609756,-0.6097560975609756,-0.7704684053457895,-1.2098049297811486,6.229008037225043,0.2214183080503032,-0.1369538406701123,-0.5384615384615384,-0.17382617382617382,-0.10133843212237093,-0.02694898941289714,-0.5471698113207548,-0.32515337423312884,inf,0.014191419141914354,0.7964928472542685,0.08333333333333348,-0.08239455069426249
18,2002-12-31,-0.021557918166958068,-0.12530918995258755,-0.030008319291409125,-0.4901223924472836,0.02017957209237009,0.002361228366399404,-0.4681843115743281,-0.022243388614970886,-0.875,-0.875,9.220382782847453,-2.536953358351842,0.31658559777639605,-0.07192679270425584,-0.14727276031315714,0.20238095238095236,-0.2243047158403869,-0.18723404255319154,-0.023738872403560873,0.25,-0.32515337423312884,inf,0.04262935242434107,0.7964928472542685,0.0,0.7154889364739472
19,2003-03-31,-0.019375414302960525,-0.09234662044261144,-0.01250962944664824,-0.08037275930027242,-0.03870730242907172,-0.049293519505529404,0.9774224972780928,1.389175405420893,18.0,18.0,-0.9531285803459256,-0.7958441299581424,-0.8033411667972243,-0.5600300627054191,-0.07598629914059651,0.4719471947194721,-0.12860483242400622,-0.10994764397905744,-0.013171225937183341,0.5,-0.32515337423312884,inf,-0.01966292134831471,0.7964928472542685,0.0,-0.013023217109095377
20,2003-06-30,-0.0007002459219884737,-0.1019835859564503,0.007826485675029637,0.1539426053355759,-0.01860045133967625,0.03450010151159999,0.17119218731888264,0.2101646539628479,0.2368421052631577,0.2368421052631577,14.856035064059341,2.0250183060776177,1.6309961014746597,-0.5602468002651573,-0.03616311982388088,0.5986547085201794,0.06261180679785339,0.07352941176470584,-0.021560574948665368,0.6222222222222222,-0.32515337423312884,inf,-0.01782871696911814,0.7964928472542685,0.0,-0.22178660258842384
21,2003-09-30,-0.04791214394459487,-0.3793323494829125,-0.003495290531983275,-0.05772802189908765,-0.04192272323236978,0.050740184031293316,0.23316549343692405,-0.012228476296178849,0.06382978723404252,0.06382978723404252,-0.5315231027663783,-2.8573042320571265,2.1714555684404933,10.829197588126162,-0.44383100356317773,0.3155680224403927,0.27609427609427617,0.16164383561643847,-0.047219307450157344,0.3424657534246576,-0.32515337423312884,inf,0.0061588330632091895,0.7964928472542685,0.0,-0.3412784398699892
22,2003-12-31,0.04772165797633132,0.4630176334476981,0.08386824730109455,0.7838867236227152,-0.005893264976001622,0.07755001549387243,0.4932081301791769,0.4932081301791769,0.48,0.48,1.6321940813362383,-1.4763994178595476,-1.3732072967592528,-2.0133558790373964,0.8086728308144809,0.1961620469083156,0.3951187335092348,0.4080188679245285,-0.012114537444933848,0.2653061224489797,-0.32515337423312884,inf,-0.05122422680412375,0.7964928472542685,0.0769230769230771,-0.17993421052631575
23,2004-03-31,-0.06314749589281987,-0.4507775492395911,-0.04448653750003406,-0.3832890463537053,-0.10838167256513642,-0.016340615964009708,-0.4851048105348025,-0.4851048105348025,-0.4729729729729729,-0.4729729729729729,-0.7679268870974695,-0.7209100857194966,-3.5951357137673265,-2.278527726052574,-0.6291630895254818,0.10338680926916233,0.02884160756501175,0.03685092127303169,-0.117056856187291,0.11290322580645153,-0.32515337423312884,inf,-0.048217317487266535,0.7964928472542685,0.0714285714285714,-0.10940633774568786
24,2004-06-30,-0.012797425401160243,5.604194978849203,-0.003238823376959909,3.511925759438811,-0.0372738067719075,-0.3951893887816482,-0.3373957748868041,-0.3373957748868041,-0.3076923076923077,-0.3076923076923077,0.0,0.0,0.0,-1.179369907165717,0.12346269353004645,0.19547657512116312,-0.07261029411764698,-0.05492730210016139,-0.045454545454545525,0.3550724637681162,-0.32515337423312884,inf,-0.024616482340349632,0.7964928472542685,-0.06666666666666654,0.4637991217205271
25,2004-09-30,-0.22591204153193126,-0.5752568763118757,-0.4192810042009848,-0.8995821086897156,0.11900335155387287,-0.005529068997483733,-9.874675068924773,-9.874675068924773,-8.333333333333332,-8.333333333333332,-0.2856559051900286,24.616402548603173,3.5709466663404026,10.902309395760836,2.929288839751476,-0.061486486486486476,-1.469276511397423,-1.494017094017094,0.12698412698412698,-0.016042780748663166,-0.32515337423312884,inf,0.4455010972933433,0.7964928472542685,-0.07142857142857151,3.2296153846153848
26,2004-12-31,-0.052261862632843936,-0.3554059548541224,-0.01524907463664904,0.5853326214866472,-0.0380216547103035,-0.6473549289209974,-1.1955571433643402,-1.1955571433643402,-1.2222222222222223,-1.2222222222222223,2.6860307884335346,0.0020535976224187453,-0.9304426363780278,-1.3364183092701667,-0.25080019286530475,0.1569474442044636,0.3769799366420272,0.4844290657439447,-0.04342723004694826,0.027173913043478267,-0.32515337423312884,inf,0.014929149797570984,0.7964928472542685,-0.15384615384615385,-0.593398199508957
27,2005-03-31,-0.058657269942045565,-0.3152763002224963,-0.06541498570739424,0.19553785978636465,-0.06737964414752197,1.966372115856652,0.461051413269185,0.461051413269185,0.4090909090909092,0.4090909090909092,-0.6184691358024692,-0.9386456211812628,1.1987949820236827,-0.032798369298998716,-0.324555495214653,0.02426882389545737,-0.2154907975460122,-0.1445221445221444,-0.04171779141104304,0.06878306878306882,-0.32515337423312884,inf,-0.009224632261281562,-0.08065759054713584,-0.09090909090909084,-0.4272934651339625
28,2005-06-30,-0.024532407051312544,-0.10402306225709468,0.1368970127208935,-0.4201569221199157,-0.2257735913491564,0.06734349638776617,0.7664587879870457,0.7664587879870457,0.7580645161290325,0.7580645161290325,0.2769498169446396,0.1089211618257262,-0.2377504537794957,-0.3241028154440996,-0.32399491486045884,0.10753341433778862,-0.9638318670576737,-0.9618528610354224,-0.22023047375160051,0.15346534653465338,0.5,inf,-0.20634121791645688,-0.9664710813076278,0.2,0.5452983442674164
29,2005-09-30,-0.008296256345888042,-0.4692421801069081,0.038616805953160416,0.4417348973250883,-0.09420643420700824,0.02404508453350029,-0.8766063899477249,-0.8766063899477249,-0.8440366972477065,-0.8440366972477065,0.3659716188821316,19.216557530402245,-0.8770729467331408,0.5115981146517343,-0.7244769502861423,0.24081184860120675,-85.1891891891892,-79.28571428571429,-0.07717569786535294,0.592274678111588,0.0,inf,-0.08655675332910584,0.0,0.08333333333333348,-0.631860911755787
30,2005-12-31,-0.007603704181460834,0.06637400552233275,0.07706639133734416,0.6293527361560087,-0.017412433354624283,0.04970387323328507,-0.38505665217701135,-0.38505665217701135,0.0588235294117645,0.0588235294117645,0.0,0.0,0.0,-0.9659723258640172,-0.0832796075683252,0.16445623342175053,-0.04719101123595504,-0.12773722627737227,-0.02846975088967973,0.2641509433962266,0.0,inf,-0.010065949323151746,0.0,0.23076923076923084,-0.3455518945634267
31,2006-03-31,-0.0001357920488793685,0.1757111547933754,-0.0045478435899848355,-0.03411788528566562,0.010710503268905658,0.013386814015933224,-0.6105220464685092,-0.6105220464685092,-0.6666666666666667,-0.6666666666666667,0.1856170627769416,-0.8960969854012909,-0.9393777682907306,-6.016134085213031,0.4895884295499022,0.12338648443432045,-0.23012129380053906,-0.2960251046025105,0.0146520146520146,0.15565031982942412,0.0,inf,0.010869565217391351,0.0,0.0625,0.21732745961820865
32,2006-06-30,0.10442688941201084,1.6960246599456528,0.27823820080336104,-0.6035135689689011,-0.2467059110980129,0.06082719732844288,0.9837845879202618,0.9837845879202618,0.5,0.5,0.2178927792282108,0.19082609663772002,-338.65052816901414,12.276832276801047,4.363744598741674,0.05407232173031429,-0.7435448577680526,-0.7711738484398216,-0.19675090252707586,0.03874538745387457,0.0,inf,-0.3177245924384321,0.0,0.0,5.799414096157158
33,2006-09-30,-0.009319136418654672,-0.6702368953409301,0.001544020363271725,0.054912108001687436,-0.055288233792666015,0.03696536206754186,0.1669291338582677,0.1669291338582677,0.11111111111111116,0.11111111111111116,-0.11094307486748788,11.657329842931937,-1.4652828289938498,-2.073729196263089,-0.8735464365330705,0.0910548252645078,-0.12286689419795215,-0.20779220779220772,-0.0561797752808989,0.3587921847246893,0.0,inf,-0.046771733604473835,0.0,0.0,-0.6874065438325265
34,2006-12-31,0.10765657957125874,2.458648924396486,0.17302838316598712,0.07069538277779852,-0.1077046325486568,0.04927863680022293,-0.5967482809588073,-0.5967482809588073,-0.5,-0.5,0.5992469158230251,-0.8674957232381071,-3.6612352845592233,-2.1536019942564364,7.969130197929907,-0.013811342932706359,-0.11673151750972754,-0.24590163934426235,-0.3642857142857143,0.044444444444444516,0.0,inf,-0.19413333333333327,0.0,0.0,2.230338900599968
35,2007-03-31,1.12300286366738,-0.486929816118706,0.7393507207333538,0.2938270375258347,3.61492752032644,0.4973795419297007,5.8352191235059765,5.8352191235059765,2.6,2.6,-0.4965095625593787,10.90982674426383,-0.9647877241297996,-1.889007884063255,-0.7898892555625291,0.009237187127532742,0.14757709251101314,0.3695652173913044,3.5955056179775284,0.588235294117647,0.0,inf,1.1733951025810725,0.0,-0.11764705882352955,-0.6034435157995129
36,2007-06-30,-0.000666722556195043,-0.08794308962896191,-0.0003549928501233035,-0.08231521898119276,0.00638218866523288,0.08603175709276578,-0.23666969760555825,-0.23666969760555825,-0.2777777777777777,-0.2777777777777777,0.4353515464763311,-0.8539654010334756,-2.4825998564936618,-0.9314280832158572,-0.2577889124429884,0.028638913492766708,-0.13051823416506714,0.007936507936507908,0.005704971475142706,-0.7762017336485422,0.0,inf,0.007003654080389721,0.0,-0.06666666666666654,-0.006139240506329191
37,2007-09-30,-0.010799995443000143,0.12567179169382325,-0.0017307080141052422,0.07098725299799913,-0.029282636057893382,0.02588152944264599,1.0468234575442883,1.0468234575442883,1.0,1.0,0.4529021748449602,-0.0951153846153846,-0.8354103649929421,-1.8525417393471215,0.2961095724424441,0.07778415614236489,0.17660044150110374,0.2755905511811023,-0.03079416531604529,0.07042253521126772,0.0,inf,-0.01874811006954935,0.0,-0.07142857142857151,0.051073043367509514
38,2007-12-31,-0.0017306732445512285,0.1799511176498505,0.033063856643531286,0.4568700481332222,-0.07117896130429258,0.06657967157933031,0.1963201169922253,0.1963201169922253,0.15384615384615374,0.15384615384615374,0.27796846877858306,0.5407404258936541,15.08184268561627,-2.6279503105590063,-0.371922004640991,0.05539280958721715,0.23076923076923084,0.30246913580246915,-0.0593645484949833,0.08881578947368429,0.0,inf,-0.06933744221879823,0.0,0.0,-0.1900636170857316
39,2008-03-31,-0.0016942958293911794,0.09271902746075966,0.014690562466321387,0.1628605300722874,-0.038190211218439685,-0.01210673760472114,-0.8356846162481757,-0.8356846162481757,-0.7666666666666666,-0.7666666666666666,-0.4782822841311375,-0.4337131139249818,-1.2310071613591345,-1.4934578180757232,0.2922054621569539,-0.09134494070148892,-0.10365853658536596,-0.12796208530805686,-0.0417777777777778,-0.033232628398791486,0.0,inf,-0.0367549668874172,0.0,0.0769230769230771,-0.06036804308797127
40,2008-06-30,0.0007122007135760278,-0.007519876325088327,-0.01705425331772603,0.006468332219830897,0.042182677022658766,0.02399216450228137,-5.580505579594625,-5.580505579594625,-3.8571428571428568,-3.714285714285714,1.187854024073637,1.2690883699782405,-1.5146098542312512,-0.9307772774821486,0.015653282869837026,0.08219938905859481,-0.4676870748299319,-0.4836956521739131,0.0287569573283859,0.13124999999999987,0.0,inf,0.041595049845307715,0.0,0.0,-0.013852400286601394
41,2008-09-30,-0.002668016820292718,-0.0593390372982936,-0.0012133170126933381,0.03479593078942589,-0.006207998669377046,0.012740011541106709,-1.533767546694509,-1.533767546694509,-1.65,-1.6842105263157894,-0.12591104308955692,0.2025548359394569,-2.9653934888490134,-17.852825229960576,-0.25973631447840084,-0.1624326404926867,-0.3354632587859425,-0.34736842105263155,-0.014427412082957612,-0.1878453038674034,0.0,inf,-0.003630363036303597,0.0,0.0,-0.09098248163397116
42,2008-12-31,-0.008434845809012879,-0.043578026865165535,0.05021126331811265,0.8520052561951186,-0.1391176975895999,0.019966280558244117,0.981463656968982,0.981463656968982,0.8461538461538459,0.8461538461538459,0.2900404183764771,-0.3617136498074852,0.6319290465631928,-4.201364522417154,1.1232627489603852,-0.4255514705882353,-0.22115384615384612,-0.24193548387096764,-0.1390667886550777,-0.41496598639455773,0.0,inf,-0.1318317323617092,0.0,0.0714285714285714,-0.483570159857904
43,2009-03-31,0.03746298153916894,0.930834267717574,0.04474957547477998,-0.3299063471555376,0.02224816034670352,0.027773951461907757,-1.1574815488036103,-1.165739536487143,-1.0833333333333333,-1.0833333333333333,-0.2941056886263349,-0.6564047101820861,13.959558823529413,4.530268525847896,2.9256598741133497,-0.002666666666666706,-0.4753086419753085,-0.4893617021276596,0.014877789585547418,0.15697674418604654,0.0,inf,-0.014498283098054232,0.0,0.0,1.88134135855546
44,2009-06-30,-0.018371328559894876,-0.2087418697472937,-0.04512510190364627,0.3101280991883355,0.05345518908701119,0.017284257030105943,-12.121094527363185,-12.025716176609626,-21.5,-21.5,0.2824205051754223,0.10227118552085313,-2.0254175259384315,-1.6041337273572067,-0.4502401790798852,0.2614973262032085,7.211764705882352,6.833333333333334,0.05235602094240832,0.24120603015075395,0.0,inf,0.07317073170731714,0.0,0.0,-0.3960608773500447
45,2009-09-30,-0.0065571732266355145,-0.08896111079632074,0.0003697234758273105,-0.11984600472361395,-0.024774207225026882,0.04685586302131872,-0.7169200211153561,-0.6840909285793909,-0.6829268292682926,-0.6829268292682926,-0.17955746367239103,-0.1869184185909113,-0.5902704871269177,-0.7588537186347267,-0.19749305201066306,0.16659601526070378,0.05157593123209181,-0.005319148936170136,-0.025870646766169347,0.10931174089068828,0.0,inf,-0.018398268398268414,0.0,0.06666666666666665,0.035082518035379096
46,2009-12-31,0.04515664511062867,0.7711319382845669,0.05311293529305483,0.16969182756737974,0.02945160957816273,0.03371174072839733,-1.6012832263978,-1.2102277354034907,-1.3076923076923077,-1.3846153846153846,0.4296421527190757,0.8662690363014319,-3.423645727365209,-8.517080322863448,1.8499168622666289,0.2619912790697674,-0.3596730245231609,-0.4278074866310161,0.023493360572012238,0.2956204379562042,0.0,inf,-0.015067989709665497,0.0,0.0,0.5142257017376357
47,2010-03-31,-0.036151432295731034,-0.3193590812293641,-0.019124664968259708,-0.16805219432307172,-0.08480298449616364,0.0017653265515935601,-7.269711942809082,-17.07178825048418,-11.75,-9.6,-0.5255345387790498,-0.07657241121980496,-2.0389437316201064,-1.7412806772367615,-0.4811746064066118,0.07399942412899517,1.0170212765957447,1.1401869158878508,-0.07684630738522946,0.04788732394366213,0.0,inf,-0.050373134328358216,0.0,0.0,-0.18184110970996206
48,2010-06-30,-0.019705016112386287,-0.17424812884411522,-0.00040846765219360037,-0.08752167759047202,-0.07634899612576329,0.0265570176919252,-0.1816055334311465,-0.2164834988270832,-0.16279069767441867,-0.16279069767441867,0.9458323937477005,-0.028495634300170436,-0.33535587673847833,-0.5784375423843755,-0.3909699720248757,-0.004557640750670111,-0.03270042194092815,-0.05240174672489084,-0.07567567567567557,0.07795698924731176,0.0,inf,-0.0577603143418467,0.0,0.0625,-0.09509864364981513
49,2010-09-30,0.02905872968372392,0.12211199028887898,0.05314354086683215,0.17000805286592935,-0.04056169223201112,0.0564820762638476,0.3830905402913516,0.43762368116150063,0.3611111111111112,0.3611111111111112,-0.02745959133882281,2.3678366697408637,-1.3344160654654038,-1.3982523534673024,0.2556601552334492,0.08349043899811459,0.4743729552889857,0.4423963133640554,-0.04210526315789487,0.1745635910224439,0.0,inf,-0.0679733110925772,0.0,0.0,-0.04087889626980057
50,2010-12-31,-0.01724479740533447,-0.2772883647861276,-0.03116456022049563,-0.3417573541597304,0.026866196857806782,0.029932142190126413,-1.3010095623254747,-1.3657014478282576,-1.2040816326530612,-1.2448979591836735,0.2278297626812502,-0.5033720293388031,-4.355724445050326,-4.093259225748079,-0.6298066642761506,0.06338553318419105,-0.07988165680473369,-0.05431309904153359,0.026862026862026992,0.10828025477707004,0.0,inf,0.0451901565995525,0.0,0.0588235294117645,0.09793997513763086
51,2011-03-31,-0.0069090978209239715,-0.05333259958359704,-0.011750070122369729,-0.10922576181997568,0.0071641422392412215,0.005490475787505389,-0.015305494721818969,-0.3209946367625548,0.2,0.0,-0.3486706678585111,-0.4292201403379789,-0.6425415804814636,-0.8421973590740044,-0.26846824430601346,-0.033894343151005264,-0.5008038585209003,-0.5101351351351351,0.008323424494649291,-0.059386973180076574,0.0,inf,0.014126712328767166,0.0,0.0,0.06275778406793386
52,2011-06-30,-0.0011420389001108866,-0.008000837094120805,0.010777714399364148,-0.028406356546117006,-0.03831024665312166,0.002598995268906945,-0.2285528650323613,-0.26272403492647056,-0.25,-0.25,0.2257085496494502,0.4290801636611608,-0.4796761056918269,-1.8538611763927049,0.3133624878522838,0.019114444713283385,-0.8099838969404187,-0.8482758620689655,-0.024764150943396342,0.012219959266802416,0.0,inf,-0.03714647530603632,0.0,0.05555555555555558,0.021002967810668682
53,2011-09-30,0.005574695820639075,0.020193693816877637,0.016269923577985734,-0.012419641850969554,-0.02342204347154231,0.027075805059000316,0.6610411065401185,0.7038840624878258,0.7777777777777779,0.6666666666666667,0.09706004670654857,1.2433990774614283,-0.3632260060792486,-2.263451697937665,-0.3014539938584483,-0.02279202279202286,-6.5,-8.09090909090909,-0.016928657799274327,0.00201207243460777,0.0,inf,-0.028934677772906595,5.449999999999998,0.0,0.03301781322203179
54,2011-12-31,0.009755712201654276,0.1471854177835643,0.003635514117825922,0.06706401227065495,0.03163901356729748,0.010874070556916582,-0.04616014665158552,0.004069780734846873,-0.0625,0.06666666666666665,0.09748345143323701,-0.3951114025914175,1.292296698585108,-1.1410162002945508,0.06085482760447002,0.015792031098153636,-0.04160246533127887,0.05128205128205132,0.031980319803198036,0.03212851405622485,2.105169340463458,inf,0.021670428893905136,-0.05813953488372081,0.0,0.07503607503607501
55,2012-03-31,0.14979095496143424,1.7505691377146366,0.19543498191819889,0.059029211203016185,0.14679506924058505,0.062128588506384474,0.02289873443601653,0.07940339291813725,0.13333333333333353,0.0625,-0.13799553618875549,1.7854910234620718,-14.777906628759537,213.0043516100957,12.276135796305542,0.20306146854819415,0.05466237942122199,0.018292682926829062,0.1132300357568532,0.16731517509727634,0.11056257175660167,inf,-0.0026513477684488858,0.0576131687242798,0.0,1.5973154362416109
56,2012-06-30,0.0390130656077996,-0.5515133715895969,0.03660932744921963,0.14860441196500118,0.046740511903013086,0.06119856092941477,1.318822330155304,1.4474283785494282,1.3529411764705883,1.3529411764705883,-0.0005055113061919191,2.7614079874321904,-1.050406676241908,-1.9836767104123367,-0.9095831092692944,0.10457256461232613,0.4862804878048778,0.39520958083832336,0.046038543897216185,-0.008333333333333305,0.007650160239842885,inf,0.007532122286220576,0.5006485084306096,0.0,-0.6095348837209302
57,2012-09-30,0.011013380563208663,0.05177307843216839,0.0063643700500570785,0.08728461494426765,0.02640515199998883,0.061187578030130974,-0.6375837190659668,-0.6375837190659668,-0.6499999999999999,-0.6499999999999999,0.23429346820452726,-0.8503195817469226,-0.6723283539212871,-1.0234912543449208,0.2363192097738498,0.11339092872570178,-0.06358974358974356,-0.0815450643776825,0.02661207778915053,0.06386554621848739,-0.27875243664717353,inf,0.014951627088830357,-0.05358686257562662,0.0,-0.0326914168486534
58,2012-12-31,0.2632050657253031,1.0341816572675255,0.3414297316598347,1.3276014117638208,-0.0004527092317649917,0.08489756766456846,-1.4639077179212747,-1.4639077179212747,-1.5,-1.5,0.2397759299606228,15.699673009249167,-152.0036164383562,13.187829989440338,2.711966897386945,0.09699321047526666,-0.2902519167579409,-0.3411214953271028,-0.0009970089730807485,0.06951026856240118,0.1095305832147937,inf,-0.20840554592720967,-0.3022831050228311,-0.05263157894736848,-0.12601765068071413
59,2013-03-31,-0.044515939718966835,-0.4527275877682246,-0.05553370537421853,-0.4848956827035088,0.003970060699359568,0.09787015622612504,-1.7927198154319406,-1.7927198154319406,-1.7142857142857144,-1.7142857142857144,0.1552888161580659,-0.9518815343485941,-1.158387570142564,-1.869869534610387,-0.6355275917383385,0.043471853816681394,-0.18672839506172845,-0.2340425531914893,0.001996007984031989,0.04431314623338278,0.4184615384615384,inf,0.05035577449370554,-0.2303664921465969,0.0,0.062387475538160375
60,2013-06-30,0.001306228230207207,0.016929450032643345,0.00482105153550072,0.010306982463073931,-0.013198491194283624,-0.006934572872469791,2.3863019014357785,2.3863019014357785,2.6,2.6,-0.04614026640988599,0.1350530166801016,-0.6343304611592098,-0.8788623132346283,-0.21122680508500916,0.045897472108459285,-0.4155597722960152,-0.4351851851851852,-0.008964143426294813,0.043847241867043696,0.2872378886478668,inf,-0.014590932777488241,-0.44557823129251706,0.05555555555555558,0.006557618626584327
61,2013-09-30,0.011368265954029066,0.13605456863462506,0.008228386759282502,0.05513832703609767,0.024558024257145483,0.019116158317549425,-0.1245822112721786,-0.1245822112721786,-0.11111111111111104,-0.11111111111111104,0.019890197914418817,0.07590822179732304,-0.8189273855021615,-3.700579769857853,0.7231924719827247,-0.02281933567377803,0.03896103896103886,-0.016393442622950838,-0.10251256281407027,-0.01490514905149054,0.6937930066001967,inf,0.01322051824431525,-0.0030674846625765584,0.0,0.07671473537808349
62,2013-12-31,0.32293642194171324,-0.10714110679803923,0.08619146332596195,0.11279530628878455,1.3220858258139871,0.06601270800037917,-1.5137010210315036,-1.7616065974343311,-1.6875,-1.6875,0.4301801397939313,31.293006930869023,-163.21345282170168,-0.9482907054041391,0.02170144844019406,0.016305098797844364,-0.375,-0.09999999999999998,1.3213885778275478,0.13342503438789555,-0.04721634954193088,inf,0.7552192066805845,-0.19692307692307687,-0.05263157894736848,-0.19763410157046712
63,2014-03-31,-0.0012256427656778255,-0.045273630168828134,-0.0013720789764967154,-0.06361161680462513,-0.0012202028753304226,0.09710565505079403,-5.310583538605283,-3.592454667850697,-3.4545454545454546,-3.4545454545454546,-0.0915444218761754,-0.9598622787102956,-1.0372129106460548,-5.8170706006322455,-0.10231698255100853,-0.014411964649898025,0.5599999999999998,0.8148148148148147,0.0,-0.5752427184466021,0.12639227288548538,inf,0.0,0.8659003831417624,0.0,0.019572953736654908
64,2014-06-30,0.0049778640061535215,0.11202814138275753,0.011560250206105628,0.12368976890234262,-0.008228508159198844,0.04611564587019812,-0.6649260569277909,-0.7457237569060773,-0.7407407407407407,-0.7407407407407407,0.1079542788372625,-0.05207155063926472,0.03919545566580118,-2.1787198669991685,0.13434927220413195,0.029383363222513562,-0.3269230769230769,-0.16326530612244886,-0.008683068017366069,0.02857142857142869,-0.4235389547684344,1.0,-0.013083556348498449,-0.2340862422997947,-0.05555555555555547,-0.01038809939333496
65,2014-09-30,0.005456689147413929,0.03276088741076188,0.009388497024822584,0.062432935701200336,-0.002384957569500301,0.01492887504160545,2.1443735481784234,3.169129150008692,3.1428571428571423,3.1428571428571423,0.0676668501941986,0.5129219722602474,-0.3200273584229193,-0.5890802464553485,0.04866822871561771,0.02881265076387018,0.2047619047619047,0.2926829268292681,-0.002433090024330897,0.038888888888888966,0.31901634950415425,0.5000000000000002,-0.007833684844832711,0.3297587131367292,0.0,-0.02788041652670481
66,2014-12-31,0.01724409016947903,-0.04831757416006421,0.034760020298640004,0.06311504588045658,-0.018809275243412138,0.04036343109056206,0.3846470351702405,0.4287367104440276,0.4137931034482758,0.4137931034482758,0.10581163633987778,0.8854953752232151,-1.1301621551465402,-6.684220034323909,-0.26380213791657936,0.038296209456819115,1.0039525691699605,0.7735849056603774,-0.018536585365853564,0.040106951871657685,-0.2212852425704852,0.7809523809523811,-0.035529911934406244,0.8931451612903225,0.0588235294117645,-0.10487214927436073
67,2015-03-31,-0.001787755123662027,-0.004281257581840947,0.009762288727623192,-0.08563466769009997,-0.026727067660776704,-0.027453481113394074,-0.17075032079421892,-0.18444916212529092,-0.1707317073170731,-0.1707317073170731,-0.027655623549271983,-0.5966115076907476,-11.73420167019818,-2.0254727474972194,0.3674581482746839,0.05382009785472341,0.07692307692307687,0.0478723404255319,-0.02683896620278348,0.07197943444730083,-0.4730902211494553,0.4385026737967914,-0.024874055415617158,0.04366347177848784,0.0,0.08897896159042662
68,2015-06-30,-0.004446618287755388,0.20489825490504726,-0.06457079840326496,-0.0507460870728933,0.13271426648227247,-0.044169984941567535,8.393176802104458,9.218829949011539,9.088235294117649,9.058823529411764,0.004711432874560106,-4.982420542287664,6.268443634210207,0.5256690375466815,0.4099719761985068,-0.002619047619047632,2.961538461538461,2.7005076142131985,0.13278855975485193,0.026378896882494063,-0.06549461433700621,0.3048327137546467,0.13787536325476268,3.059183673469388,0.0,0.26931939028713203
69,2015-09-30,0.046831923407747215,-0.08338612691935998,0.08436208170073423,0.05677454744925936,-0.022140434205500714,0.020757429369705704,-0.9100202885482416,-0.9187806327760966,-0.9183673469387756,-0.9181286549707602,-0.19761537049236988,-2.4084073928785603,-1.5784504490687934,-2.569157796376046,-0.4562578076778822,-0.031153019813798036,-0.016181229773462813,-0.016460905349794275,-0.02209197475202873,-0.14485981308411222,-0.7588765235824059,0.2336182336182337,-0.06583427922814977,0.0012569130216188995,-0.05555555555555547,-0.1325839558751658
70,2015-12-31,0.0018458654813653386,-0.04209998135441162,0.012990753653202571,0.03738681595358395,-0.020866806264875915,-0.01394281930101826,0.3592923423814067,0.401877519346425,0.3928571428571428,0.3571428571428571,0.34999300089373203,-0.7830302089269364,-1.3251792381962395,-0.9656554018628676,-0.028818788155293373,0.025378834544782517,-0.017857142857142794,-0.015341701534170247,-0.020746887966805128,0.049180327868852285,0.02747252747252737,0.20323325635103928,-0.022782503037667046,0.012051217675119295,0.0,-0.07662588538312942
71,2016-03-31,-0.014430498481025287,-0.16342809390111546,-0.025541338529997626,-0.05076522530042593,0.008995769774986506,0.032119526436365176,-0.6608679625140006,-0.7167426519770276,-0.7179487179487181,-0.7105263157894737,-0.1272886797343915,-0.6510518685745272,0.4675629652592288,-0.4142480211081794,-0.01738157821150943,-0.013817133245224156,-0.07129186602870807,-0.055240793201133176,-0.0023540489642183138,0.005208333333333259,-0.006951871657753904,0.17082533589251425,0.023624494870997825,-0.04887124782932273,0.0,-0.11872384937238499
72,2016-06-30,0.020021087333413682,-0.0039798655592399035,0.04390653731684924,0.0788451448741665,-0.02861556992778125,0.029993022140790027,0.7988712374581939,1.037320522215889,1.0,1.0,0.0979513590582557,6.074168040931963,-1.6203934118845345,-9.57014157014157,0.15159759137630768,0.1393762183235867,-0.7573415765069551,-0.7421289355322338,-0.028787163756489043,0.1424870466321244,0.20193861066235866,0.14426229508196742,-0.04767689037351952,-0.7652582159624414,0.0,-0.07675568743817995
73,2016-09-30,0.0008418244799797138,0.026980913999865352,0.014024483242656816,0.0248571859117499,-0.028005383181831208,0.030763428022805295,0.143019823839736,0.16397330171460545,0.18181818181818188,0.18181818181818188,-0.1956006451277249,-0.6075108937996497,-1.7899283125702532,-2.7314536717224813,-0.2279304925421819,0.029940119760478945,0.0,-0.011627906976744096,-0.03158406219630705,0.06122448979591821,3.358870967741936,0.1275071633237821,-0.028698979591836763,-0.03555555555555545,0.0,0.002035568887936545
74,2016-12-31,0.022703197221072943,0.5777068508649179,-0.01945964997030092,0.0708636595532326,0.11895642059032085,0.040725149594361465,0.2678059492100928,0.4273827101145715,0.34615384615384603,0.34615384615384603,0.2354644093404461,0.030458901423572993,-2.2060485466128963,-9.919967909104708,2.633354457524373,-0.09042774086378737,-0.031847133757961776,-0.05294117647058827,0.051680883090817975,-0.05982905982905973,-0.07164148422242789,0.12071156289707766,0.0942219304005254,-0.04838709677419351,0.0588235294117645,0.4733240671442318
75,2017-03-31,0.04858855699460896,-0.3082155951148924,0.085685075456855,-0.061538141477393886,-0.025622873279022462,-0.015956746117843926,-0.04467199640763697,-0.04467199640763697,-0.05714285714285705,-0.05714285714285705,-0.0658717744147721,5.514492941041717,3.671575443062763,-1.8809543487772864,-0.6384912587936201,0.023855724232393568,0.2456140350877194,0.17391304347826098,-0.04055343511450393,-0.027272727272727337,0.056576616474756536,0.10770975056689336,-0.07080708070807085,0.22881355932203395,0.0,-0.26284470246734404
76,2017-06-30,0.02972564649249887,0.038066493607391116,0.02924160205569093,0.1060934720320994,0.030804592393813838,0.022041612611743533,-0.058956839967097,-0.058956839967097,-0.06060606060606066,-0.06060606060606066,0.09398285555445952,-0.4832614067734798,-0.5627185039865188,-0.9847436721696876,-0.02694549495107024,0.10312151616499432,0.06690140845070425,0.03174603174603163,-0.0711089010442566,0.14953271028037385,-0.1061511055223725,0.09723643807574224,0.0009686793671295213,0.07093596059113305,0.0,-0.06152785981492415
77,2017-09-30,0.2666325867445114,6.85691160316818,0.08560244096555357,0.0510656250250523,0.6695409897014732,0.02398358911141396,0.02747203739051329,-0.23953297536436124,-0.29032258064516125,-0.3225806451612904,-0.009907441748955416,-0.6743984905875755,14.17701870052557,-1180.1410743353226,32.65237425061228,0.020818595250126304,-0.17161716171617158,-0.05128205128205132,0.6697002141327624,0.09959349593495936,-0.052637749120750255,0.08861940298507465,0.3180645161290323,-0.022079116835326595,-0.11111111111111104,6.475401237805518
78,2017-12-31,0.03926943059915722,-0.8483147157255515,0.08457539342566056,0.2318788487812133,-0.02629744864638961,0.16445236155968845,-0.14835842144556144,-0.18196319450146026,-0.2727272727272727,-0.19047619047619035,0.2974303678531072,24.36034721051745,-0.9224831503646584,-1.9824478090323585,-0.9532537972899484,0.060786060786060865,-0.22908366533864544,-0.14054054054054044,-0.027893555626803512,-0.3641404805914973,0.10493750773419143,0.08997429305912608,-0.06314243759177696,-0.16556914393226718,0.0,-0.876864572078077
79,2018-03-31,0.0006338899339954908,-0.05272627846672195,-0.02375446997579944,-0.08132765567510425,0.03994770437541462,0.049196746601620316,0.1620321291690452,0.2330633020288193,0.3125,0.23529411764705865,-0.27898611410204266,-0.9489575306716724,-1.3320452151877074,-0.9851679302549242,0.0983972950772698,0.0043863742417171725,-0.19638242894056845,-0.07547169811320764,0.020118733509234762,0.03197674418604657,0.18165528054653368,0.08254716981132071,0.039446185997910055,-0.14205186020293126,-0.0625,0.03111111111111131
80,2018-06-30,0.003844961240309974,0.08379888268156432,0.020084457719641517,0.08340353833192915,-0.020729426433915173,0.02386451116243271,0.5789473684210527,0.7674418604651163,0.7619047619047619,0.7142857142857142,0.4579646017699115,0.02604166666666674,0.6748466257668713,-0.9052631578947368,-0.02608695652173909,-0.02769002044229696,0.003215434083601254,0.08163265306122458,-0.02069188490139029,-0.047887323943661915,0.10198085489527052,0.07625272331154688,-0.024377984418195497,0.047306176084099816,0.0,0.0003315649867372539
81,2018-09-30,0.008340025946747431,0.07302405498281782,0.02731219709208399,0.013996889580093264,-0.021566130829221763,0.03383458646616533,-0.0888888888888889,-0.10526315789473684,-0.108108108108108,-0.08333333333333326,0.007587253414264028,0.2766497461928934,-0.8388278388278388,-14.0,0.3482142857142858,0.059441896024464924,0.13782051282051275,0.08176100628930816,-0.02145922746781115,0.08284023668639051,0.003612281757977121,0.07085020242914973,-0.02988150437918602,0.06273525721455475,0.06666666666666665,0.05822561042978669
82,2018-12-31,0.0043193236123024725,-0.016012810248198558,0.01975527052926429,0.08665644171779152,-0.021228141520943437,0.03200000000000003,0.12804878048780474,0.3529411764705883,0.3333333333333333,0.3333333333333333,0.09487951807228924,0.02186878727634189,4.75,-1.341880341880342,-0.08830022075055187,-0.004059173732635757,0.2647887323943663,0.15116279069767447,-0.02294197031039136,0.0191256830601092,-0.1156911474847887,0.07057340894769992,-0.025225703664365384,0.2148760330578514,0.0625,-0.09448736688243896
83,2019-03-31,0.1522952569772762,-0.029292107404393808,0.25449375933689944,0.10444601270289344,-0.023932192122320117,0.00493305144467926,0.1351351351351351,-0.010869565217391351,0.0,0.0,-0.29573590096286106,-0.04863813229571989,-0.8893280632411067,-0.875,-0.01210653753026636,0.05253147359840593,0.1982182628062361,0.101010101010101,-0.024516574585635387,0.07506702412868638,-0.1596084891946894,0.06650971159505614,-0.15309180059929173,0.14480077745383868,-0.058823529411764726,-0.12106537530266336
84,2019-06-30,0.009767589602414084,0.08466051969823972,0.022741241548863037,0.08498402555910545,-0.01898518644644986,0.036465638148667656,0.17142857142857149,0.19780219780219774,0.18181818181818188,0.18181818181818188,0.396484375,0.06543967280163597,5.178571428571429,-5.2,0.051470588235294164,0.10859650632475716,0.12453531598513012,0.04587155963302747,-0.018761061946902743,0.1371571072319202,-0.0537361623616236,0.061810154525386185,-0.02830492119652628,0.07300509337860794,0.0,-0.000262363898727469
