,Quarter end,Assets,Current Assets,Liabilities,Current Liabilities,Shareholders equity,Revenue,Earnings,Earnings available for common stockholders,EPS basic,EPS diluted,Cash from operating activities,Cash from investing activities,Cash from financing activities,Cash change during period,Cash at end of period,Price,ROE,ROA,Book value of equity per share,P/B ratio,P/E ratio,Cumulative dividends per share,Equity to assets ratio,Net margin,Asset turnover,Current ratio
0,1997-01-31,1.7781771089538303,2.021252247833905,0.6569399863826475,0.2621237458193979,10.535530608859151,0.6069753212318989,1.1097607582358786,1.1097607582358786,0.0,-0.6216216216216216,0.5765114739629302,1.2250732278851788,-664.1571428571427,14.863902802941489,4.660331872260488,0.2942901500776265,-0.2348729792147807,-0.4681818181818181,10.5,-0.8874594409973245,-0.2875152501016673,,3.153168044077136,-0.18802862719583613,-0.045454545454545525,1.3937818846857253
1,1997-04-30,1.7781771089538303,2.021252247833905,0.6569399863826475,0.2621237458193979,10.535530608859151,0.6069753212318989,1.1097607582358786,1.1097607582358786,0.0,-0.6216216216216216,0.5765114739629302,1.2250732278851788,-664.1571428571427,14.863902802941489,4.660331872260488,0.2942901500776265,-0.2348729792147807,-0.4681818181818181,10.5,-0.8874594409973245,-0.2875152501016673,,3.153168044077136,-0.18802862719583613,-0.045454545454545525,1.3937818846857253
2,1997-07-31,0.4131106429570315,0.4047400032465776,0.3962870560610508,0.5621687644915534,0.4186062119781204,0.294453610864323,0.26617636403159195,0.26617636403159195,0.0,-0.6216216216216216,0.1134399384163196,0.06592596493075664,-0.6257728183365288,-0.5720955855184043,0.3523073604327649,0.2942901500776265,-0.2348729792147807,-0.4681818181818181,0.3886693017127798,-0.8874594409973245,-0.2875152501016673,,0.003847174316794933,-0.18802862719583613,-0.045454545454545525,-0.10078812980015273
3,1997-10-31,0.14363013348335296,0.1219403069100693,-0.12086017888862033,-0.2897202454312938,0.22866884971123655,0.07885799855600806,0.06758419411141947,0.06758419411141947,0.0,-0.6216216216216216,-0.9514157317494736,-0.06841871264140686,-0.3109217898534039,-0.7079787735108487,0.07607828701147312,0.2433693189390911,-0.2348729792147807,-0.4681818181818181,0.21631878557874784,-0.1047040971168437,-0.2875152501016673,,0.07440200872208269,-0.18802862719583613,-0.045454545454545525,0.5795863610955839
4,1998-01-31,0.19291502320963794,0.15396134130205708,0.33708335325905026,0.5066328339272721,0.15974850378454494,0.10931458409068373,0.0658518935434591,0.0658518935434591,0.21212121212121213,-0.6216216216216216,21.430142302716693,1.8360907837522535,-0.7872577411450212,-1.6003225806451613,-0.042442556588174966,0.04110837174402393,-0.2348729792147807,-0.4681818181818181,0.1497659906396256,-0.14406779661016944,-0.2875152501016673,,-0.027798277982779784,-0.18802862719583613,-0.045454545454545525,-0.23407929565303545
5,1998-04-30,0.0778849307879026,0.018338734483137387,0.061123579431146664,0.07456254411710073,0.08233056494950985,0.06294175039287397,-0.6151428284047475,-0.6151428284047475,-0.625,-0.6216216216216216,-1.7061164460593476,0.09432903913393044,-0.9913612565445026,6.428622604334588,-0.30742024222071385,-0.13961389961389958,-0.2348729792147807,-0.4681818181818181,0.06648575305291726,-0.2514851485148515,-0.2875152501016673,,0.004048582995951343,-0.18802862719583613,-0.045454545454545525,-0.0523193494732952
6,1998-07-31,0.028132863350937454,-9.88859597669256e-05,-0.07053718137771225,-0.10839902272622504,0.05379046500519302,-0.09530682885130116,-0.8635086573015355,-0.8635086573015355,-0.8666666666666667,-0.8571428571428572,-0.6906803887935964,-1.0718288682340076,338.1212121212121,-1.2292038385494526,0.1089675252473148,0.4581463531382757,-0.3377603380621792,-0.4681818181818181,0.040076335877862634,0.36684303350970016,0.6344178082191783,,0.024949596774193502,-0.28205128205128205,-0.06666666666666676,0.12147272762729378
7,1998-10-31,-0.031816452003010635,-0.037915277818360016,-0.11630584566289524,-0.19944161517979475,-0.012438374735668887,-0.21012113138573066,-2.8994734322642413,-2.8994734322642413,-3.0,-3.0,-5.341695273303406,-0.20432921027592765,-1.1035653650254669,0.7836629497159688,0.17526332654558985,-0.39671727533853096,-0.471285323609845,-0.4681818181818181,-0.015290519877675825,-0.42,-0.19032652348524534,,0.02003934103761984,-0.4157366071428571,-0.09183673469387754,0.20176323294150375
8,1999-01-31,0.028409011501963514,0.03812692153143127,0.1108591946652988,0.17398605011624912,0.011487549189491908,-0.015384464534347832,-1.5700604838709675,-1.5700604838709675,-1.5,-1.5,0.5058691156793578,-26.474738415545588,-2.285591026747196,-1.964701719206157,-0.1438629357467337,0.3212488096857569,-0.7137931034482758,-0.7115384615384616,0.009937888198757738,0.34260289210233585,1.4427431529005823,,-0.016391466795227072,-0.6838586437440306,-0.07865168539325851,-0.11572687415896166
9,1999-04-30,0.04444134903836683,0.05449586375133908,0.07508242443272595,0.046979865771812124,0.03753499651335845,0.11027017337701794,-0.2953138815207781,-0.2953138815207781,-0.5,-0.5,-0.9098325895110968,-0.7326112212925258,1.071812080536913,-0.6287216482240019,0.0012173636116148412,-0.13945945945945948,-0.8765060240963856,-0.8777777777777778,-0.11623616236162372,-0.14830157415078715,2.011741855742915,,-0.006616836172037789,-0.8640483383685801,-0.08536585365853655,0.007183414330829806
10,1999-07-31,0.04887224159467052,0.06103120064876855,0.1124635988008007,0.1661281000420345,0.03402034760661832,0.15549376625706346,-4.4861982434127965,-4.4861982434127965,-5.0,-1.0,-1.1057110862262038,2.0150537634408603,-0.04195011337868482,4.20788737032768,-0.26842294274574185,0.4578846614022494,-3.804878048780488,-3.8484848484848486,-0.08629088378566452,0.6498054474708173,19.410564577592773,,-0.014185271987171566,0.0,-0.026666666666666727,-0.09013517026254224
11,1999-10-31,0.0510748228011606,0.0720486425384872,0.13790414121680586,0.18871303858068145,0.02925722845046708,0.09723192523248404,-0.5999640093575671,-0.5999640093575671,-0.75,-inf,74.92796610169492,-1.3923986142245772,0.6436179205409975,-1.013295391668643,0.005897657066318729,-0.3967993434550677,-0.32173913043478264,-0.3404255319148937,0.02361005331302346,-0.339622641509434,0.0,,-0.02077077077077083,0.0,0.04109589041095885,-0.09813584743946856
12,2000-01-31,0.04325979036196115,0.04780309156302365,-0.019876223178295627,-0.029679326813736636,0.060798570332514464,0.07683654988963727,-5.076473234367971,-5.076473234367971,-8.0,-7.0,-0.7195714046542776,-1.3060058611863337,1.3851059452787493,4.813317479191438,0.03408393753485783,-0.5780952380952379,-1.705128205128205,-1.6935483870967742,0.046875,-0.5883928571428572,-0.8727534375242357,,0.01686685407615629,0.20000000000000015,0.06578947368421062,0.07984873683376903
13,2000-04-30,0.10418605177343676,0.10357077628841238,0.14271669216868732,0.20210750419938275,0.09429650362077392,0.21986295520093546,1.0312293092032665,1.0312293092032665,0.857142857142857,1.0,1.5383084577114428,7.1755364286580186,0.4932292565119889,-12.929842503579463,-0.393213734333812,0.29458239277652365,5.4363636363636365,5.511627906976744,0.08457711442786063,0.2386117136659436,-0.5684762979683973,,-0.009047499371701462,4.999999999999999,0.07407407407407396,-0.08197502796061695
14,2000-07-31,0.09189661310854813,0.07358190550363441,0.04873792760806084,0.06602432346800335,0.10346417923051444,0.2562971579984812,0.5295811376106916,0.5295811376106916,0.5384615384615385,0.5833333333333335,-4.0353194825558605,-2.080679122182681,-1.8783537906137184,-3.055705100728676,1.3321519043598062,0.31784780171876936,1.5254237288135593,1.5285714285714285,0.09764089121887287,0.21366024518388785,-0.5348782465409463,,0.010651787978696479,1.3117283950617282,0.08045977011494254,0.007090073896544923
15,2000-10-31,0.2048006662053272,0.2287303338522224,0.25579756196198494,0.3210001676599248,0.1918101545253863,0.23287377608587545,-0.08495826673770203,-0.08495826673770203,-0.55,-0.5789473684210527,-0.7782929317715127,-2.3770530042123457,-1.5418077795679483,-1.556434999457877,-0.3178420508520602,6.11804177298932,0.3646532438478749,0.36581920903954795,0.18089552238805973,5.487734487734488,2.3613563515717257,,-0.010790464240903463,0.2656875834445929,0.08510638297872353,-0.06984630639563727
16,2001-01-31,0.13624499976148785,0.13796933386140942,0.12846995390263416,0.160500522098316,0.1383318824204931,0.22392642303278976,1.0667624112098748,1.0667624112098748,1.1111111111111112,1.25,2.1710258053241684,-0.7011488526419625,-0.4481126350285228,-1.5026980034774269,0.2342251740730652,-0.15915608901163106,0.3598360655737705,0.3567735263702174,0.09049544994944393,-0.28781138790035576,-0.4288582183186952,,0.0017757483510907337,0.25105485232067504,0.08823529411764719,-0.019423064622732026
17,2001-04-30,3.30999818361276,1.4251701011149118,3.7874483776412498,0.34505368860608465,3.182957083551642,0.20854913079670112,-1.9518085865604928,-1.9518085865604928,-1.8947368421052635,-1.9444444444444449,0.16479600271873918,20.90417764144967,170.6572465361777,27.847486433299537,5.474533880322535,-0.295346523709517,-0.783001808318264,-0.7865853658536586,2.8326379230412613,-0.35384134915677706,-0.5500585823081429,,-0.02937452519625217,-0.633220910623946,-0.4234234234234234,0.8030527048182294
18,2001-07-31,0.00787905907713915,0.022984038639213056,0.0009520419511579448,-0.004087651669986814,0.009988576555876929,0.07680843261337666,-1.1115627466456195,-1.1115627466456195,-1.1176470588235294,-1.1176470588235294,-1.3591975775927327,-0.6022539773384559,-0.9939297306750388,-1.2838363719615868,-0.2399974829839225,-0.2547450980392157,-0.6027777777777777,-0.6035714285714285,0.007862586186040854,-0.8057032382793621,0.6718312609856127,,0.002087138012001111,-0.4873563218390804,-0.21875,0.027180860043894303
19,2001-10-31,-0.3457074850031301,-0.04540232413962264,0.010960188389669943,-0.05597387415805388,-0.4533533677979532,-0.19712271050276156,-319.76229218252564,-319.76229218252564,-274.5,-274.5,-3.71869511766772,1.075585133252713,-0.07851414098775855,0.7177722426149276,-0.5424469068679537,-0.5134558138136331,-47.46153846153846,-45.32432432432432,-0.4547527604416707,-0.5174129353233831,-0.1817296834235428,,-0.16454048424889345,0.0,-0.12,0.011199812162479672
20,2002-01-31,-0.02969974687253285,-0.0728783723527433,-0.031898841977617165,0.4874126313968756,-0.028472293330803145,-0.5590879181236303,-0.9608324335481352,-0.9608324335481352,-0.959780621572212,-0.959780621572212,1.859611440383715,-0.8047595078609133,-0.6031836921667431,-1.158237830549867,0.18759707456834795,-0.25783326123230954,-0.03356411800120407,-0.06280487804878042,-0.030596522121945857,0.3608247422680413,0.0,,0.001246494234963924,0.0,-0.2272727272727272,-0.3766921308658602
21,2002-04-30,-0.2316170919522875,-0.2312009514592356,-0.1250359653446197,-0.3613886899365967,-0.2908969161632497,-0.4631527664717926,7.671827853409075,7.671827853409075,7.454545454545455,7.454545454545455,-1.1613599141582425,-3.287689343859782,-50.488600288600296,-0.4346690245568908,0.08930169956384004,-0.4176867349487884,0.0,0.5276512687052701,-0.29336966394187103,-0.3977272727272727,0.0,,-0.07718643012760662,0.0,-0.08823529411764708,0.20386306064669932
22,2002-07-31,0.4677145978536778,0.1913029224398637,0.3509363481923762,0.09295954178254527,0.547858298038296,-0.42531561232812204,-0.7386519383226089,-0.7386519383226089,-0.7741935483870968,-0.7741935483870968,1.8471930561388772,0.14430253294144846,-1.026790608707823,3.750201431347457,0.3894247674999174,-0.44301444301444304,0.0,0.1883872799545712,0.18316195372750646,-0.21383647798742145,0.0,,0.05463743676222599,0.0,-0.3225806451612904,0.08998499218665379
23,2002-10-31,-0.24214917172883646,-0.11978012468630896,-0.10005721379131828,-0.15250630457337155,-0.3272591763173509,0.2376669065323418,3.7177547895115173,3.7177547895115173,3.1904761904761907,3.1904761904761907,0.1389305470190534,-1.638354286538843,-15.885502829777973,-2.6861695493616833,-0.4725957101708661,-0.3430038510911425,0.3572652234854385,-0.3676980050173216,-0.3294405214557305,-0.4400000000000001,0.0,,-0.11224816117684666,0.0,-0.4285714285714286,0.038609490553449984
24,2003-01-31,-0.07559227079972464,-0.14795833315523332,-0.08815667867617072,0.0744265429947546,-0.06552480276886385,0.13818275784101552,-0.8580468222107397,-0.8580468222107397,-0.8579545454545454,-0.875,-0.586560462807063,-1.5907716651125994,1.0234265325222274,-0.7865741987212678,-0.19124629827487016,0.5357561547479484,0.12082616179001705,0.08350651804269793,-0.06642365330093157,1.2714285714285718,0.0,,0.010806916426512991,0.0,-0.25,-0.20697289835859445
25,2003-04-30,-0.044551734009262815,-0.03994547612358745,-0.04275404594258658,-0.1699545900630416,-0.04595727983912501,0.043505406249113136,-0.29569169886692426,-0.29569169886692426,-0.31999999999999995,-0.2272727272727272,0.960162898762596,1.6239047254639374,-1.037125099371251,-3.832898968614839,0.6698967064739569,-0.08167938931297691,-0.31766994266994264,-0.3258936355710549,-0.049457700650759266,-0.012578616352201257,0.0,,-0.0014255167498218313,0.0,0.0,0.1566221456268848
26,2003-07-31,0.02020563280115639,0.05636325090660455,-0.0100115806295481,-0.024553370139174132,0.04391067894139633,-0.0688332880065271,0.177747445700428,0.177747445700428,0.17647058823529416,0.17647058823529416,-0.18328316863330046,-0.4985581637823866,-1.0724158068911815,-0.6288254695283675,0.1489005844050042,0.11914657799944585,0.07351837959489882,0.04061045007759967,-0.03103605659516206,0.1719745222929936,0.0,,0.0231977159172021,0.0,0.22222222222222232,0.08294965207932893
27,2003-10-31,-0.04062265643563201,-0.13123701964287104,-0.009570966146525306,-0.04368660280937831,-0.06372406243448336,0.03163059668798729,0.29441681481648185,0.29441681481648185,0.25,0.25,0.0834583523579675,-2.554661315768428,-13.602150537634408,-4.633346956533203,-0.4708914700866969,0.08739787076008909,-0.610062893081761,-0.6089982600049715,-0.07395195478097039,0.12499999999999978,0.0,,-0.024066968957098037,0.0,0.09090909090909084,-0.09155200880572367
28,2004-01-31,-0.04786968103558842,-0.03976320213957507,-0.04452770234917147,-0.019028029151606615,-0.05049980575841762,-0.05987769661967046,-0.3332058414464534,-0.3332058414464534,-0.36,-0.36,-0.11864483308750486,-1.4105004232155969,-10.081058020477816,-0.9515590018614406,-0.043111103934897366,0.0972222222222221,-0.05053763440860215,-0.052129688493324784,-0.0528992878942014,0.1835748792270533,0.0,,-0.0026804860614724198,0.0,0.0,-0.02112804046890615
29,2004-04-30,-0.03819596409169535,-0.018640969472722983,-0.016375340757380785,-0.05631350735809393,-0.055476725036423424,0.12474779413978987,-0.0064139333576680455,-0.0064139333576680455,0.0,0.0,-0.3062893833569562,-1.5134824164682559,-1.1768063515925962,4.855430711610487,-0.2638070971769907,-0.16476447395725247,0.034352585881464615,0.029510395707578633,-0.20945220193340494,-0.11836734693877547,0.0,,-0.018097115212327486,0.0,0.0,0.039918924355185625
30,2004-07-31,0.2000202035507741,-0.3582984034692779,-0.01346201711832984,-0.049811452108835634,0.3760856632956573,0.011914483460287341,0.8561325705888527,0.8561325705888527,0.5625,0.5625,1.4018905546119194,-4.000554643475175,-1.0119569549621363,-1.4808110528335678,0.17229365788810205,-0.4034782608695652,0.1007299270072992,0.13094462540716625,0.3722826086956521,-0.2453703703703705,0.0,,0.14671532846715318,0.0,0.0,-0.3246641174807695
31,2004-10-31,-0.18228499842736368,0.4517681146163872,0.011902285510682065,-0.03177966101694918,-0.2971007786299328,0.08488007514320861,2.499565269638856,2.499565269638856,2.44,2.44,-0.5010761283974912,-1.0535686558666737,-32.322222222222216,-2.412983903152853,-0.20766824385093646,-0.3294460641399417,0.9927055702917772,0.9786866359447006,-0.30049504950495043,-0.50920245398773,0.0,,-0.14035646085295986,0.0,0.08333333333333348,0.4994271866049793
32,2005-01-31,-0.03322283854315333,-0.05141984597024663,-0.01423829063169124,-0.03979719887248623,-0.04938228827932945,0.15539296384366794,-0.8848755638057417,-0.8848755638057417,-0.8837209302325582,-0.8837209302325582,-0.10989913929459127,-5.59144237405107,-0.8609435970202199,-0.8178394561922158,-0.04774383954437556,0.23913043478260865,0.006988352745424198,-0.003493449781659441,-0.05024769992922862,0.7624999999999997,0.0,,-0.016660496112550938,0.0,0.15384615384615374,-0.012107142332388188
33,2005-04-30,-0.02211460972723378,0.0591174241240271,0.021870847919920774,0.14773951191320567,-0.06093871592671496,0.09602313505298253,0.3125186419861392,0.3125186419861392,0.30000000000000004,0.30000000000000004,-0.15586993145784778,1.8557041935968732,10.364795918367347,-7.499173041141202,0.3258529455970232,-0.19498746867167926,0.031229345670852563,0.0160677768039732,-0.06780923994038746,-0.14893617021276595,0.0,,-0.039721385542168634,0.0,0.06666666666666665,-0.07720681192831114
34,2005-07-31,-0.04795717605482175,-0.014213791583317925,-0.05035733553169952,0.0017280446773935145,-0.04565183850392851,0.06388305760452972,-0.31788468993543384,-0.31788468993543384,-0.3076923076923077,-0.3076923076923077,0.07365284194985923,0.4025159218906258,-9.128843995510662,-0.08152943234774868,0.22573117245584814,0.02428393524283945,0.0185867649415159,-0.043128234617596406,-0.04796163069544357,0.0916666666666668,0.0,,0.0023524799059007058,0.0,0.1875,-0.015924182837985912
35,2005-10-31,-0.1290607515360228,0.030905979771481906,-0.00012659830358274782,0.01940982258119805,-0.2522905602785175,0.06972302679217958,3.9556117349638433,3.9556117349638433,3.888888888888889,3.888888888888889,-0.7743882254080621,-0.5195448540891077,-1.1121113381565142,0.025369283252809627,0.1888324419824663,0.051063829787234116,-0.2873997168475696,-0.3185096153846153,-0.2560873215785056,0.10687022900763354,0.0,,-0.14140426364169756,0.0,0.1578947368421053,0.011284722222222321
36,2006-01-31,-0.07780309438291723,-0.11530398703356505,-0.13999608453155887,-0.023489331181638876,0.0016848729953886645,0.019012886794208983,-0.9751216039862379,-0.9751216039862379,-0.9772727272727272,-0.9772727272727272,2.6160270880361174,0.08268762107104921,-24.806650246305423,-2.0029723704654465,-0.19892912997175285,0.3036437246963564,-0.02472406181015452,-0.05202821869488538,-0.0011286681715575453,0.7517241379310347,0.0,,0.08610478359908891,0.0,0.13636363636363644,-0.09403190541744276
37,2006-04-30,0.17816596769610293,0.31906026058966064,0.3551655666008895,0.008108015056922602,-0.016057430973953513,0.08922195466245952,-0.6963916706405977,-0.6963916706405977,-1.0,-1.0,-0.5777202072538861,0.3393117379698434,-3.8793854430707153,-7.021401629958914,1.197489150235748,0.22848269742679686,-0.1115889542779538,-0.16604651162790707,-0.0248587570621468,0.2322834645669292,0.0,,-0.1648489932885906,0.0,0.1200000000000001,0.3084610021630705
38,2006-07-31,0.00571440187502259,-0.029722989298604063,0.004844069529652328,-0.011514927284628771,0.007029738761386239,0.16256146369353908,1.243455497382199,1.243455497382199,-inf,-inf,0.3891640180353315,-1.9794227599357903,-0.9794615298932474,-1.2907977930587051,-0.15846594831330207,0.029974720115565123,-0.07592356687898083,-0.13831567205800332,0.0011587485515642815,0.05431309904153348,0.0,,0.0012556504269212176,0.0,0.0714285714285714,-0.018416810121048236
39,2006-10-31,0.005011638648507288,-0.11982181414234028,-0.013245616744770872,-0.06943948589789363,0.03254401793188677,0.04887245162263354,-4.052742123687281,-4.052742123687281,-16.0,-15.000000000000002,-0.2001702671065233,2.55072543476587,0.008047585724282769,2.193318524074661,-0.6013211790653962,-0.0539971949509116,-1.0022056796250345,-1.0019417475728156,0.026620370370370242,-0.05454545454545445,0.0,,0.02733885126661661,-0.9506726457399104,0.06666666666666665,-0.05414358488990334
40,2007-01-31,0.011927403893976951,0.05635748406918317,0.005049319253429996,0.04954734751211309,0.02183974544402667,0.032190907272181546,-0.1548046785413959,-0.1548046785413959,-0.1333333333333333,-0.14285714285714302,-0.2486695050558808,-1.503184634448575,-0.5173550850399167,-1.4635016713343572,0.6990924946857797,0.018532246108228238,29.125,31.66666666666667,0.020293122886133164,-0.006410256410256388,934071085.1566576,,0.010009765625,25.818181818181817,0.03125,0.0064894932014831755
41,2007-04-30,0.0329813886131487,0.2285167277689326,0.03605628951300455,3.445339307823831,0.028622814364648086,0.17217339689038824,0.17673661360347315,0.17673661360347315,0.15384615384615374,0.16666666666666674,-4.947317159553745,-0.7025697539833033,0.1992089176555196,-0.3748042750868986,0.2572371076697704,0.04694323144104806,0.7925311203319503,0.7959183673469391,0.02541436464088376,0.02580645161290329,-0.9999999992285734,,-0.004350978970268371,0.6610169491525426,0.09090909090909084,-0.723642849832595
42,2007-07-31,0.2551267357788853,0.3998936270237881,0.4310854173869447,-0.015464724247785775,0.003908464173042914,0.059030522872777436,1.1761721752498078,1.1761721752498078,1.2000000000000002,1.0714285714285712,0.4380117090240237,-6.555877543416612,136.41139430284858,1.6392280752803263,0.539999489693944,0.20507473062217585,0.9490740740740741,0.8522727272727271,-0.003232758620689613,0.17610062893081754,-0.3061682736758684,,-0.2000485554746297,0.8469387755102041,0.0,0.42191302507671136
43,2007-10-31,0.0010747079458370834,-0.013198890076247085,-0.03233761066102503,-0.016060588915203008,0.0690762213869569,0.054837497743363,0.07410285391353487,0.07410285391353487,0.09090909090909084,0.034482758620689724,-0.8230018094465591,-1.5133974144033382,-0.9602807970026208,-0.34105093221506894,0.23166742835209475,0.1869051052783386,0.22565320665083144,0.17791411042944796,0.05837837837837824,0.18983957219251324,-0.4323243860651057,,0.06767830045523526,0.17348066298342554,0.0,0.0029021096104475674
44,2008-01-31,-0.208112659455285,-0.25299439900973153,-0.34592773601495164,-0.750340912824894,0.045764649698760484,0.051926546093713936,-0.052712923380466965,-0.052712923380466965,-0.08333333333333326,-0.06666666666666654,0.20410681237331446,3.0453044607804003,-30.722448082628283,-0.8192709889453241,0.033904632082335066,-0.14678007290400974,0.1715116279069766,0.2083333333333333,0.04290091930541395,-0.19325842696629225,-0.3073440643863179,,0.32063672541216603,0.12429378531073446,0.08333333333333348,1.9920979410127997
45,2008-04-30,0.07439835352061452,-0.09335311564629556,0.033341956645889466,0.1556794937180901,0.12170256034175385,0.06500422133886796,-0.17520047210747391,-0.17520047210747391,-0.18181818181818174,-0.1785714285714286,4.482104954987924,-1.0437046033075792,-0.9832922988199804,0.37364853694825584,0.04504578740678267,-0.1481059527200228,0.04218362282878418,0.0905172413793105,0.08325171400587661,-0.1838440111420612,-0.2832244008714597,,0.044123977615152736,0.04606365159128978,0.02564102564102577,-0.215493726132024
46,2008-07-31,0.0028835896605214906,-0.016013415510333858,-0.014522313934033582,-0.08236332490260367,0.021358479516917276,0.04533462153022927,-0.5066077441077441,-0.5066077441077441,-0.5185185185185186,-0.4782608695652174,-0.5505860991695816,4.133316914994048,-1.0739019803075562,-3.184301737832764,-0.09415242174109716,-0.08993647609495159,-0.1992063492063492,-0.11462450592885375,0.019891500904158917,-0.16040955631399326,-0.16413373860182368,,0.0183467326324469,-0.19215372297838265,0.09999999999999988,0.07230686559615629
47,2008-10-31,-0.0179972925242724,-0.09698253850902804,-0.016768650714144018,-0.07260833591891612,-0.019255577961871717,-0.29040718227025153,-3.1663396741448437,-3.1663396741448437,-3.1538461538461537,-3.333333333333333,-1.136890262016517,1.53290741466301,-1.278443113772455,2.5530308873926986,-0.3692966351049074,-0.5095518001469508,-0.6045589692765114,-0.5691964285714286,-0.022163120567375905,-0.5203252032520325,-0.42020202020202013,,-0.0012145748987854033,-0.5728444003964321,0.02272727272727271,-0.02627971759989389
48,2009-01-31,-0.011875467377656991,-0.005264241812445447,-0.007016072812717877,-0.031086378311465986,-0.016864724825791932,-0.0682088904227014,-0.022247598046936545,-0.022247598046936545,-0.0357142857142857,-0.0357142857142857,-0.8092447916666666,-0.9529347513834828,-1.3118279569892473,-0.951357487113642,-0.028481719508452463,-0.4434456928838951,-1.370927318295739,-1.3730569948186528,-0.018132366273798658,-0.4322033898305084,0.4794425087108014,,-0.005066882853668409,0.0,-0.08888888888888903,0.02665596996851538
49,2009-04-30,-0.2446620955926643,0.10318196358403432,0.002320194727472913,0.004172325683110323,-0.5007850508399332,-0.13858422939068105,19.26539406387177,19.26539406387177,19.48148148148148,19.48148148148148,-4.258248009101251,-4.032530686162721,7.293103448275862,-4.092068349910737,0.09064927054029548,0.16150740242261108,40.9527027027027,38.611111111111114,-0.5032317636195753,0.19402985074626852,0.0,,-0.3389692401711143,0.0,-0.04878048780487798,0.09859196461481767
50,2009-07-31,8.867759209896242e-05,0.012973847713424693,0.015957884507627362,0.07427975402460896,-0.03295259851513421,0.14255795729571918,-0.9474295025933508,-0.9474295025933508,-0.9475587703435804,-0.9475587703435804,0.2287011173184357,-3.914646554012209,-1.0124740124740126,-3.634217255031343,-0.2189428618926752,0.2143684820393974,0.2683201803833144,0.15392706872370265,-0.03717472118959109,1.4375,0.0,,-0.03328197226502316,0.0,-0.05128205128205132,-0.057064633884475024
51,2009-10-31,-0.004528111612690622,-0.008549591426718739,0.0110336302504479,0.060704187783408914,-0.03856796956070563,0.06987217616140029,0.007749300672866165,0.007749300672866165,0.0,0.0,-0.4552429667519181,-1.207031576071697,-96.66666666666669,-1.2346241457858769,0.06576891681953434,0.3225190839694656,0.22869841269841285,0.08204193254329993,-0.04440154440154431,0.3743589743589744,0.0,,-0.034109021357985325,0.0,0.08108108108108114,-0.06528608027327065
52,2010-01-31,-0.01547212378762586,-0.021209837627377714,0.0214687972380776,0.108314179521096,-0.1004457724015988,-0.0022352073523571607,1.0005626617652577,1.0005626617652577,1.0,1.0,1.3322900365153885,2.0484935122058503,-0.8554006968641115,1.9184599472858903,0.18009903130501015,-0.10966810966810968,0.0,0.13984835720303268,-0.10505050505050516,-0.07089552238805963,0.0,,-0.08613861386138623,0.0,0.09999999999999988,-0.11686690116181685
53,2010-04-30,0.2875241289116857,-0.12259998888947132,0.4731517306284638,0.5984162639257595,-0.19733642888323644,0.4411915212990971,0.6876792979956126,0.6876792979956126,0.6724137931034484,0.6724137931034484,-18.380228136882128,-4.388185501809568,4461.746987951808,-0.8736896256073163,0.019276667015597267,0.27066450567260936,-0.5134353038445638,-0.6977087952697709,-0.20090293453724595,0.4216867469879517,0.0,,-0.3766702780787288,0.0,0.09090909090909084,-0.4510845201558674
54,2010-07-31,-0.05007443780968779,-0.04453724709642437,0.003389469574630377,0.0231266058171391,-0.3063746266706772,0.5373553582066588,0.22048906220489076,0.22048906220489076,0.21649484536082464,0.21649484536082464,0.6729509567992586,-1.0774152566431978,-1.0141762596920152,-11.316951760340302,-0.19511527158015096,0.005102040816326482,0.6705607476635513,0.361043194784026,-0.3107344632768362,0.2570621468926555,0.0,,-0.26998841251448435,0.0,0.22916666666666674,-0.06612011559241115
55,2010-10-31,0.16926685550030895,0.34545790544065746,0.23725978665669525,0.3040226871005962,-0.30224928272629714,0.07169821004683398,-0.2688817077056119,-0.2688817077056119,-0.2796610169491526,-0.2796610169491526,-0.8017384615384615,-2.012422644969058,-51.45972195772234,-2.9163625517580183,0.4645529807309932,-0.12055837563451775,0.0,0.09161676646706574,-0.3073770491803278,0.2764044943820223,0.0,,-0.4031746031746032,0.0,0.15254237288135594,0.03175137062325506
56,2011-01-31,-0.03231633360763664,-0.030262880419099195,-0.002186542781294709,-0.006585877070721002,-0.4028174496054441,0.03758015775333212,-0.015700287610344033,-0.015700287610344033,-0.0117647058823529,-0.0117647058823529,1.4699697369442073,-0.8018654351172688,-0.98009163509005,-1.2877866788738843,-0.09128530086962584,0.4083694083694085,0.0,-0.0005485463521667233,-0.40828402366863903,1.0334507042253525,0.0,,-0.3829787234042554,0.0,0.11764705882352945,-0.023830480847595648
57,2011-04-30,-0.02183793868593764,-0.053321239364723334,0.0003387026052983355,0.0036457106136875694,-0.4774879897400317,-0.035572848874241836,-0.2070684072050192,-0.2070684072050192,-0.2142857142857142,-0.2142857142857142,-0.18651921898807744,15.087065813528335,-0.5734597156398105,0.8925668474716464,-0.1901185644434502,0.3022540983606559,0.0,-0.08726673984632273,-0.48,1.200865800865801,0.0,,-0.4655172413793103,0.0,0.09210526315789468,-0.05673924659364149
58,2011-07-31,-0.03314456098208174,-0.02797033705555829,-0.023177928977346832,-0.0943225084942546,-0.42518861281561215,0.04168281908809402,-0.4982930797945315,-0.4982930797945315,-0.5,-0.5,-0.6710178230057737,-0.8779493444322911,1.5146666666666668,-0.8276348966212809,-0.04046247336437536,-0.14673485444531864,0.0,-0.24834636199639204,-0.4423076923076924,0.6408339889850512,0.0,,-0.40725806451612895,0.0,0.012048192771084263,0.07325190299168005
59,2011-10-31,0.006698709731004282,0.03611046762013892,0.014494764543197425,0.06865917140520827,-0.5144377165657485,0.046270155037869236,-0.29001589825119234,-0.29001589825119234,-0.33333333333333337,-0.33333333333333337,-3.4652227504842403,-2.7219506517690872,-0.9966419229409684,-3.709381704700605,0.11425116998264563,-0.42139234670355,0.0,-0.2128,-0.5172413793103448,0.03764085351234714,0.0,,-0.5170068027210883,0.0,0.04761904761904767,-0.03048096589034788
60,2012-01-31,-0.016993796306070785,0.031906353210217515,0.0009367524367176473,0.0071621833192574424,-2.5212282851582213,-0.08512366754125,1.134130502933405,1.134130502933405,1.227272727272727,1.227272727272727,-0.6933095238095238,-1.5569449138222369,297.3684210526316,-0.8458534302785976,0.015805615837725332,0.024701195219123395,0.0,-0.14634146341463405,-2.5,1.1224584103512014,0.0,,0.0,0.0,0.0,0.02460020415107178
61,2012-04-30,0.005413250369085354,0.024893773575576983,0.01564897698209711,0.06237889744953917,0.9460291887793784,0.14623036586390192,-0.4170356535789982,-0.4170356535789982,-0.4285714285714285,-0.4285714285714285,3.6948994643273037,1.983980582524272,-1.1151878638207795,3.0964389959136023,0.06373930214856283,0.1897356143079316,0.0,-0.2047619047619048,0.9523809523809524,0.0,0.0,,0.0,0.0,0.04545454545454541,-0.03530036861156316
62,2012-07-31,-0.006937012609921966,0.0006519570772458573,0.002949674291989224,0.4429406964091405,0.4672380627724073,-0.007384578019626553,0.07332613390928723,0.07332613390928723,0.0714285714285714,0.0714285714285714,-0.6172798677139314,-1.15853261753701,-9.843797856049004,-0.09693324972923678,0.05411179632036367,-0.07516339869281052,0.0,-0.008982035928143728,0.4634146341463414,0.0,0.0,,0.0,0.0,0.032608695652173836,-0.3065060240963854
63,2012-10-31,-0.01781376010893554,0.003664603362870889,-0.0027354836880839613,-0.02169643839059876,0.4765176408111786,-0.0180535341390875,0.3002984874400509,0.3002984874400509,0.26666666666666683,0.26666666666666683,-0.5425361849211493,3.349153412006157,-1.4936796536796535,-0.20429225185418964,0.040846877673224924,0.0650176678445229,0.0,0.13897280966767367,0.4666666666666668,0.0,0.0,,0.0,0.0,0.010526315789473715,0.02591085078923849
64,2013-01-31,0.0021417829479204453,0.013550282900917532,-0.003201843547204097,0.012766982495583834,-0.11618261925100025,-0.026717877004968527,0.22060302803641907,0.22060302803641907,0.2368421052631577,0.2368421052631577,-5.318662636947487,-3.744882911579072,-1.668888109435286,-4.576749167063303,-0.14036554158806058,-0.016589250165892522,0.0,0.0013262599469496814,-0.125,0.0,0.0,,0.0,0.0,0.02083333333333326,0.0007741436036383664
65,2013-04-30,-0.10175623232256792,-0.11897568634994182,-0.08785282871483803,-0.25011568151186003,0.2454632161251351,0.12054699587060493,-0.427795621671879,-0.427795621671879,-0.42553191489361697,-0.42553191489361697,-1.9809954949044308,-0.5015042764430309,-114.92239119035132,1.1709415926455748,-0.3544825238516877,0.07489878542510109,0.0,0.027814569536423802,0.2467532467532467,0.0,0.0,,0.0,0.0,0.05102040816326525,0.17486946432024753
66,2013-07-31,0.020085109700096467,0.031893956293437935,0.010742033215335844,0.04021099333725475,-0.1508010251488202,0.060357052817345165,-0.9545404187746964,-0.9545404187746964,-0.962962962962963,-0.962962962962963,-0.06378045789954745,0.0804414363926369,-1.0329252013808976,-1.1107478712155654,0.06081661047186793,0.1889516635279349,0.0,-0.1791237113402061,-0.1562499999999999,0.0,0.0,,0.0,0.0,0.058252427184466,-0.007983210567466427
67,2013-10-31,0.04365923623111634,0.07000890011859151,0.04138251764821543,0.13662487710764992,-0.005903712966525586,-0.6638581161907734,6.9585702680747366,6.9585702680747366,8.0,8.0,-0.9154443280312412,0.43905358496588587,-0.8810289389067524,-2.4617406946174065,-0.08380158602143427,0.25659978880675816,0.0,-0.24489795918367366,-0.012345679012345734,0.0,0.0,,0.0,0.0,-0.12844036697247718,-0.05861368067366313
68,2014-01-31,-0.0011953826611270644,0.015161176155357168,0.0010761373828063194,0.0017900838136426511,0.050606577403631066,1.9492219446961827,0.6266203939981627,0.6266203939981627,0.6666666666666667,0.6666666666666667,-11.464094621233457,-1.405938946959825,6.814336075205642,-0.4824245866464722,-0.04734088147607274,-0.04831932773109249,0.0,-0.35966735966735963,0.03749999999999987,0.0,0.0,,0.0,0.0,0.05263157894736836,0.013351546664316594
69,2014-04-30,-0.002860689264501337,0.01014281237914294,-0.0059190156590070995,0.2822304741007147,-0.06931764543350871,0.049387018622717216,-0.3625753012048193,-0.3625753012048193,-0.3333333333333333,-0.3333333333333333,-1.0535820011841326,-1.5652619356601325,-0.8796992481203008,-0.695116746936536,-0.015150688915548716,0.016335540838852136,0.0,-0.3246753246753248,-0.07228915662650592,0.0,0.0,,0.0,0.0,0.020000000000000014,-0.2122015915119363
70,2014-07-31,0.1698463461255697,0.18660538126617365,0.1435092607594506,0.024197080199581226,-0.4414398812469075,0.0776718964541363,-2.59086434337468,-2.59086434337468,-2.5,-2.5,24.682571572074327,10.640285161913967,315.6,-42.5518896220756,0.6392244442188609,-0.11077324066029548,0.0,-0.4951923076923076,-0.4545454545454546,0.0,0.0,,0.0,0.0,-0.019607843137254943,0.15858033890820789
71,2014-10-31,-0.013228325613437677,-0.0030857891783652174,-0.0015492379417879618,-0.0346465703788198,0.5417238782832086,-0.02087440892567793,-2.8999381188118813,-2.8999381188118813,-2.8666666666666667,-2.8666666666666667,0.4442249775100715,-0.8295219805885712,-1.0086978837650031,-0.7409252121019629,0.10102761576628304,-0.15095261358085002,0.0,0.9904761904761904,0.5476190476190477,0.0,0.0,,0.0,0.0,0.17999999999999994,0.03268222963315859
72,2015-01-31,-0.007949795236202095,-0.0069826776675978594,0.0011590633573066444,-0.003247833923926136,0.2723550958845076,-0.8026949233708371,-0.38836595772400095,-0.38836595772400095,-0.3928571428571429,-0.3928571428571429,-0.7002261371176319,-0.2714485782134811,-3.0989559691330006,-0.7770450999331302,0.020457799290973574,0.006904487917146263,0.0,0.03827751196172269,0.2615384615384615,0.0,0.0,,0.0,0.0,-0.2118644067796609,-0.0037368518176786884
73,2015-04-30,0.01722097799047262,0.0008748833538423372,-0.08944202766781828,-0.2608608539183842,-2.5654868755292126,0.006861063464836947,-2.099792321209862,-2.099792321209862,-2.0588235294117645,-2.0,0.7076520010841088,2.497952361053072,-2.6924740484429064,-2.031825376989086,-0.020685692715997184,0.15314285714285705,0.0,-0.7188940092165899,-2.4390243902439024,0.0,0.0,,8.338028169014084,0.0,-0.2580645161290324,0.3541097476267654
74,2015-07-31,0.03448663296939514,0.04975998878085708,0.016867214467092717,0.028452127132736708,0.2826348773645457,0.035775127768313375,0.1439016123565584,0.1439016123565584,0.11111111111111116,0.11764705882352945,2.1092476986562265,-0.7164599909206031,-1.9023766930743675,-9.942511102139685,0.188889343689135,0.1689791873141724,0.0,-0.5901639344262295,0.1186440677966103,-0.7823862399303287,0.0,,0.2398190045248869,0.0,-0.3478260869565216,0.020723616715683013
75,2015-10-31,0.24557805051081605,0.05526736466475257,0.04448190967957655,0.12699981583700382,2.4909307634351774,0.08717105263157897,-1.5854814814814815,-1.5854814814814815,-1.5,-1.526315789473684,-0.28001905701791696,-2.9009016600657285,-2.6866326819597854,-0.1523480176609211,0.13467395218127898,-0.07884696905468414,0.0,-3.08,2.4621212121212124,-0.17658829414707344,0.0,,1.8029197080291968,-0.4454756380510441,-0.5111111111111111,-0.06365585633878312
76,2016-01-31,-0.03923339484113664,-0.060717408446473324,-0.053942892957440924,-0.1676151440556254,0.009906970151849936,-0.04236006051437213,-0.16526894158473104,-0.16526894158473104,-0.20000000000000007,-0.20000000000000007,-0.8229900269414379,-6.941883145668943,-0.31214843422046845,-2.391670217298679,-0.16517672582180631,-0.031293143120110445,-1.0614113159567704,0.5192307692307694,-0.002188183807440014,-0.7199270959902795,10.01695713612812,,0.0512152777777779,0.5899581589958158,-0.045454545454545525,0.12841706025475896
77,2016-04-30,0.15149489343706726,0.18676485705474533,0.17850743621731358,0.13490469698088536,0.06695883909305334,-0.0837282780410743,-2.2122813095444314,-2.2122813095444314,-2.25,-2.25,3.052202937249666,-0.657997418623216,-30.793726351763702,-3.0031534634519708,0.3963405676935914,-0.11021377672209033,-0.515527950310559,-0.40506329113924056,0.061403508771929786,-0.10845986984815614,-0.5550899995724485,,-0.07349298100743196,-0.35,-0.09523809523809523,0.04569236135333088
78,2016-07-31,0.02081947743866253,0.034708036239761375,0.0041200897183264465,0.7508648981483246,0.07854418156923937,-0.0913793103448276,1.3966564263770809,1.3966564263770809,1.4,1.2999999999999998,0.2705841652663834,1.679413625357213,-1.0834412126177797,-1.2564460169957816,-0.07279023635813464,0.0010678056593700358,0.4358974358974357,0.6595744680851063,0.0702479338842974,-0.05839416058394165,0.6379973092446665,,0.05659536541889487,0.8704453441295545,-0.10526315789473684,-0.40903026259930864
79,2016-10-31,-0.052967843299082884,-0.06370740228465233,-0.08871197998018178,-0.19162385477432664,0.06206283893624786,0.2438330170777989,0.09065164252071778,0.09065164252071778,0.08333333333333348,-0.0434782608695653,0.7725439858933967,-1.052480317845425,9.789817360565593,0.15179915071146532,-0.09042153750418168,0.1285333333333334,2.104166666666667,2.243589743589744,0.05405405405405417,0.05426356589147297,-0.17236726312701667,,0.12146773513285547,2.2792207792207795,0.0,0.1582431114987941
80,2017-01-31,-0.007753148198645475,-0.007520395471470209,-0.0259439412390996,-0.056399981163005035,0.04247717399956419,3.7406331045003816,-0.8944707136414574,-0.8944707136414574,-0.8846153846153846,-0.8636363636363636,-1.1920108842741255,-4.1279863481228665,-0.8307616703144693,0.08355432518789696,-0.10771654353375383,0.045841209829867724,0.14189837008628947,0.18181818181818188,0.0347985347985349,-0.007352941176470673,-0.6661940880413979,,0.05039488529522362,-0.4039603960396039,0.9411764705882352,0.051787533779293904
81,2017-04-30,-0.029016878466232243,-0.02792820206881508,-0.06338197972929371,-0.041337466921589794,0.05964753727971073,-0.8269790521917242,8.84874384874385,8.84874384874385,8.000000000000002,7.333333333333334,-3.742780952380953,1.1307841095075142,1.5518511547871912,-0.221245911033643,-0.09401126751631828,0.09037505648441037,0.2006717044500419,0.2976588628762542,0.056637168141592927,0.05432098765432092,-0.11658526226375032,,0.09129967776584323,0.28460686600221474,0.0,0.013983657653104055
82,2017-07-31,-0.014563017648247082,-0.009841678465696946,-0.07158966474977703,-0.1848810012233925,0.11548706802355445,5.776764126027602,0.5781307526429285,0.5781307526429285,0.5555555555555554,0.56,-0.29724436789910835,-2.29655750296767,0.857845771301535,0.05906791353671625,-0.10989575627999616,0.04268545379196032,0.15454545454545454,0.26804123711340194,0.10887772194304857,-0.014051522248243464,-0.17139423076923074,,0.13221784776902878,-0.2482758620689656,0.696969696969697,0.2147545069369443
83,2017-10-31,0.4439904847514853,0.043250213843542,0.012842915725165271,0.5780379431157392,1.262331225974521,0.8442486061156633,18.33104482586236,18.33104482586236,18.30952380952381,13.948717948717947,1.7380477103385576,-1.9694994973430997,-0.985158509612658,-2.1721118075358627,0.14471351467276694,-0.07392686804451509,0.0,7.323170731707316,1.246223564954683,-0.16389548693586695,-0.24049898462431096,,0.5665024630541869,4.165137614678899,0.625,-0.33890712624811925
84,2018-01-31,-0.12205523126564664,-0.04131413325252165,-0.05625578050523061,-0.10057114333703043,-0.1779686960233895,-0.5192229706854254,-1.4080518526691814,-1.4080518526691814,-1.405672009864365,-1.5643224699828473,-0.7422854544273372,-0.3800944357003981,-2.9071455865494844,-0.8968298074666864,0.013042670484439745,-0.09012875536480693,2.345245305875227,-0.4073260073260073,-0.17753866845998645,-0.59375,-0.8754774637127578,,-0.06363300036995934,-0.3836589698046181,-0.04395604395604402,0.06589768789117056
85,2018-04-30,0.01071371747837646,0.032234215892300355,0.02871219744531417,0.06040331013439393,-0.00684512624278244,-0.8678000727402169,-1.029271404820402,-1.029271404820402,-1.0303951367781157,-1.027355623100304,0.0482872587737726,-1.0873708106816418,-8.030855539971949,-0.6134785731386163,0.004976366497294604,0.14245283018867916,-0.1629549158066269,-0.08281829419035848,-0.0016353229762877677,0.3846153846153846,1.337423312883436,,-0.017384433030422697,-0.023054755043227737,-0.057471264367816126,-0.026544378123938617
86,2018-07-31,0.03312112119191668,0.05996407816575022,0.04613276517999254,0.07949745138948527,0.01997283442242193,8.585888385488008,2.6691685912240186,2.6691685912240186,2.5,2.7777777777777786,1.3540492158067703,4.253333333333333,-0.24516257729902255,21.953855682873954,0.11366117872215133,0.04335260115606943,-0.12329656067488648,-0.07187780772686425,0.022113022113022133,0.04545454545454541,0.09842519685039353,,-0.012665862484921629,-0.04277286135693215,-0.02439024390243893,-0.018095712861415647
87,2018-10-31,0.036941558701463865,0.01811662380564094,-0.008977399754086957,-0.09868143963430732,0.08453282097232417,0.8855434120200241,0.258398898505114,0.258398898505114,0.2857142857142858,0.1470588235294117,-0.2278985301628739,-1.265456202004425,0.609823316218665,-0.7408321865133976,0.02645088086982628,0.13771270280965564,-1.471996052306933,-1.4646660212971927,-0.012019230769230838,0.11111111111111116,0.15651135005973724,,0.04581551618814905,0.0,0.07499999999999996,0.12956287759557286
88,2019-01-31,-0.03684710568789274,-0.024705941654119656,-0.14414929161679502,-0.2723179470884307,0.06477416559289373,-0.4957449082365286,-0.47456117042062,-0.47456117042062,-0.5111111111111111,-0.4615384615384616,-1.207347190779996,-18.01912233390537,2.1102460073638047,-4.988390858451766,-0.1027778858446815,0.22573913043478264,-1.4521693674856246,-1.4666666666666668,0.06812652068126512,0.24347826086956534,0.0,,0.10552959501557636,-0.8062403697996918,0.03488372093023262,0.3402849566272641
89,2019-04-30,0.018980096216086432,0.042351723982816385,0.0382260914272341,0.09792082881442997,0.004329444751387968,0.1110867060487304,0.5688362684435984,0.5688362684435984,0.5454545454545456,0.5714285714285716,-8.381566820276497,-1.2845248555912476,-0.596181686572566,-1.3959902366439116,0.045361163858195885,0.16827468785471056,0.1884393063583816,0.2232142857142858,0.00987091875474566,0.09440559440559436,3.1291322314049586,,-0.014441704825642774,-0.001988071570576455,0.2247191011235956,-0.05060362173038213
