,Quarter end,Assets,Current Assets,Liabilities,Current Liabilities,Shareholders equity,Revenue,Earnings,Earnings available for common stockholders,EPS basic,EPS diluted,Cash from operating activities,Cash from investing activities,Cash from financing activities,Cash change during period,Cash at end of period,Price,ROE,ROA,Book value of equity per share,P/B ratio,P/E ratio,Cumulative dividends per share,Equity to assets ratio,Net margin,Asset turnover,Current ratio
0,1993-12-31,-0.004932200679314325,,0.005450991544096785,,-0.019088375002182408,-0.002322789429999084,0.21821698257733546,0.21821698257733546,0.22340425531914887,-0.2857142857142857,-0.4609310024731207,-0.4127784067031478,-2.9037007521004248,-0.5310767228682522,-0.39199989608014296,-0.010043942247332072,0.04738878143133452,0.009411764705882229,-0.018850141376060225,-0.033557046979865834,0.002958579881656931,inf,-0.014181044670290575,0.049624060150375904,0.0,
1,1994-03-31,-0.004932200679314325,,0.005450991544096785,,-0.019088375002182408,-0.002322789429999084,0.21821698257733546,0.21821698257733546,0.22340425531914887,-0.2857142857142857,-0.4609310024731207,-0.4127784067031478,-2.9037007521004248,-0.5310767228682522,-0.39199989608014296,-0.010043942247332072,0.04738878143133452,0.009411764705882229,-0.018850141376060225,-0.033557046979865834,0.002958579881656931,inf,-0.014181044670290575,0.049624060150375904,0.0,
2,1994-06-30,0.01149351343305116,,0.008755395751180117,,0.015319981936527284,-0.002322789429999084,0.21821698257733546,0.21821698257733546,0.22340425531914887,-0.2857142857142857,-0.4609310024731207,-0.4127784067031478,-2.9037007521004248,-0.5310767228682522,-0.3023261943252452,-0.04819277108433728,0.04738878143133452,0.009411764705882229,0.014409221902017322,-0.033557046979865834,0.002958579881656931,1.0,0.0038360105490289342,0.049624060150375904,0.0,
3,1994-09-30,0.031344629737591,,0.03326633728033124,,0.02867644272908243,0.007670425990167652,-0.195166491381818,-0.195166491381818,-0.2956521739130433,-0.2857142857142857,0.9889550579376044,0.09580073317427873,-2.030492221427672,-3.2947187960620727,0.9943810345424846,0.038640906062624936,0.04738878143133452,0.009411764705882229,0.028409090909090832,0.0277777777777779,0.002958579881656931,0.44444444444444464,-0.0026271793647002486,0.049624060150375904,0.0,
4,1994-12-31,-0.009030085372619956,,0.004262063178639197,,-0.027567861929923217,-0.02480731310221129,-0.03062146018201595,-0.03062146018201595,0.2716049382716048,-0.2857142857142857,0.21010611179735567,0.4830447710361556,0.10776658878105637,-0.6279909812435764,0.1854893295519071,-0.07825529185375246,0.04738878143133452,0.009411764705882229,0.01933701657458564,-0.108108108108108,0.002958579881656931,0.4230769230769229,-0.01867816091954033,0.049624060150375904,0.0,
5,1995-03-31,0.06808578898708761,,0.05771755602254936,,0.08301906036297058,0.11398355010773842,0.37202602876463375,0.37202602876463375,0.13592233009708732,-0.2857142857142857,0.014601474090665256,0.2720359512105126,-0.30507410034771965,-2.999310310298112,-0.31280045177601856,0.027139874739039668,0.04738878143133452,0.009411764705882229,0.030713640469738124,0.007575757575757569,0.002958579881656931,0.2432432432432432,0.013909224011712906,0.049624060150375904,0.0,
6,1995-06-30,0.06139369265361716,,0.052159155169765985,,0.07438338819346257,-0.023306699698681044,-0.12813772445612315,-0.12813772445612315,-0.14529914529914525,-0.2857142857142857,-0.2805988745471574,-0.0885160623478044,-11.823516066095767,-1.6356852904503192,0.2893610148115537,0.07588075880758803,-0.05540166204986141,0.009411764705882229,0.07449605609114808,0.04511278195488711,0.002958579881656931,0.21739130434782614,0.012274368231046884,-0.03510028653295138,0.0,
7,1995-09-30,0.053957519450390734,,0.049451612402030776,,0.06016461178208776,0.028726180707927762,0.06279077949488387,0.06279077949488387,0.08000000000000007,-0.2857142857142857,0.35816288938696417,-0.1542443360781114,-1.4339762668298746,-1.4041765257135617,-0.09070611589770873,-0.02518891687657432,0.003910068426197455,0.009411764705882229,0.06035889070146828,-0.09352517985611508,-0.001474926253687392,0.1785714285714286,0.005943889681407466,0.029695619896065395,-0.03125,
8,1995-12-31,0.08001979543479654,,0.0575723227445879,,0.1106297401174936,0.006300857817402861,-0.1406240817433949,-0.1406240817433949,-0.13888888888888895,-0.2857142857142857,-0.16531317615590224,0.2336692483267257,-1.380307978470971,3.8625298916448823,-0.4850709545679485,0.1246770025839794,-0.059396299902628964,-0.04428904428904423,0.10923076923076924,0.06349206349206349,0.043574593796159584,0.13636363636363624,0.028362089340581376,-0.010093727469358216,-0.03225806451612912,
9,1996-03-31,0.04967393733289805,,0.03644339264288776,,0.06685355897411971,0.07755050025859278,0.18042324080529012,0.18042324080529012,0.118279569892473,-0.2857142857142857,-0.026145893154321698,-0.3183205697313061,-3.2898657713556254,-0.6390825155743767,-0.3399584394824916,0.058587018954623815,-0.08695652173913049,-0.07317073170731714,0.06657420249653256,-0.044776119402985086,0.08351026185421095,0.14666666666666672,0.016318087795909042,-0.03787327021121634,-0.033333333333333326,
10,1996-06-30,-0.0010608966265819306,,0.006562570451086325,,-0.01067766546247062,-0.021595366347960557,-0.08498668643328255,-0.08498668643328255,-0.08653846153846156,-0.2857142857142857,-0.5192094225828565,-0.2695544867939877,-1.7954967801629498,-0.5451092529378481,-0.2343100610502754,-0.00868149755832881,-0.054421768707482936,-0.04473684210526319,-0.011053315994798418,-0.07031250000000011,0.010450685826257413,0.12790697674418605,-0.009724106739032012,-0.024981074943224768,-0.0344827586206895,
11,1996-09-30,0.03844171738215496,,0.036622797847298834,,0.04077621318862845,0.030856093789976,-0.13690993176877275,-0.13690993176877275,-0.12631578947368416,-0.2857142857142857,2.4313607561743997,0.2949460634345755,-2.9725386280425745,-15.616545855881055,4.472833685830255,-0.06677613574165298,-0.09712230215827332,-0.09090909090909084,0.04207758053911892,-0.058823529411764615,-0.06658047834518432,0.11340206185567014,0.0022836263987211503,-0.07298136645962727,0.0,
12,1996-12-31,0.059121581789129074,,0.04023680991480072,,0.08326255375742075,0.007781988017394825,0.3411842500431321,0.3411842500431321,0.3253012048192774,-0.2857142857142857,-0.7530414634896476,-0.8014089428041027,-0.33321479867247217,-0.8991694201732359,0.08239845613242225,0.05865102639296184,0.013280212483399723,0.024242424242424176,0.09085173501577293,0.017857142857142568,0.11565096952908592,0.11111111111111094,0.022784233310549015,0.036013400335008335,-0.0357142857142857,
13,1997-03-31,0.061736968942223365,,0.042222999645858066,,0.08569146909676563,0.0533709239117357,0.17596787465507455,0.17596787465507455,0.18181818181818168,-0.2857142857142857,2.9115824019441563,7.684921025712555,1.4975551121101252,-7.486625960160923,-0.4938412226986802,0.1407202216066481,0.014416775884665613,0.02366863905325456,0.08559861191440142,0.04385964912280715,0.07821229050279332,0.10000000000000007,0.02272220984629092,0.04688763136620855,0.0,
14,1997-06-30,0.0666416905689089,,0.04721664532079672,,0.08953232145787449,0.0009628395562655268,0.02408314956604385,0.02408314956604385,0.023076923076923,-0.2857142857142857,-0.5280628422876797,-0.9946940136556844,-0.215086652953952,-2.118379832116979,1.091181539954985,0.1000485672656628,0.012919896640826822,0.02890173410404628,0.0937666489078317,0.016806722689075567,0.031663788140472215,0.0984848484848484,0.02134611195817904,0.06563706563706573,-0.03703703703703709,
15,1997-09-30,0.08292505505064751,,0.06106381901087742,,0.1076859795020173,0.016182825918432897,0.015421687846462806,0.015421687846462806,0.022556390977443552,-0.2857142857142857,1.0057747289553047,116.01268742961037,0.17655752941574598,-0.558425586002298,0.2304141653245011,0.08300220750551879,0.02168367346938793,0.04494382022471899,0.11154408183146614,-0.01652892561983477,-0.007254464285714413,0.08275862068965534,0.022819364470036296,0.0942028985507246,-0.03846153846153855,
16,1997-12-31,0.0986929701778747,,0.06228733365745143,,0.1381919262364466,-0.019576368230849742,-0.05846412396554656,-0.05846412396554656,0.06617647058823528,-0.2857142857142857,-0.30749766361667563,-0.06444128544051653,-0.6101217162619825,-0.8553475999304091,0.02708219526084488,0.38442723196086415,-0.0674157303370787,-0.043010752688172005,0.12489044697633656,0.25210084033613445,0.24058459808881394,0.07006369426751591,0.03607172643869894,0.020529801324503216,-0.07999999999999996,
17,1998-03-31,0.059756937038002673,,0.04581803260155004,,0.07387165264105211,0.06249490056178386,0.1611079566944167,0.1611079566944167,-0.6482758620689655,-0.2857142857142857,0.3587021587003309,0.4866816194166599,0.1960103707302745,-3.020940595792017,-0.053300568805508486,0.15812720848056538,-0.061579651941097824,-0.0393258426966292,0.07323724191663405,0.026845637583892582,0.08337109198006343,0.08333333333333348,0.01328235057355598,0.018818948734588004,-0.0434782608695653,
18,1998-06-30,0.04207689646161605,,0.04417265161627682,,0.04001014724361185,0.011750956972338631,-0.3008862173014327,-0.3008862173014327,-0.3137254901960785,-0.2857142857142857,-1.3409428959451597,-0.9434730300590688,-7.705129676382833,-17.01497776737655,0.901666776467488,-0.05491990846681916,-0.12981455064194006,-0.11403508771929828,0.03738656987295808,-0.11764705882352933,-0.08364700961940608,0.08241758241758235,-0.0019860973187686426,-0.07070063694267514,-0.045454545454545525,
19,1998-09-30,-0.051991182412669416,,-0.032547962370905965,,-0.07124204383264278,-0.007348956856937372,-0.1008496176720476,-0.1008496176720476,-0.1142857142857142,-0.22857142857142845,-3.090027503793627,14.8996639462314,-1.3021641835747966,-1.6797696983867196,-0.3223097549315097,-0.14743072370191013,-0.11803278688524588,-0.11221122112211224,-0.0699790062981106,-0.1777777777777778,-0.1022364217252395,0.06598984771573613,-0.020298507462686462,-0.09321453050034267,-0.04761904761904756,
20,1998-12-31,0.11545805203738935,,0.08310657832287505,,0.1488239595779408,-0.012382325172991204,-0.1377870169139186,-0.1377870169139186,-0.096774193548387,-0.03703703703703709,0.17868608832771793,0.05181315860986136,0.09297649391107332,-0.1573584418934606,-0.4007606661963623,0.024928999684442843,-0.1394052044609665,-0.1375464684014871,0.1561324303987961,0.09909909909909898,0.14234875444839834,0.061904761904761914,0.029859841560024414,-0.11111111111111116,0.0,
21,1999-03-31,-0.0208630259695054,,-0.0031694790311782572,,-0.03806750334819686,0.05560079623597547,0.4132254953533228,0.4132254953533228,0.3928571428571428,0.4615384615384615,0.2720211742059673,-0.4804650495191618,0.9768610887984868,-1.0402061329659678,0.02688915050075935,-0.020935960591132896,-0.09503239740820736,-0.09913793103448276,-0.03351773511226819,-0.15573770491803274,0.13885180240320438,0.06726457399103136,-0.01755424063116373,-0.09268707482993188,0.0,
22,1999-06-30,0.01919171494227889,,0.015010157401173618,,0.02340519933470953,0.008687080622890921,0.3377483443708609,0.3377483443708609,0.3333333333333333,0.3421052631578947,-0.758419527401769,-0.782167458651048,-0.8160250612769192,2.8483502538071064,0.10076926911126982,0.10911949685534594,0.10978520286396187,0.11004784688995216,0.023905723905723875,0.15533980582524265,0.2059398202422822,0.0672268907563025,0.0042160208793415865,0.11152764761012167,0.0,
23,1999-09-30,-0.059479180930868784,,-0.03005159291380888,,-0.08888821421187842,-0.005578944840492039,-0.33862777378440423,-0.33862777378440423,-0.326923076923077,-0.3725490196078432,2.4120834377349034,7.073983258645471,1.2786406383585067,-4.055729596042869,-0.2797349513976937,0.015877516302806868,0.008602150537634357,0.0043103448275863,-0.08385399539625127,-0.008403361344537784,-0.09850939727802976,0.05905511811023612,-0.0313874450219912,0.00590219224283306,0.0,
24,1999-12-31,0.0936745379960664,,0.11094539226303857,,0.07529998127596382,-0.04896702774098505,-0.17706762963222664,-0.17706762963222664,-0.17142857142857149,-0.12499999999999988,2.8072993638758588,-0.5426375260495753,1.4782540724760027,-16.74677602115146,6.115698149584024,-0.14959531119173874,0.0149253731343284,0.0,0.09655419956927493,-0.07627118644067787,-0.17864845434938892,0.052044609665427455,-0.016718266253869962,0.003352891869237151,-0.05000000000000005,
25,2000-03-31,-0.07173028556405002,,-0.03324925783655785,,-0.11402759936575912,0.11588812795199455,0.6905527745233784,0.6905527745233784,0.6896551724137931,0.7142857142857142,-0.5800309086218659,8.371136145074871,-0.3692185410411042,-1.976856785512361,-0.8395748540732844,-0.04266491631112557,0.08823529411764698,0.06437768240343343,-0.11292962356792148,-0.12844036697247718,-0.055579868708971684,0.06007067137809185,-0.04554995801847184,0.041771094402673466,0.05263157894736836,
26,2000-06-30,0.013021696137452077,,0.01252083044021668,,0.013622429476913613,0.013193411171600113,-0.05883094137066393,-0.05883094137066393,-0.061224489795918324,-0.04166666666666663,-0.7900867438616231,-0.8690122778083196,-0.9963797827869671,-0.9395750681385292,-0.3162300589282764,0.1552965375385671,-0.009652509652509631,-0.032258064516129004,0.012177121771217658,0.3052631578947369,0.08294717330861913,0.056666666666666636,0.0004398504508467127,-0.05934242181234972,0.0,
27,2000-09-30,0.10164652176692024,,0.07748541470581682,,0.1305936196862385,0.03625215313567387,-0.9253353683026748,-0.9253353683026748,-0.9130434782608696,-0.9565217391304348,1.9072883905373992,0.2832680470061555,280.1436464088398,-0.22338325786601654,-0.3591698660294789,-0.027596439169139453,-0.21832358674463934,-0.2250000000000001,0.13160772876412685,-0.040322580645161366,0.003851091142490271,0.05362776025236582,0.026379424049241432,-0.22165387894288147,0.0,
28,2000-12-31,0.12705285796745924,,0.16025704160306842,,0.08914005644275469,-0.031115890561696613,-8.399856553702707,-8.399856553702707,-7.25,-13.5,-0.6280795823338507,-1.2683004825861968,-0.5753335822508696,-3.7197637912991484,1.5243621433658718,0.014647543484894719,-0.4413965087281795,-0.4516129032258064,0.08859536082474229,-0.10084033613445363,0.2600170502983801,0.047904191616766616,-0.033626044120796734,-0.443592552026287,0.0,
29,2001-03-31,-0.044542706902511615,,-0.017571353970106784,,-0.07734968919907359,0.06324779265117607,-2.759504712980688,-2.759504712980688,-2.8,-2.76,3.9127399650959855,-8.40394408928378,1.3391022674687645,-0.8069259310155283,0.11658976997377768,0.036390977443609085,-0.08928571428571419,-0.0980392156862746,-0.07605800532701977,-0.046728971962616835,0.8102165087956699,0.05428571428571427,-0.034352836879432684,-0.07677165354330706,0.0,
30,2001-06-30,0.06793313529597844,,0.05323463378654614,,0.0869702224655251,0.044519827410411716,-0.3256303967609105,-0.3256303967609105,-0.33333333333333337,-0.31818181818181823,-0.4591551471156074,-0.22653700370256544,-0.5304858748120598,-4.471174377224201,-0.3624459340953343,0.012188044109112006,-0.2696078431372549,-0.2717391304347826,0.08071748878923768,0.0980392156862746,0.0726966922070642,0.051490514905149005,0.017902226302501708,-0.2515991471215352,-0.05000000000000005,
31,2001-09-30,9.153486187463145e-05,,0.011667076412114286,,-0.014435475299887313,-0.0023551650939741538,-0.2701355987583728,-0.2701355987583728,-0.2333333333333333,-0.2666666666666666,0.8954127043055278,-0.4492966140979915,0.9623730670374584,-4.868402706581915,2.199165384436052,-0.004300458715596478,0.32885906040268464,0.29850746268656714,-0.013930053349140437,-0.0803571428571429,0.3080139372822299,0.0489690721649485,-0.01465614430665152,0.3276353276353277,0.0,
32,2001-12-31,0.029507002661053324,,0.042921164408838086,,0.01222671313211432,0.01551244816500219,-0.0017067711247901185,-0.0017067711247901185,-0.0434782608695653,0.0,-0.7910805313512292,0.003659102231537093,-0.4171300968372232,-1.4661352047577147,-0.32228092548733833,0.03512813129858938,0.6616161616161613,0.6551724137931034,0.010519987977156477,0.04854368932038833,-0.2565263718700053,0.041769041769041726,-0.016704805491990937,0.6180257510729612,0.0,
33,2002-03-31,0.05609284332688591,,0.04647657329481225,,0.06885628542847623,0.05068684637948917,1.1020768519297066,1.1020768519297066,1.0909090909090908,1.0909090909090908,3.6154955647972304,1.8584143502670132,0.36300007367567977,-0.7270928566555229,-0.12903225806451613,0.013908205841446364,-0.02431610942249252,-0.027777777777777683,0.06603212373587164,0.0,-0.38982443568613395,0.04716981132075482,0.01210146613916674,-0.0145888594164455,0.0,
34,2002-06-30,-0.014177180843847559,,0.0038410755011402116,,-0.03759163936983312,0.023289665211062568,-0.5333333333333333,-0.5333333333333333,-0.5217391304347827,-0.5434782608695652,-0.41145833333333337,-0.7964071856287425,0.054054054054053946,-4.333333333333334,0.4938271604938271,0.12537722908093274,-0.0778816199376946,-0.08571428571428574,-0.03599330357142872,0.055555555555555365,0.10657662947739266,0.045045045045044814,-0.023683605426534915,-0.0915208613728129,0.0,
35,2002-09-30,-0.05841877107273107,,-0.023436565825660668,,-0.10583468395461916,0.03982930298719767,1.057142857142857,1.057142857142857,1.0,1.0476190476190474,1.247787610619469,3.3235294117647056,0.4615384615384615,0.25,0.4132231404958677,-0.0958069234519746,0.2195945945945945,0.1953125,-0.10303907380607813,-0.061403508771929675,-0.0225524011674183,0.04525862068965525,-0.05040037682524723,0.16148148148148134,0.05263157894736836,
36,2002-12-31,0.027404267757965558,,0.035998530672217484,,0.014681892332789603,-0.012311901504788005,-0.2222222222222222,-0.2222222222222222,-0.20454545454545456,-0.18604651162790695,-0.5748031496062992,0.2857142857142858,-2.175438596491228,-1.28,-0.3450292397660819,-0.11809112968455115,0.11357340720221608,0.09150326797385633,0.017102291061632746,-0.009345794392523366,-0.25841476655808915,0.03917525773195885,-0.012400793650793608,0.06760204081632648,0.0,
37,2003-03-31,-0.035991180027028946,,-0.007918685734546793,,-0.07842086459449804,-0.020775623268698085,0.017857142857142794,0.017857142857142794,0.0,0.0,1.0277777777777777,-0.2275132275132276,-1.8507462686567164,-2.142857142857143,0.1428571428571428,0.005502904310608292,-0.024875621890547258,-0.05389221556886215,-0.07645939086294418,-0.018867924528301886,-0.08455344070278181,0.045634920634920466,-0.043947764942240175,-0.08243727598566307,0.049999999999999815,
38,2003-06-30,0.10160112152291,,0.07934238741958533,,0.13781740647412288,0.1287128712871286,0.4736842105263157,0.4736842105263157,0.5142857142857145,0.4857142857142858,-0.0639269406392694,0.15753424657534246,0.07017543859649122,-2.5625,-0.1953125,0.026755852842809347,0.2397959183673468,0.20886075949367067,0.14015802129852273,0.1153846153846152,0.11075569772091164,0.0436432637571158,0.032834252692408805,0.18359375,0.0,
39,2003-09-30,0.0018754186202276648,,0.014569536423840956,,-0.017717206132879082,0.04887218045112785,0.2380952380952381,0.2380952380952381,0.2075471698113207,0.23076923076923084,0.326829268292683,-0.242603550295858,-0.5573770491803278,-5.68,1.135922330097087,0.051821143026354655,0.10699588477366273,0.09424083769633508,-0.017776438686351148,-0.0775862068965516,-0.14578833693304538,0.040000000000000036,-0.019582909460834186,0.08030803080308035,0.0,
40,2003-12-31,0.0368364754646342,,0.012293298520452469,,0.07596253902185213,0.002389486260454099,0.24038461538461545,0.24038461538461545,0.265625,0.25,-0.5588235294117647,0.5546875,0.8518518518518519,-2.102564102564102,-0.5863636363636364,0.04138513513513509,0.20817843866171004,0.21531100478468912,0.07699386503067474,0.05607476635513997,-0.07585335018963335,0.040209790209790215,0.03761348897535677,0.19755600814663946,0.04761904761904767,
41,2004-03-31,0.014765619962602285,,0.02514777001612045,,-0.0008059316569954955,0.03694874851013119,0.13178294573643412,0.13178294573643412,0.12345679012345667,0.125,1.5,-0.08040201005025127,-0.07999999999999996,-1.5503875968992251,0.7802197802197801,0.06271965396052992,0.18461538461538465,0.19291338582677173,-0.0005696382796922528,-0.008849557522123686,-0.1445508435932512,0.04201680672268915,-0.015250000000000097,0.17772108843537435,0.0,
42,2004-06-30,-0.013216418858813084,,-0.011741272670091174,,-0.015486368769156322,0.06091954022988499,0.061643835616438374,0.061643835616438374,0.01098901098901095,0.011111111111111072,-0.56,-1.6174863387978142,1.652173913043478,0.732394366197183,0.7592592592592593,0.013482574408547388,0.1428571428571428,0.14191419141914174,-0.01595896266742669,0.017857142857142568,-0.18123667377398733,0.041935483870967794,-0.0022848438690022954,0.11119133574007224,0.0,
43,2004-09-30,0.017772054088860182,,0.031293094303596065,,-0.003113223005079435,-0.047670639219934974,-0.4193548387096774,-0.4193548387096774,-0.4130434782608695,-0.4175824175824176,1.606060606060606,-3.0442477876106198,-0.2868852459016393,-0.7886178861788617,0.09122807017543866,-0.006526104417670764,-0.03863636363636369,-0.04046242774566466,-0.001448016217781789,0.008771929824561429,-0.13802083333333326,0.04024767801857587,-0.020610687022900587,-0.037686809616634176,0.0,
44,2004-12-31,0.01904340124003534,,0.013988891174655516,,0.027120315581854012,0.07167235494880543,1.1444444444444444,1.1444444444444444,1.1111111111111107,1.1509433962264146,-0.8633720930232558,0.2987012987012987,-3.8505747126436782,-1.1923076923076923,-0.01607717041800638,0.011874684183931228,0.12056737588652487,0.11445783132530107,0.03190255220417648,0.008695652173912993,0.038519637462235634,0.0401785714285714,0.008054040010392116,0.09115462525320717,0.04545454545454541,
45,2005-03-31,-0.019184205624883544,,-0.0067965104483668215,,-0.038726196191390616,-0.02760084925690021,-0.2538860103626943,-0.2538860103626943,-0.2807017543859649,-0.2894736842105262,2.191489361702128,0.023333333333333428,-1.1290322580645158,36.8,-0.6176470588235294,0.0581772784019976,0.004219409282700593,-0.00540540540540535,-0.03766160764474413,0.02586206896551735,-0.05818181818181822,0.0414878397711016,-0.020103092783505083,-0.01608910891089099,0.0,
46,2005-06-30,0.014305608304848729,,0.01031559595546927,,0.020809056101215303,0.026200873362445483,0.09722222222222232,0.09722222222222232,0.09756097560975617,0.09876543209876544,0.21333333333333335,-0.8273615635179153,1.3125,-1.2910052910052912,0.4700854700854702,-0.03846153846153855,0.004201680672268893,-0.002717391304347672,0.024532710280373626,0.0,-0.037065637065636925,0.041208791208791284,0.006575486586007262,0.0006289308176099517,0.0,
47,2005-09-30,-0.0024962556165751826,,0.007784067933683802,,-0.019080234833659504,0.0042553191489360645,-0.259493670886076,-0.259493670886076,-0.25555555555555554,-0.2584269662921348,0.2802197802197801,3.943396226415095,-0.3918918918918919,-2.3454545454545457,-0.4302325581395349,0.0017177914110428905,0.04916317991631791,0.04359673024523159,-0.01852907639680723,-0.02521008403361347,-0.004811547714514863,0.04089709762532978,-0.01672328194408146,0.027655562539283585,0.0,
48,2005-12-31,0.0011886886886887105,,-0.005216170127394948,,0.011803823773898658,0.02436440677966112,0.5641025641025641,0.5641025641025641,0.5671641791044777,0.5757575757575757,0.030042918454935563,-0.4312977099236641,0.5555555555555556,-1.2837837837837838,0.2142857142857142,0.05169034786869186,-0.009970089730807595,-0.015665796344647598,0.015393552134766118,0.07758620689655182,0.004029008863819517,0.03929024081115329,0.010629816635663092,-0.022629969418960342,0.04347826086956519,
49,2006-03-31,0.04749109541960883,,0.0647373197539578,,0.01938876109102861,0.6618407445708376,2.0163934426229506,2.0163934426229506,2.019047619047619,2.0096153846153846,0.4458333333333333,2.093959731543624,-3.871428571428571,3.1428571428571432,0.7310924369747901,0.020498485907290972,0.6646525679758308,0.6551724137931034,0.024027459954233388,0.0,0.034510433386837784,0.040243902439024426,-0.02682093084407056,0.41802252816020014,0.16666666666666674,
50,2006-06-30,0.010320348386327005,,0.0295482526754427,,-0.022404900064474487,-0.3895457373988799,-0.7608695652173914,-0.7608695652173914,-0.7570977917981072,-0.7571884984025559,-1.3112391930835736,-0.0390455531453362,1.72636815920398,-1.0344827586206895,-0.014563106796116497,0.009358593928326721,-0.02298850574712641,-0.04006410256410253,-0.02206703910614527,-0.008000000000000007,-0.4003103180760279,0.0398593200468933,-0.03242366927857343,-0.03486319505736979,-0.0357142857142857,
51,2006-09-30,0.043398677373641885,,0.03090792015453969,,0.06578730420445167,-0.014271151885830837,-0.12878787878787878,-0.12878787878787878,-0.1298701298701298,-0.13157894736842102,-2.6759259259259256,-0.5756207674943566,-0.9215328467153284,-13.0,0.17733990147783252,0.0671641791044777,-0.01981424148606814,-0.026711185308848195,0.06569551556698094,0.08870967741935497,0.09184993531694684,0.037204058624577215,0.0215023736386486,-0.006858710562414272,0.0,
52,2006-12-31,-0.025408861977250896,,-0.07075934683679841,,0.05321782178217816,0.028955532574974182,0.13913043478260878,0.13913043478260878,0.11940298507462675,0.13636363636363624,0.07734806629834258,-5.670212765957447,-26.81395348837209,-2.0277777777777777,-0.15481171548117156,-0.01123119304937492,-0.08022741629816799,-0.07032590051457976,0.05574912891986061,-0.07407407407407418,-0.010663507109004766,0.035869565217391264,0.08064516129032251,-0.05893186003683248,0.0,
53,2007-03-31,0.05800720009290439,,0.10553101594008064,,-0.014688601645123422,0.03618090452261313,0.4809160305343512,0.4809160305343512,0.4933333333333334,0.4800000000000002,0.11794871794871795,-2.2517084282460136,-1.7891891891891891,-0.8648648648648649,-0.02475247524752477,-0.05529361337333905,-0.396978021978022,-0.3966789667896679,-0.008123889312008137,-0.10399999999999987,-0.003592814371257358,0.03777544596012605,-0.06880849987351377,-0.2959882583170255,-0.14814814814814814,
54,2007-06-30,0.0023599143845014488,,-0.006514375054286425,,0.01759093619558727,0.2318137730358876,0.8092783505154639,0.8092783505154639,0.8214285714285714,0.8198198198198197,-0.4633027522935779,-0.9162875341219291,-1.1141552511415524,14.0,-0.3807106598984772,0.022912885662432103,0.3439635535307517,0.35474006116207946,0.016892756590734415,0.02678571428571419,0.6526442307692306,0.035389282103134516,0.015213257267046918,0.2897845726198749,0.04347826086956519,
55,2007-09-30,-0.03515111695137973,,-0.030949466689980776,,-0.04219162027541756,-0.2267716535433071,-0.6467236467236468,-0.6467236467236468,-0.6470588235294118,-0.6435643564356436,0.5811965811965811,-3.4347826086956523,2.48,-1.8133333333333332,0.5,-0.09403415391439353,0.008474576271186418,0.013544018058690764,-0.008557764913163735,-0.10434782608695647,-0.34545454545454546,0.03515625,-0.007225046829007154,0.007543103448276024,0.0,
56,2007-12-31,-0.055896039042106486,,-0.033922771562612815,,-0.09314775160599577,-0.006109979633401208,0.5,0.5,0.5416666666666671,0.5277777777777779,0.0,-0.53125,-0.2902298850574713,-0.29508196721311475,0.23497267759562845,0.018604651162790642,0.10504201680672276,0.07572383073496658,-0.09037826859609044,0.029126213592233,0.005555555555555536,0.03301886792452824,-0.0393530997304582,0.07379679144385021,0.0,
57,2008-03-31,-0.0415940373865481,,-0.019798281658573003,,-0.08095800303592515,-0.2786885245901639,-1.2258064516129032,-1.2258064516129032,-1.2342342342342345,-1.2363636363636363,-0.03783783783783778,0.15238095238095228,0.165991902834008,-0.7441860465116279,0.04867256637168138,-0.10093727469358338,-0.2387832699619773,-0.25051759834368525,-0.06782026234998606,-0.018867924528301886,-0.16464088397790064,0.03561643835616435,-0.0412457912457912,-0.2161354581673306,-0.04166666666666663,
58,2008-06-30,-0.07111947318908751,,-0.03734756097560976,,-0.13617177463754815,0.3025568181818181,-2.5,-2.5,-2.4615384615384617,-2.4615384615384617,-0.1235955056179775,0.3471074380165289,-0.2256944444444444,7.7272727272727275,0.4050632911392405,-0.12616947340283347,-0.4155844155844155,-0.4364640883977901,-0.13203592814371254,-0.05769230769230771,0.2076719576719579,0.03439153439153442,-0.06994439566871513,-0.4123252858958069,-0.0434782608695653,
59,2008-09-30,-0.034298831949226886,,-0.0482977038796516,,-0.004248990864669677,0.29334787350054525,2.9206349206349205,2.9206349206349205,2.9736842105263164,2.9473684210526314,-0.05128205128205132,1.901840490797546,1.7219730941704037,-0.8541666666666666,0.04204204204204198,-0.15234016518813087,0.4940170940170941,0.4411764705882351,-0.004484304932735439,-0.020408163265306145,0.5640744797371302,0.03324808184143202,0.031151667715544337,0.29729729729729737,0.13636363636363644,
60,2008-12-31,-0.06530098580717336,,-0.044613144758735464,,-0.10774482611478553,-0.14249578414839806,-0.3481781376518218,-0.3481781376518218,-0.3311258278145696,-0.32666666666666666,-0.9864864864864864,0.5898520084566596,-0.8484349258649094,46.28571428571429,1.9077809798270893,-0.0884157343919163,0.03203661327231111,0.0,-0.1084546084546084,-0.08333333333333326,-0.3494397759103641,0.032178217821782214,-0.0454684162343606,-0.06500000000000006,0.040000000000000036,
61,2009-03-31,-0.0195227765726681,,0.004353978447806607,,-0.07197513151602107,-0.12487708947885935,-0.7826086956521741,-0.7826086956521741,-0.7821782178217822,-0.7821782178217822,19.0,-1.6090425531914894,-0.17391304347826084,-1.746223564954683,-0.4895936570862239,-0.059778305621536076,0.28492239467849223,0.2380952380952381,-0.07228915662650602,0.04545454545454541,-0.027987082884822326,0.0311750599520384,-0.05338874680306915,0.12477718360071323,0.1153846153846152,
62,2009-06-30,0.03158376563930432,,0.01636501571475013,,0.06776603968049466,-0.017977528089887618,-1.5428571428571427,-1.5428571428571427,-1.5454545454545454,-1.5454545454545454,1.925,-0.2860262008733624,-0.32894736842105265,-0.47165991902834,-0.5067961165048543,0.01768421052631597,-0.13373597929249348,-0.1428571428571429,0.0674486803519061,0.09782608695652173,-0.13953488372093026,0.03023255813953485,0.03512326916582253,-0.15293185419968314,0.0,
63,2009-09-30,0.052063304244934105,,0.02367242482405629,,0.1163127413127414,0.15217391304347827,-10.0,-10.0,-9.75,-9.75,0.7521367521367521,-1.003058103975535,-0.7647058823529411,-1.7432950191570882,0.7637795275590551,-0.015308233347124613,-0.17629482071713154,-0.1762820512820512,0.1157770800627944,-0.07920792079207918,0.17374517374517362,0.029345372460496618,0.06101141924959207,-0.14031805425631427,-0.0344827586206895,
64,2009-12-31,0.015042879235203088,,0.008333333333333305,,0.028966709900561938,0.12413108242303884,0.43274853801169605,0.43274853801169605,0.4380952380952381,0.4285714285714286,-0.20487804878048774,-32.0,0.9166666666666669,-0.4381443298969072,0.2433035714285714,0.0911764705882352,0.1995163240628779,0.21789883268482504,0.02778754836440367,-0.021505376344086,0.31798245614035103,0.029239766081871288,0.013530135301353052,0.20457018498367807,0.0,
65,2010-03-31,0.01218836565096959,,0.007334710743801542,,0.022058823529411686,-0.2164310954063604,-0.7224489795918367,-0.7224489795918367,-0.7218543046357616,-0.72,-0.32515337423312884,6.709677419354839,0.13043478260869554,-2.422018348623853,-0.2782764811490126,0.06160954948016939,0.019153225806451516,0.04472843450479225,0.021560574948665368,0.03296703296703285,-0.13477537437603992,0.028409090909090832,0.01001213592232997,0.07678410117434509,-0.0357142857142857,
66,2010-06-30,-0.0006157635467980428,,0.012203876525484604,,-0.02631038026721477,-0.01014656144306647,-0.6029411764705883,-0.6029411764705883,-0.5952380952380951,-0.5952380952380951,0.30000000000000004,-0.2635983263598326,0.6923076923076923,-0.5032258064516129,-0.1915422885572139,0.016322089227421174,0.06429277942631062,0.07951070336391441,-0.024455611390284737,0.0,-0.054807692307692335,0.027624309392265237,-0.025833583658756317,0.0981543624161072,0.0,
67,2010-09-30,0.0316971315122887,,0.019250253292806496,,0.05763141228625712,0.2198177676537585,4.777777777777779,4.777777777777779,4.588235294117646,4.588235294117646,0.14685314685314688,-1.0738636363636365,0.2954545454545454,-2.5584415584415585,0.3692307692307693,-0.024982155603140543,-0.048327137546468335,-0.04249291784702558,0.05734890109890101,0.0,-0.11495422177009162,0.026881720430107503,0.024976873265494914,-0.0450725744843391,0.0,
68,2010-12-31,0.0016589250165892633,,0.0002982107355864461,,0.0043912175648701535,-0.12605042016806722,-0.1923076923076923,-0.1923076923076923,-0.17894736842105252,-0.18947368421052624,-0.30487804878048785,-10.769230769230768,-0.17543859649122806,-1.5,-0.1348314606741573,0.11566617862371895,-0.2500000000000001,-0.24852071005917156,0.0025982461838258697,0.05319148936170226,0.15287356321839085,0.0268324607329844,0.003008423586040809,-0.2008,-0.07407407407407418,
69,2011-03-31,0.01815170586286841,,0.018682301500546616,,0.0170906200317964,-0.007478632478632451,-0.5079365079365079,-0.5079365079365079,-0.5128205128205128,-0.5064935064935066,-0.5,-0.7637795275590551,-0.2978723404255319,-0.9,-0.015584415584415591,0.07874015748031504,-0.028645833333333263,-0.027559055118110187,0.01684483317136376,0.08080808080808087,0.4187437686939184,0.02549394518801784,-0.0011997600479903836,-0.026026026026026102,0.0,
70,2011-06-30,0.021666991996876828,,0.038435274607355296,,-0.011918718249316118,0.04951560818083967,-1.7903225806451613,-1.7903225806451613,-1.7894736842105263,-1.7894736842105263,-1.9298245614035088,-2.8666666666666667,1.0909090909090908,10.0,-0.1741424802110818,-0.0672141119221411,-0.21715817694369974,-0.21862348178137647,-0.012424338961452673,-0.0841121495327104,-0.05059732958538299,0.0248601615910502,-0.03273273273273258,-0.2250770811921892,0.040000000000000036,
71,2011-09-30,-0.018468984842695213,,-0.001784875528417107,,-0.0535890844374135,-0.03179487179487184,-1.3877551020408163,-1.3877551020408163,-1.4,-1.4,-3.716981132075472,-2.7321428571428568,-0.2463768115942029,-0.9242424242424242,-0.015974440894568676,-0.13302901858493646,-0.458904109589041,-0.4663212435233161,-0.047419354838709626,-0.12244897959183675,0.0932642487046631,0.02425712553062476,-0.03601366035392739,-0.4456233421750663,-0.03846153846153855,
72,2011-12-31,0.016610433428497332,,-0.0012234142668925418,,0.056205599665691615,0.011652542372881271,6.052631578947367,6.052631578947367,5.833333333333332,5.916666666666668,-0.3125,-1.649484536082474,-0.3846153846153846,-27.0,0.4220779220779221,0.042873260624294966,0.05063291139240489,0.03883495145631066,0.05485946495089733,0.09302325581395343,0.9356804333107652,0.023682652457075012,0.0389694041867954,0.04306220095693791,-0.040000000000000036,
73,2012-03-31,0.022593821802399768,,0.01903326109488357,,0.030069238377843813,0.032460732984293195,-0.35820895522388063,-0.35820895522388063,-0.35365853658536583,-0.3614457831325301,0.494949494949495,-2.587301587301587,0.9375,-1.1076923076923078,-0.031963470319634764,0.1918499819689865,0.13855421686746985,0.13084112149532712,0.02921348314606753,0.1276595744680853,0.12242042672263033,0.023134759976865427,0.0074395536267823905,0.12844036697247718,0.04166666666666674,
74,2012-06-30,0.004181750093621206,,0.012020342117429415,,-0.012099097368926448,0.034482758620689724,-0.627906976744186,-0.627906976744186,-0.6226415094339622,-0.6226415094339622,-0.20945945945945946,1.04,0.19354838709677424,10.5,-0.3797169811320755,0.07685325264750409,0.4206349206349205,0.4214876033057853,-0.012788521522146046,0.04716981132075482,-0.06014334683702094,0.02317693612210281,-0.016307692307692356,0.410569105691057,0.0,
75,2012-09-30,0.024240164087264482,,0.0159890360895385,,0.04179626749611187,0.014705882352941124,2.46875,2.46875,2.45,2.4,0.4358974358974359,-1.2303921568627452,-0.16216216216216214,-1.9503105590062109,0.5817490494296578,0.07783085136274215,0.3016759776536313,0.3139534883720929,0.040758293838862425,0.09009009009009006,-0.2430371352785147,0.022099447513812098,0.01720362840162659,0.3083573487031701,0.0,
76,2012-12-31,0.004187147278354343,,-0.0022482014388489624,,0.017540585930210906,0.033816425120772875,0.7297297297297298,0.7297297297297298,0.6956521739130435,0.7058823529411762,0.22023809523809532,-2.0,0.403225806451613,-0.5359477124183006,0.17067307692307687,0.015641293013555883,0.13876967095851225,0.14601769911504436,0.014268366727383075,-0.02479338842975209,-0.2382829610162067,0.022162162162162158,0.01322263222632225,0.1277533039647576,0.0,
77,2013-03-31,0.029550398839738982,,0.014150518251464515,,0.06088391710984786,0.030841121495327032,-0.19791666666666666,-0.19791666666666666,-0.18803418803418806,-0.18965517241379304,-0.7219512195121951,1.1702127659574466,-0.28735632183908044,-2.507042253521127,-0.2197125256673511,0.1160164271047226,0.1306532663316582,0.14285714285714302,0.05956300508829693,0.10169491525423746,-0.027027027027026973,0.02168164992067689,0.030652503793626718,0.1298828125,0.040000000000000036,
78,2013-06-30,-0.00017608733932028553,,0.007376466405972337,,-0.014866032843560915,0.0009066183136898776,-0.2857142857142857,-0.2857142857142857,-0.2947368421052631,-0.2978723404255318,2.4035087719298245,0.2549019607843137,0.032258064516129004,-1.0186915887850467,0.005263157894736858,0.09383624655013813,0.13000000000000012,0.14189189189189166,-0.016384180790960382,0.030769230769230882,-0.05673758865248235,0.02122153209109734,-0.01472320376914016,0.13656006914433896,0.0,
79,2013-09-30,0.017905365739109946,,0.016585796206440184,,0.02052991752939115,0.04347826086956519,0.19090909090909086,0.19090909090909086,0.19402985074626852,0.19696969696969704,0.4793814432989692,-0.296875,0.0625,63.5,0.33769633507853397,-0.01576955424726656,0.014749262536873253,0.02366863905325456,0.01952900631820786,0.0,-0.14724310776942362,0.021287379624936653,0.002390914524805554,0.00760456273764265,0.0,
80,2013-12-31,0.018628525289809076,,0.005988023952095745,,0.043672627235213264,0.01736111111111116,-0.06870229007633588,-0.06870229007633588,-0.07500000000000008,-0.07594936708860768,-0.10104529616724732,1.1,1.1617647058823528,-1.6046511627906976,-0.15264187866927592,0.07177953428754535,-0.1424418604651163,-0.13583815028901736,0.045633802816901436,0.05223880597014907,0.038207200587803136,0.0208436724565757,0.024746571258199342,-0.13886792452830202,0.0,
81,2014-03-31,0.0158532442531989,,0.01570048309178751,,0.01614497528830316,0.014505119453924962,-0.25409836065573765,-0.25409836065573765,-0.2432432432432432,-0.2465753424657533,-0.5,-1.2063492063492065,-0.45578231292516996,-2.128205128205128,0.20323325635103928,-0.03229021327486559,-0.13559322033898302,-0.13043478260869568,0.0161637931034484,-0.07092198581560273,0.10120311394196736,0.021390374331550888,0.0002909514111142375,-0.13847502191060468,0.0,
82,2014-06-30,0.021903912607290188,,0.01851537285544413,,0.028372243839169812,0.02102607232968889,-0.07692307692307687,-0.07692307692307687,-0.0892857142857143,-0.07272727272727275,0.7209302325581395,-4.487179487179487,0.8125,-1.6704545454545454,-0.11324376199616125,-0.003913491246137935,-0.08235294117647063,-0.07692307692307687,0.0275715800636267,-0.022900763358778664,0.1381748071979434,0.02094240837696315,0.006399069226294518,-0.0793489318413022,0.03846153846153855,
83,2014-09-30,0.0075811289882739,,0.008839226150767265,,0.0052025855273529755,0.054365733113673764,1.1785714285714284,1.1785714285714284,1.1960784313725492,1.1764705882352944,0.2702702702702702,0.7205882352941178,-0.32413793103448274,-0.15254237288135594,-0.10822510822510822,-0.02253928866832089,0.09544159544159547,0.10416666666666652,0.006191950464396356,-0.046875,0.03444381705251276,0.020512820512820662,-0.0026011560693641744,0.09281767955801112,0.0,
84,2014-12-31,0.015102305943488046,,0.006777979831377179,,0.030897114178168206,-0.014062499999999978,-0.08743169398907102,-0.08743169398907102,-0.0892857142857143,-0.09009009009009017,-0.14893617021276595,-1.0854700854700854,-0.17346938775510198,-4.58,0.4344660194174757,0.06240744658345654,0.07282184655396629,0.0792452830188679,0.026666666666666616,0.05737704918032782,-0.054585152838427915,0.020100502512562683,0.01564763836569094,0.07381193124368046,0.0,
85,2015-03-31,0.007678771396576467,,0.008949096880131345,,0.005324813631522929,0.018225039619651277,-0.2335329341317365,-0.2335329341317365,-0.2352941176470588,-0.2376237623762376,-0.10416666666666664,-5.4,-0.03703703703703709,-0.7262569832402235,0.08291032148900168,0.04579848665870179,0.05212121212121201,0.05594405594405605,0.003996003996004083,0.015503875968992276,-0.04618937644341803,0.020600089565606883,-0.002282453637660442,0.049905838041431234,0.0,
86,2015-06-30,-0.0004762660739799918,,0.008300105785661982,,-0.016797820823244547,0.02412451361867696,0.375,0.375,0.3717948717948718,0.37662337662337664,0.18604651162790709,2.4204545454545454,0.3717948717948718,-4.122448979591837,-0.2390625,-0.00990099009900991,0.15668202764976955,0.1556291390728477,-0.015174129353233812,-0.01526717557251911,-0.07445520581113807,0.020184291355857864,-0.016299685444666978,0.14080717488789252,0.0,
87,2015-09-30,-0.007253282507412084,,0.0008070373658299879,,-0.022625827304909918,-0.028875379939209744,-0.011363636363636355,-0.011363636363636355,-0.009345794392523366,-0.009433962264150941,0.11764705882352945,-0.2325581395348837,0.14018691588785034,-0.5555555555555556,-0.13963039014373713,0.02557692307692294,-0.01294820717131484,-0.017191977077363974,-0.021217479161404484,0.046511627906976834,-0.1170699803793328,0.01978494623655913,-0.01569767441860459,-0.013364779874213915,0.0,
88,2015-12-31,0.007306276998560123,,0.0048383194903636175,,0.012125984251968536,-0.011737089201877882,-0.10344827586206896,-0.10344827586206896,-0.09433962264150952,-0.09523809523809534,0.08421052631578951,-0.9826839826839828,0.4754098360655738,-2.8382352941176467,0.298329355608592,0.07087942996437269,-0.011099899091826293,-0.020408163265306145,0.009290322580645105,0.0888888888888888,0.08740740740740738,0.03880219316743983,0.005020673360897732,-0.017529880478087567,0.0,
89,2016-03-31,0.029595510376958963,,0.020142845678516874,,0.04792282557958605,0.07996832937450504,0.20512820512820507,0.20512820512820507,0.1875,0.18947368421052624,-0.16828478964401294,26.0,-0.5555555555555556,-0.448,0.12683823529411775,0.047102083698126414,0.0887755102040817,0.08630952380952372,0.047046791102020036,0.04081632653061229,0.06335149863760225,0.01948842874543244,0.017631501616220957,0.07785888077858871,0.0,
90,2016-06-30,0.03620095644572418,,0.03681560730018885,,0.03504083147735715,0.0051319648093841605,-0.3457446808510638,-0.3457446808510638,-0.3421052631578947,-0.34513274336283184,-0.0933852140077821,0.8425925925925926,0.25,-1.9565217391304348,-0.1076672104404568,0.16020066889632112,-0.09278350515463918,-0.09041095890410956,0.03443223443223431,0.10457516339869266,0.0608584240871235,0.019115890083632125,-0.0011550678602367805,-0.08577878103837466,0.0,
91,2016-09-30,0.0150860999454121,,0.011684370257966536,,0.02151771625304844,0.022611232676878142,0.4634146341463414,0.4634146341463414,0.4533333333333334,0.4594594594594597,0.4334763948497855,-0.6030150753768844,0.020000000000000014,-3.3181818181818183,0.2797074954296161,0.09512827904295196,-0.018595041322314043,-0.012048192771084263,0.02030217186024541,0.059171597633136175,0.18538647342995174,0.01875732708089095,0.006360219716681215,-0.01399176954732506,0.0,
92,2016-12-31,-0.0033732583720361697,,-0.0005999700014999165,,-0.008566212610588429,-0.0641940085592011,-0.4444444444444444,-0.4444444444444444,-0.44036697247706413,-0.4444444444444445,-0.16467065868263475,-0.11392405063291144,0.2941176470588236,-0.4967320261437909,0.1100000000000001,-0.028033693077125662,-0.10736842105263156,-0.10365853658536596,-0.008329477093937944,-0.04469273743016766,-0.03515028018339261,0.018411967779056404,-0.005170927894283306,-0.09432387312186984,0.0,
93,2017-03-31,0.01800255077013646,,0.012832057631697369,,0.02776203966005664,0.16082317073170738,1.0099999999999998,1.0099999999999998,1.0,1.0166666666666666,-0.5125448028673836,2.5142857142857142,-0.06060606060606055,-4.038961038961038,-0.3011583011583011,-0.018686526743398768,0.0023584905660378737,0.006802721088435382,0.02799813345776947,-0.011695906432748536,0.07761351636747628,0.01883239171374762,0.009529309846953549,-0.007373271889400845,0.0,
94,2017-06-30,0.023370115164072613,,0.027265318218863355,,0.016124586549062903,-0.0899540380827315,-0.5024875621890548,-0.5024875621890548,-0.5,-0.5041322314049587,1.2720588235294117,-0.6463414634146342,0.28225806451612895,-1.2692307692307692,0.11602209944751385,-0.017110528494549415,-0.050588235294117816,-0.05067567567567577,0.02042669087607796,-0.041420118343195145,-0.03870651641352274,0.01848428835489835,-0.0068649885583524925,-0.04085422469823585,0.0,
95,2017-09-30,0.01666823618043134,,0.014713306887847109,,0.020344500203445026,0.018759018759018756,0.020000000000000014,0.020000000000000014,0.016393442622950838,0.01666666666666661,-0.025889967637540482,0.4482758620689655,-0.32704402515723274,0.0793650793650793,0.11221122112211224,0.0780569984557069,-0.14622057001239153,-0.14590747330960852,0.019795373665480342,0.055555555555555365,0.12130479102956172,0.01814882032667886,0.003456221198156584,-0.13552758954501454,0.0,
96,2017-12-31,0.011624675805854023,,-0.033335702608571986,,0.09570650006646277,-0.0007082152974504652,5.294117647058823,5.294117647058823,5.306451612903227,5.360655737704918,0.016611295681063117,-0.2142857142857143,1.0934579439252334,-1.25,-0.025222551928783418,-0.03750488344836578,0.9956458635703921,1.0375,0.09640130861504903,-0.058479532163742576,0.1122727272727273,0.035650623885918,0.08323765786452353,1.0414333706606942,0.0,
97,2018-03-31,-0.017076408918188846,,-0.005588235294117672,,-0.03603057139390997,-0.1325301204819277,-1.0482866043613708,-1.0482866043613708,-1.0485933503836318,-1.0489690721649485,-0.4967320261437909,-0.4545454545454546,-0.3169642857142857,2.117647058823529,-0.08066971080669716,0.0005411987552430553,-0.2392727272727273,-0.2269938650306749,-0.03700019892580075,-0.08695652173913049,-0.5202288516550878,0.01824440619621326,-0.01934287228404885,-0.17937465715852974,-0.07407407407407418,
98,2018-06-30,0.013507219375873404,,0.02366163856847092,,-0.003775484520513461,0.272875816993464,-8.0,-8.0,-8.0,-7.947368421052633,1.012987012987013,2.9074074074074074,0.1895424836601307,0.5660377358490567,-0.13741721854304634,-0.037998647734956086,0.12428298279158699,0.13492063492063489,0.00537079115885164,0.0,0.2367972742759794,0.017917511832319155,-0.017022426371250954,0.10895721925133683,0.040000000000000036,
99,2018-09-30,0.03308823529411775,,0.021814504478474328,,0.05280444669024753,0.2291399229781772,1.5483870967741935,1.5483870967741935,1.5563909774436089,1.5606060606060606,0.16774193548387095,-0.4549763033175356,-0.1648351648351648,-2.144578313253012,0.18234165067178496,0.02783244307000277,0.4481292517006803,0.4708624708624709,0.052188206287240524,0.020408163265306145,-0.10399449035812668,0.017602125539687874,0.01896646509070909,0.3628691983122363,0.0769230769230771,
100,2018-12-31,-0.02424377224199292,,-0.0031104199066873672,,-0.06011519078473726,-0.629242819843342,-1.8173598553345391,-1.8173598553345391,-1.8147058823529407,-1.8195266272189352,-0.01933701657458564,-0.3826086956521739,-0.23684210526315785,0.7684210526315789,0.2727272727272727,0.052242888402625816,-0.7897827363476219,-0.7923930269413629,-0.061316149189611376,0.0,-0.2951575710991545,0.017297650130548403,-0.0366873482600486,-0.7651481645289695,-0.1071428571428572,
101,2019-03-31,0.06459995441075916,,0.043965394979435635,,0.10174901059619557,2.0408450704225354,-2.5376106194690258,-2.5376106194690258,-2.5415162454873643,-2.523465703971119,-0.4366197183098591,-0.21126760563380287,0.0862068965517242,-0.8928571428571429,0.022959183673469497,0.05094879126592145,2.4608938547486034,2.4580152671755724,0.09985437903058036,0.11999999999999987,4.067611777535442,0.017965992941931352,0.0350042005040605,2.007532956685499,0.1200000000000001,
102,2019-06-30,0.042180541281260815,,0.032875967939138606,,0.05805330243337204,-0.1139416396479852,-0.3841726618705036,-0.3841726618705036,-0.38641686182669777,-0.38625592417061616,0.3799999999999999,1.8571428571428568,-0.08730158730158732,-0.9444444444444444,0.0012468827930174342,0.1824140489735344,0.16464891041162244,0.17439293598233996,0.05731038396065835,0.07738095238095255,-0.6653755110824188,0.017648912700913844,0.015151515151515138,0.14464621164683766,0.03571428571428559,
