,Quarter end,Assets,Current Assets,Liabilities,Current Liabilities,Shareholders equity,Revenue,Earnings,Earnings available for common stockholders,EPS basic,EPS diluted,Cash from operating activities,Cash from investing activities,Cash from financing activities,Cash change during period,Cash at end of period,Price,ROE,ROA,Book value of equity per share,P/B ratio,P/E ratio,Cumulative dividends per share,Equity to assets ratio,Net margin,Asset turnover,Current ratio
0,1993-12-31,0.03292716795112138,0.051874034003091214,0.08913591683392519,0.13902439024390234,-0.08357333333333339,0.06841807909604514,-0.047459893048128365,-0.047459893048128365,-0.05102040816326525,-0.04395604395604402,-0.1701553004726536,-0.6962106615285806,-6.9421487603305785,0.21052631578947367,0.026370575988896583,0.049999999999999815,-0.018286814244465988,-0.6990521327014219,-0.10483870967741926,0.022950819672131303,0.11431938715380086,inf,-0.13491124260355036,-0.015686274509803866,-0.048000000000000036,-0.07648801508214388
1,1994-03-31,0.03292716795112138,0.051874034003091214,0.08913591683392519,0.13902439024390234,-0.08357333333333339,0.06841807909604514,-0.047459893048128365,-0.047459893048128365,-0.05102040816326525,-0.04395604395604402,-0.1701553004726536,-0.6962106615285806,-6.9421487603305785,0.21052631578947367,0.026370575988896583,0.049999999999999815,-0.018286814244465988,-0.6990521327014219,-0.10483870967741926,0.022950819672131303,0.11431938715380086,inf,-0.13491124260355036,-0.015686274509803866,-0.048000000000000036,-0.07648801508214388
2,1994-06-30,0.02515585877766391,0.054871889062356516,0.00987572650380386,-0.08710165008187433,0.06279462259209677,0.06841807909604514,-0.047459893048128365,-0.047459893048128365,-0.05102040816326525,-0.04395604395604402,-0.1701553004726536,-0.6962106615285806,-6.9421487603305785,0.21052631578947367,0.03110209601081815,-0.08333333333333337,-0.018286814244465988,-0.6990521327014219,0.09009009009009006,0.022950819672131303,0.11431938715380086,0.5555555555555558,0.057911536707706324,-0.015686274509803866,-0.048000000000000036,0.155511811023622
3,1994-09-30,0.012654493000688438,-0.0031341139598659584,0.0104108178925697,0.03642635391514326,0.01790603438834748,0.020940193538152352,0.059649122807017514,0.059649122807017514,0.07526881720430101,0.06896551724137945,1.0927583401139138,1.0274841437632136,0.8553546592489569,5.173913043478262,0.18622950819672132,-0.024531024531024515,-0.018286814244465988,-0.6990521327014219,0.03305785123966953,-0.10416666666666674,0.11431938715380086,0.3571428571428571,0.010775862068965305,-0.015686274509803866,-0.048000000000000036,-0.03817275537888831
4,1994-12-31,-0.005730195215125078,-0.049080826164796254,0.00013892426312245298,0.017905877654263547,-0.019366291893055054,0.03387372455586046,-0.09205298013245032,-0.09205298013245032,-0.08999999999999997,0.096774193548387,0.1710730948678072,0.6558915537017727,0.12293853073463268,-1.3873239436619718,-0.06080707573244881,0.12573964497041426,-0.018286814244465988,-0.6990521327014219,-0.024000000000000018,0.0894454382826475,0.11431938715380086,0.0,-0.01791044776119399,-0.015686274509803866,-0.048000000000000036,-0.06579637890317502
5,1995-03-31,0.254802682990362,0.1411121825779491,0.3482115985646488,0.12313628040805645,0.03346316309177677,-0.007915435098441947,0.1415025528811087,0.1415025528811087,0.15384615384615394,-0.0490196078431373,-0.5415006640106241,7.459697732997483,-9.054739652870492,-1.1454545454545455,0.009417304296645002,0.03942181340341655,-0.018286814244465988,-0.6990521327014219,0.04098360655737698,0.0640394088669951,0.11431938715380086,0.5263157894736841,-0.16804168475901005,-0.015686274509803866,-0.048000000000000036,0.016010111649462866
6,1995-06-30,0.014946480700616329,0.03315895372233402,0.002249467683220097,0.026259097525473063,0.0541960825946175,0.05574912891986061,-0.08498402555910545,-0.08498402555910545,-0.09523809523809534,-0.09278350515463918,-0.4156408399710355,-0.9001786511835641,-0.9609646941819989,-4.8125,-0.035568513119533574,0.1327433628318584,-0.02671568627450971,-0.6990521327014219,0.07086614173228356,0.08950617283950613,0.11431938715380086,0.2068965517241379,0.054801670146137786,-0.023904382470119608,-0.03361344537815125,0.0067039878360630745
7,1995-09-30,-0.015033172689736253,0.00447923969774866,0.03609916562441096,0.04482015204811085,-0.16530715005035246,0.020902090209020896,-2.7472067039106145,-2.7472067039106145,-2.8526315789473684,-3.0,2.655514250309789,0.02162565249813575,-3.070063694267516,-10.60655737704918,0.3542926239419588,-0.03125000000000011,-0.6716192394862756,-0.6990521327014219,-0.2058823529411765,-0.09631728045325773,-0.033844526705446916,0.17142857142857149,-0.1954477981197428,-0.6897959183673469,-0.02608695652173898,-0.03858300151036642
8,1995-12-31,-0.00815044580862023,-0.08480359843344065,-0.014039091179680495,-0.04805603822762816,0.01333172467877186,0.008620689655172377,-1.4896083133493203,-1.4896083133493203,-1.4602272727272727,-1.4261363636363638,0.004745762711864332,-0.06058394160583945,0.8461538461538463,-1.25938566552901,-0.06785714285714284,0.026497695852534697,-0.055981595092024494,-0.12204724409448807,0.0092592592592593,0.2931034482758621,2.5150519978106187,0.0,0.027060270602706105,-0.0964912280701754,-0.0357142857142857,-0.0386318194801486
9,1996-03-31,0.02084451016055366,0.024150495720701715,0.023832285115303886,0.08887114254748729,0.01023931420407198,-0.046033073206986234,0.17142857142857149,0.17142857142857149,0.1728395061728394,0.1866666666666668,-0.4095816464237517,0.15384615384615374,-0.8488888888888889,-0.875,-0.009099616858237571,0.06621773288439957,-0.04386677497969127,-0.08071748878923768,0.018348623853211118,0.05696969696969713,0.4089068825910933,0.14634146341463405,-0.0059880239520958565,-0.08252427184466016,0.0092592592592593,-0.05942211988412693
10,1996-06-30,0.011587366694011392,0.03375806718517293,-0.0068472954820955065,-0.00901042485200898,0.0779021803182085,0.05531479768223213,0.037630662020905925,0.037630662020905925,0.03157894736842115,0.033707865168539415,-0.4885714285714286,-0.22356902356902356,-1.2573529411764706,8.0,-0.0826486225229579,0.05894736842105264,0.06542056074766367,0.034146341463414664,0.09909909909909898,0.038990825688073334,0.1703138815207781,0.1276595744680853,0.09096385542168672,0.02645502645502651,0.00917431192660545,0.04311774461028195
11,1996-09-30,0.0036619361378611437,-0.0004802305106451632,-0.009055222009632493,0.018660464132790544,0.045812376995407744,0.029206847229271467,0.08059100067159175,0.08059100067159175,0.08163265306122458,0.07608695652173902,2.5329608938547485,0.02775368603642669,-23.957142857142852,-2.9239766081871346,0.1733403582718651,0.03677932405566597,2.3285486443381176,2.4764150943396226,0.05737704918032782,-0.056291390728476776,-0.015015582207951628,0.1132075471698113,0.05797901711761444,2.4484536082474224,0.0,-0.018775077598606967
12,1996-12-31,-0.002449216629423434,-0.0501681614349776,-0.02338587526423541,-0.011779968863518396,0.06330371144798752,0.02994709943512963,0.12927284027346175,0.12927284027346175,0.13207547169811318,0.11111111111111116,0.06483238456673003,0.02700421940928277,0.18668326073428745,-0.2249240121580547,0.1145038167938932,0.08724832214765099,0.03425970292285574,0.09362279511533256,0.07751937984496116,0.02807017543859636,-0.7550335570469798,0.10169491525423746,0.08402922755741128,0.08520179372197312,0.009090909090909037,-0.03880873389398965
13,1997-03-31,-0.008681895842561516,-0.001264595540193092,-0.008964788492347497,0.07372787901066014,-0.007865886632908879,-0.06542178114390185,-0.06659328563566314,-0.06659328563566314,-0.5333333333333332,-0.5272727272727273,-0.5396495396495397,-0.4075595727198028,-0.1552176192973257,-4.1725490196078425,-0.32594681708299755,0.1278659611992945,-0.01459346768589287,0.03970223325062028,-0.007194244604316501,0.046643913538111585,0.02700587084148709,0.0923076923076922,0.000481463649494529,0.030303030303030495,0.009009009009008915,-0.06983464440520147
14,1997-06-30,0.01408163004761964,0.043472755666230434,-0.009131870399669784,-0.01134640778598328,0.08096724641989983,0.07163150295747744,0.03655660377358494,0.03655660377358494,0.03571428571428559,0.03846153846153855,0.7535483870967743,0.2552011095700417,-0.2936064556176288,-1.8281829419035849,0.40047818290496107,0.13682564503518369,-0.016925246826516194,0.039379474940334,0.09420289855072483,0.1456521739130434,0.2557164634146343,0.08450704225352124,0.08662175168431174,0.024064171122994527,0.017857142857142568,0.05540214014497735
15,1997-09-30,-0.02040739248665524,-0.03911337620838895,-0.023708280542201088,0.02275537966856289,-0.011689204675681908,-0.0016080664087965155,0.07281001137656418,0.07281001137656418,0.06896551724137945,0.07407407407407396,0.2284768211920529,0.07955801104972382,1.1362038664323375,-1.1029850746268657,-0.029449423815620986,0.1946354883081156,0.0021520803443326737,0.04477611940298498,-0.006622516556291425,0.09108159392789372,0.14294385432473433,0.09090909090909084,0.007085916740478205,0.03263707571801566,0.008771929824561429,-0.06050695012264906
16,1997-12-31,-0.03115240775725792,-0.07539148004714602,-0.04711027359513609,-0.05223700120918984,0.010482374768089107,0.006224969528121127,0.09437963944856832,0.09437963944856832,0.09677419354838723,0.0862068965517242,0.009583707696915187,-0.21084953940634601,0.21349238996297812,5.420289855072464,-0.1948109058927001,-0.016119746689694958,0.011930326890956744,0.04615384615384621,0.013333333333333421,-0.009565217391304335,-0.059479553903345576,0.011904761904761862,0.04617414248021112,0.03413400758533491,0.01739130434782621,-0.024456048738033087
17,1998-03-31,0.011301683314099307,0.042385613475984574,0.026641294005708804,0.022862975248787887,-0.02643899752134393,-0.06575816569327275,-0.05038759689922479,-0.05038759689922479,-0.0441176470588236,-0.04761904761904767,-0.3981014535746069,0.3216601815823605,-0.6352542372881356,-0.8442437923250564,-0.03768432550518841,0.13867758923346996,0.019335062485263062,0.04306722689075615,-0.03289473684210531,0.12379280070237053,0.0934500282326367,0.08235294117647074,-0.041193778898696916,0.034229828850855785,0.0,0.019091801231153616
18,1998-06-30,-0.0003934993900759354,0.007992662473794487,-0.017972341856112184,-0.06645711719802427,0.045214521452145114,0.04491780504746479,0.03826530612244894,0.03826530612244894,0.030769230769230882,0.03333333333333344,0.3701330704780681,-0.34641805691854755,0.966542750929368,-0.9855072463768116,-0.0005675368898978572,0.1166495375128469,0.029840388619014387,0.04733131923464251,0.054421768707483054,0.15468749999999987,-0.044926413632842666,0.07608695652173902,0.056992547128452475,0.04018912529550822,0.008547008547008517,0.07975137879716354
19,1998-09-30,0.010287498851841548,0.010962346722128258,0.04047002220577345,0.17433595211373001,-0.06328657133835536,0.0039441613117661145,0.056019656019655965,0.056019656019655965,0.059701492537313376,0.06451612903225823,0.2755395683453237,-0.7057057057057057,0.4319470699432893,-340.0,0.192504258943782,-0.06534744592728957,0.04335130278526522,0.035576923076923166,-0.06451612903225812,-0.1136671177266576,-0.09624222762908896,0.07070707070707072,-0.08461219411032772,0.03750000000000009,0.0,-0.1391276147235284
20,1998-12-31,-0.001831335316197613,-0.03784501971541232,-0.00410834652391201,-0.03772812087562005,0.004334007512279747,0.010947294076101288,0.08980921358771532,0.08980921358771532,0.09859154929577474,0.4090909090909092,-0.03186689227298367,7.357142857142858,-0.3141914191419142,-1.8348082595870203,-0.13476190476190475,0.001477104874446189,0.046286329386436835,0.028783658310120638,0.013793103448275891,0.07099236641221363,-0.030511516601854693,0.06603773584905648,0.007702763932940558,0.03614457831325302,-0.008474576271186418,-9.417969485780996e-05
21,1999-03-31,-0.03804715557174832,0.01305180631653968,0.021162225873276645,0.027856602345819104,-0.19701764480245496,-0.05017029080429658,-0.1080273270708796,-0.1080273270708796,-0.10256410256410264,-0.3010752688172044,-0.06204485872414799,-0.5537240537240538,0.15399422521655448,-1.2579505300353355,0.04017611447440839,0.039823008849557466,0.0829218106995886,0.023465703971119245,-0.2448979591836734,0.02565930149679274,-0.07096575131132354,0.06194690265486735,-0.20818345323740994,0.01374207188160681,0.008547008547008517,-0.0144108505227466
22,1999-06-30,0.0029217617141001906,0.05021546038167268,-0.01140238890540568,0.07762388993696212,0.051830178539439935,0.05042982577115796,0.09191000478697943,0.09191000478697943,-0.4571428571428571,-0.44615384615384623,-0.2872670807453416,-0.3310533515731874,-0.28899082568807344,0.2465753424657535,0.04814814814814805,0.1607565011820331,0.10374311229336874,0.03527336860670194,0.07207207207207202,0.5371785962473941,0.14048488874128218,0.05833333333333335,0.06530380465644514,0.025026068821689233,0.008474576271186418,-0.02542048929663609
23,1999-09-30,0.0036145878290894102,0.01762686317199802,0.015885651612446816,0.008283518360375773,-0.03576497303434578,0.01269146608315097,0.05085488820692685,0.05085488820692685,0.05263157894736836,0.05555555555555558,0.7978213507625271,0.2678936605316973,0.6844574780058652,6.0769230769230775,0.3250883392226149,0.0606924643584521,0.09433637459115184,0.036626916524701965,-0.04201680672268915,-0.010849909584086936,0.024752475247524552,0.06299212598425208,-0.04744136460554371,0.02238046795523907,0.016806722689075567,0.009315552069033116
24,1999-12-31,-0.002432403375799641,-0.03114585476239462,-0.026694760304386445,-0.037223680867282116,0.07959964674712983,0.012921348314606671,0.0871923237380059,0.0871923237380059,0.09999999999999988,0.05263157894736836,-0.20358700920988848,1.3790322580645158,-0.15529247910863508,-1.9767080745341612,-0.2396190476190476,0.08294930875576045,0.0744061664307063,0.038619556285949035,0.11403508771929838,0.13071297989031086,0.047456663824950285,0.05925925925925912,0.10632344711807497,0.02288557213930353,0.016528925619834656,0.006314971339745457
25,2000-03-31,-0.005267341137799586,0.03291149991506703,0.025441013346692017,0.008884979107103508,-0.09887113486393627,-0.04355987883442125,-0.07943207981580969,-0.07943207981580969,-0.06818181818181822,-0.05000000000000005,0.015216068167985375,-1.0555932203389828,0.3742786479802143,-1.108108108108108,0.03406813627254501,-0.046453900709219835,0.035285505124450715,0.03322784810126578,-0.11811023622047236,-0.14430072756669354,-0.004069451980466599,0.05594405594405605,-0.11633788568538185,0.025291828793774233,0.008130081300812941,0.023749758640664087
26,2000-06-30,-0.0032367280606717674,-0.01369074538502657,-0.0020064205457464013,-0.1020621702925404,-0.00750423626240615,0.042332054598982934,0.09170487703209672,0.09170487703209672,0.09756097560975617,0.10526315789473673,-0.029976019184652317,-14.439024390243905,-0.41631673665266944,1.6176470588235294,0.08624031007751931,0.07177389364075859,0.056003394145099916,0.036753445635528285,0.0,0.2153991497401984,0.032961046036502406,0.04635761589403975,-0.003434459072696017,0.029411764705882467,0.008064516129032251,0.09845341380611106
27,2000-09-30,-0.0167117294601975,-0.016006669445602358,-0.0101047184489782,-0.07214993202563602,-0.03975609756097565,0.012753027774211391,0.05116456662848412,0.05116456662848412,0.04444444444444429,0.04761904761904767,0.3121137206427689,-0.4364791288566243,0.9126413155190134,-1.7471910112359552,-0.05932203389830504,-0.10721721027064536,0.0574527922860586,0.042836041358936594,-0.0535714285714286,-0.10726778080062194,-0.14108649789029534,0.05063291139240489,-0.03273980470993687,0.029493087557603607,0.008000000000000007,0.06052541208791218
28,2000-12-31,0.002100288789708582,-0.005676522917902216,0.02152835420235588,0.17430664573521715,-0.06775463550927098,0.01960701457849145,0.04140937159462399,0.04140937159462399,0.021276595744680767,0.04545454545454541,0.07018370230805471,-0.28341384863124,0.1171413218699624,-0.6766917293233083,-0.020388809862494032,0.07928488146132917,0.09891084093211756,0.031161473087818917,-0.0660377358490567,0.14061819764910766,0.03991403131716287,0.04819277108433751,-0.0878859857482186,0.017905102954342,0.015873015873015817,-0.15332307941390755
29,2001-03-31,-0.02146905119755116,-0.00038343558282205587,0.02923481207427137,0.05645915957399405,-0.22123833526326545,-0.04985701852542579,-0.06557377049180324,-0.06557377049180324,-0.02083333333333337,-0.0434782608695653,-0.2425176056338029,0.008988764044943753,-0.3374218374218374,-5.953488372093022,0.10309777347531468,0.021966150522146236,0.14175406246398525,0.036401098901098994,-0.2828282828282829,0.0942748091603054,-0.01417183348095652,0.04597701149425282,-0.2714843749999999,0.020228671943711696,0.015625,-0.05373362654173442
30,2001-06-30,0.006848349914043261,0.01926437369475353,0.01961937076915321,-0.1224059389235701,-0.05965188489460337,0.01613888161912236,0.07204180664427029,0.07204180664427029,0.06382978723404252,0.06818181818181812,-0.19320162696106916,1.7349665924276167,-0.5252268602540835,0.08920187793427226,0.1017990346643265,-0.011275546159267071,0.0,0.03048376408217357,-0.07042253521126751,0.3784443669340776,-0.04492362982929021,0.0439560439560438,-0.08936550491510276,0.024137931034482696,0.007692307692307666,0.16136202889764562
31,2001-09-30,-0.0031349717292727948,0.005519548400585439,0.040262928123095065,0.036191483225992416,-0.2481629615849689,0.02644230769230771,0.03133704735376042,0.03133704735376042,0.040000000000000036,0.042553191489361764,0.7137198415556356,-0.30130293159609123,1.7010703363914377,0.6594827586206897,0.1533253683791318,0.006058446186742783,0.0,0.02315112540192921,-0.3636363636363637,0.08223684210526305,-0.02195045468798995,0.047368421052631726,-0.3591756624141316,0.015993265993266004,0.007633587786259444,-0.029580650774317038
32,2001-12-31,-0.019374403324535328,-0.08371106582941734,-0.02788819383957553,-0.015028526369497697,0.04713596436966472,0.00970224155235866,-0.0030384875084402685,-0.0030384875084402685,0.01923076923076916,0.0,0.054423198150872036,0.9312354312354312,0.27681856778941416,-4.036363636363636,-0.4036602209944752,0.02302515054906129,0.0,0.016970458830924073,0.09523809523809534,0.6076689268178629,-0.004488618146841983,0.045226130653266416,0.10719754977029106,0.0074565037282519064,0.007575757575757569,-0.06975076205845421
33,2002-03-31,0.00970679189096324,0.04116365616774087,0.044180894044050456,0.06498704968212854,-0.2403119092627599,-0.0907886017229954,-0.01896376566203861,-0.01896376566203861,-0.018867924528301886,0.0,-0.3541251494619371,-0.38684369342184666,-0.5364664154289515,-1.1035072711719418,0.07006369426751591,-0.03185595567867028,0.0,0.020395550061804716,-0.3913043478260869,-0.11605584642233854,-0.04702093397745577,0.043269230769230616,-0.396957123098202,0.029605263157894687,-0.007518796992481258,-0.0223592906707788
34,2002-06-30,0.011570201060601805,0.02767970010025711,0.03931602596105832,-0.0414768958655759,-0.26500777604976666,0.046373906705539314,0.1287538833275803,0.1287538833275803,0.13461538461538458,0.12244897959183687,0.15705029311940755,-0.09645669291338588,0.06599713055954083,4.1735537190082646,0.3387445887445888,-0.04613733905579398,0.0,0.034524530587522806,-0.5357142857142858,0.5671273445212242,-0.0709699222710376,0.041474654377880116,-0.548165137614679,0.03753993610223638,-0.007575757575757569,0.07216088328075697
35,2002-09-30,-0.028860979507162713,-0.052638276213098016,-0.008511468716224324,0.05683443280896805,-0.3157003808717732,0.03687418371789297,0.011314984709480223,0.011314984709480223,0.016949152542372836,0.03636363636363616,0.4784,-0.08932461873638342,1.319425751458053,-1.7460063897763578,-0.18876313662085686,-0.05774278215223105,0.0,0.03571428571428559,-1.0,1.0295013123359582,-0.09494361586031286,0.039823008849557695,0.0,0.030023094688221837,0.007633587786259444,-0.1036226553880102
36,2002-12-31,0.022934919099923512,-0.0024177300201477787,0.01998516253084825,-0.062071674887598786,0.08317872603586897,0.016248897846076416,0.030843664953129624,0.030843664953129624,0.03333333333333344,0.017543859649122858,-0.3547979797979798,-0.04066985645933019,-0.3984526112185687,-0.29764453961456105,-0.16342800199302446,0.08356545961002793,0.0,0.03278688524590168,-inf,0.0,0.04220257234726699,0.03829787234042548,-0.8020304568527918,0.03587443946188329,0.0,0.06369884090675959
37,2003-03-31,0.02277345072807324,0.06687312059602357,0.02605055737802253,0.08944943454181598,-0.040251213245789286,-0.02974714923153199,-0.049574655324141965,-0.049574655324141965,-0.048387096774193616,-0.0344827586206895,0.026279004752586044,-0.21820448877805487,-0.13826366559485526,-2.1554878048780486,0.2257296009529481,-0.037458685273595305,0.0,0.01970443349753692,-0.3333333333333333,3.5195282189229733,-0.07674508291554183,0.03688524590163933,-0.2564102564102564,0.010101010101010166,0.007575757575757569,-0.0207328833172612
38,2003-06-30,0.02457026184366629,0.027722855580329053,-0.028832243504426813,-0.006621384937417263,1.1225461035098157,0.046925566343042124,0.11049382716049384,0.11049382716049384,0.1186440677966103,0.10714285714285697,-0.010623808226641218,-0.7910685805422648,0.2597014925373133,-0.6464379947229552,0.06511175898930999,0.1007249141549027,0.0,0.014492753623188468,17.5,0.6510810718005655,0.0664160401002507,0.04743083003952564,17.689655172413797,0.007857142857142785,0.007518796992481258,0.03456425406203833
39,2003-09-30,-0.0027872406317744907,0.013057715923045388,-0.02149528533762346,0.040380149651672914,0.1732062780269059,0.026519157243960038,0.015564202334630297,0.015564202334630297,0.015151515151515138,0.016129032258064502,0.5126651982378854,3.641221374045801,0.33886255924170605,1.7537313432835822,0.1683394160583942,-0.03223570190641245,0.0,0.00846560846560851,0.32432432432432434,-0.947688041594454,-0.06110458284371334,0.04528301886792452,0.3191881918819188,0.010630758327427436,0.0,-0.026270702455739592
40,2003-12-31,0.009829867674858273,0.008727625358600388,0.003486177079527364,0.010788244533542768,0.0596034400382226,0.01933592202234724,0.018336070060207987,0.018336070060207987,0.0149253731343284,0.03174603174603185,-0.11175828176192217,-1.3125,0.1053097345132743,-0.7506775067750677,0.035923467395548636,-0.035100286532951275,0.0,0.008919202518363091,0.14285714285714302,-0.2714020673204347,-0.05965790571547769,0.04332129963898912,0.1118881118881121,0.006311360448807646,0.0,-0.002052785923753686
41,2004-03-31,0.002981761779964786,0.027438413779290904,0.015474005188342852,0.03982988468144266,-0.0898433096606921,-0.02297286791572728,-0.09029830690674544,-0.09029830690674544,-0.08823529411764708,-0.09230769230769242,-0.2391393442622951,-2.7894736842105265,-0.3476781425140112,-0.32608695652173914,0.023369770071617117,-0.014847809948032697,0.0,0.0015600624024960652,-0.1250000000000001,-0.1380502000727537,-0.042590949423247586,0.04152249134948094,-0.1232704402515724,-0.006271777003484247,0.0074626865671640905,-0.011950239984327538
42,2004-06-30,0.123888496353868,0.10522417153996112,0.10536773383928176,0.038618845367311534,0.2774337379242011,0.023154963198726897,0.10457902511078276,0.10457902511078276,0.11290322580645153,0.1186440677966103,-0.2655534608133585,20.94117647058824,-2.916231972997852,22.516129032258068,0.5370165745856355,0.05953278070836476,0.0,-0.022845275181723745,0.4489795918367348,0.2110149820637266,0.0468025949953661,0.039867109634551534,0.27690100430416065,-0.0014025245441795509,-0.022222222222222254,0.06414196490532365
43,2004-09-30,0.007022205352059219,-0.0067021764436134825,-0.021151506960400024,-0.0035971223021582506,0.20913321698662,0.04821713263599947,-0.12008558438085047,-0.12008558438085047,-0.1159420289855072,-0.12121212121212133,1.1507150715071508,-0.8241286863270778,-1.8051240992794235,-1.320301783264746,-0.1119098969566259,-0.07681365576102417,0.0,-0.05844845908607865,0.295774647887324,-0.3629552186792123,-0.0916334661354582,0.03833865814696491,0.2853932584269663,-0.04143258426966279,-0.015151515151515138,-0.0030743432084962
44,2004-12-31,0.021591123256690548,-0.026989594800951755,0.0255436658612358,0.03769713091392735,-0.0013631625370860154,0.039915420855436416,-0.13161094224924008,-0.13161094224924008,-0.13114754098360648,-0.13793103448275856,-0.10690537084398977,0.3658536585365855,-0.1907319013524265,0.09207708779443258,-0.13761467889908252,-0.09167950693374427,0.0,-0.09480812641083523,0.0,-0.2989606126914661,-0.07309941520467833,0.036923076923077065,-0.02097902097902093,-0.08131868131868125,-0.015384615384615441,-0.062330623306233075
45,2005-03-31,0.0021446113756644625,0.07456476513741372,0.03352406597105362,0.13187094884095665,-0.185000802954874,-0.021510362786715698,0.050402520126006316,0.050402520126006316,0.05660377358490565,0.06000000000000005,-0.1886216113020237,-0.6489955357142857,-0.3723273531580241,-2.8490196078431373,0.29505632040050056,0.10008481764206968,0.0,-0.06234413965087271,-0.21739130434782614,0.10027311744049938,0.17087276550998953,0.035608308605341366,-0.2312500000000001,-0.04944178628389162,-0.015625,-0.05062786525812246
46,2005-06-30,-0.0027958350112178287,-0.005026832416276107,-0.026600664365270643,-0.20240714378154526,0.1772413793103449,0.0344513306598615,0.14261912695768084,0.14261912695768084,0.1428571428571428,0.16981132075471694,-0.2861176470588235,0.6089030206677266,-0.14878621769772904,-1.2311770943796394,-0.05266972698719497,-0.011565150346954491,0.0,-0.03125000000000011,0.25,0.2627659574468084,0.014369106421194378,0.042979942693409656,0.2485481997677119,-0.04781879194630867,0.015873015873015817,0.247428091538946
47,2005-09-30,-0.001419143437326964,-0.010889601966272977,-0.016072695154102482,0.1189355833198118,0.0902167545401289,0.02618502202643169,0.012540099154272344,0.012540099154272344,0.03125,0.016129032258064502,0.901779828609097,-0.8725296442687747,1.6821527138914445,-0.27522935779816515,-0.0402958428972201,0.010140405616224646,0.0,0.009608785175017287,0.12222222222222225,-0.19180005616399887,0.02833111996458615,0.038461538461538325,0.12372093023255815,-0.004405286343612369,0.015625,-0.11604813599259445
48,2005-12-31,-0.017077031508162976,-0.04845556514236416,-0.02654987622752369,-0.00558294663573089,0.036385967605741865,-0.0024726973006388158,0.040322580645161255,0.040322580645161255,0.03030303030303028,0.03174603174603185,-0.16984402079722705,2.387596899224806,-0.1965357571600068,1.2531645569620251,-0.09460536805740104,0.04440154440154442,0.0,0.06458191706322225,0.04950495049504955,-0.06949270326615709,0.02152389151958678,0.039682539682539764,0.0670529801324502,0.04955752212389375,0.015384615384615332,-0.04312642802741806
49,2006-03-31,0.022181471946961958,0.06985600812447856,0.0350705602906245,-0.029055778344877825,-0.046144730019998526,-0.01170557047441989,-0.10160575858250276,-0.10160575858250276,-0.08823529411764708,-0.09230769230769242,-0.20146137787056373,0.2700228832951945,-0.38633938100320175,-2.1825842696629216,0.123569122395069,0.03512014787430684,0.0,0.017879948914431676,-0.04716981132075471,-0.01344286781179982,-0.02865571007163925,0.03562340966921118,-0.06982156710628384,0.006745362563237878,0.015151515151515138,0.10188040990946146
50,2006-06-30,0.03052048115182049,0.0575990778723261,-0.0057100431965442225,-0.0011639695115083224,0.2389346171765803,0.050059221068766036,-0.12604006163328196,-0.12604006163328196,-0.129032258064516,-0.13559322033898302,-0.18065359477124188,2.5405405405405403,-0.7700869565217392,0.13064133016627075,0.12434691745036575,0.05142857142857138,0.0,-0.05144291091593467,0.2970297029702971,0.10333080999242994,0.026030368763557462,0.03931203931203942,0.2618849040867388,-0.05778894472361806,0.0,0.058871331828442626
51,2006-09-30,0.023133062536267568,0.04349916655981545,0.022835575709029717,0.07544545522893009,0.024506424318395448,0.04292870649902136,0.2133286318758816,0.2133286318758816,0.20370370370370366,0.2352941176470589,1.1506062539885131,0.11094147582697197,4.7670196671709535,0.5231092436974789,0.16844795539033466,0.025815217391304213,0.0,-0.016534391534391513,0.03816793893129766,-0.20926243567752997,0.07315010570824533,0.03782505910165468,0.01189689358889634,-0.021333333333333315,0.0074626865671640905,-0.0296751087234588
52,2006-12-31,-0.003326607405791604,0.014038644671765963,0.025644088718990155,0.21259044356670986,-0.13685305273461398,0.02080351178547568,0.16594013368206914,0.16594013368206914,0.1692307692307693,0.1587301587301586,-0.32997032640949553,-0.3124141090242785,-0.1495278069254984,-1.1848275862068969,-0.026645456353151745,0.04801324503311255,0.0,0.012104909213180859,-0.1470588235294119,0.009544468546637708,0.04806934594168655,0.036446469248291535,-0.15088177661659052,0.004541326067211582,0.007407407407407306,-0.16381052816591954
53,2007-03-31,0.02403151674326986,0.058073311117843085,0.027526497651124027,0.10083306909573088,0.004890495428449881,0.0014957464709732804,0.21286141575274176,0.21286141575274176,0.2368421052631577,0.2191780821917808,0.0803808680248006,-0.8700866089273818,0.4922887106724245,0.12686567164179108,-0.030847803881511763,0.058135860979462876,0.0,0.09966777408637872,0.01724137931034475,0.2406532015470564,0.023684210526315752,0.03516483516483526,-0.007692307692307666,0.08951175406871603,0.007352941176470562,-0.038780872306883866
54,2007-06-30,0.034517397623322184,0.0604689781544363,-0.003841406584548679,-0.0951059205530388,0.2493299478064608,0.05958492796913406,-0.1454993834771886,-0.1454993834771886,-0.14893617021276584,-0.1460674157303371,-0.1574093051854888,4.728205128205127,-0.5183960314179412,-5.801324503311259,0.15282462057335588,-0.01015228426395953,0.0,0.06646525679758297,0.2966101694915255,-0.02701766539660555,-0.11788468600807933,0.03821656050955413,0.2527131782945735,0.053941908713692976,0.014598540145985163,0.1718784167942271
55,2007-09-30,0.04163998099291377,0.06260968168687064,0.019255812777363438,0.09532077437277532,0.14159092192175238,0.036060374699007365,0.010341510341510318,0.010341510341510318,0.012499999999999956,0.013157894736842035,0.7993189005108245,0.5434198746642793,1.1115879828326178,0.12413793103448277,0.14902175900530268,0.02956259426847674,0.0,0.02096317280453253,0.16993464052287588,-0.20576717693129232,-0.05578684429641967,0.036809815950920484,0.1175742574257428,0.016535433070866024,0.007194244604316501,-0.029856316476954636
56,2007-12-31,0.002806509515356437,-0.08061893388891718,-0.02924977671926165,-0.16443422895035795,0.13060679491617622,0.03231109347542649,-0.0123780052368484,-0.0123780052368484,-0.012345679012345734,0.012987012987013102,-0.23617682844396384,0.30336426914153125,0.10894308943089426,-3.4503067484662577,-0.31779121578612346,0.11338997949018448,0.0,-0.017203107658157583,0.14525139664804465,-0.048408785298072576,0.06393298059964714,0.035502958579881616,0.14396456256921364,-0.024012393493415884,0.007142857142857118,0.10030775149067116
57,2008-03-31,0.06896756329113929,0.12980516788724605,0.0934600935367631,0.14180921364656784,-0.014871839734056482,0.019438800724836724,0.12436731742588568,0.12436731742588568,0.125,0.10256410256410242,0.008672566371681345,-0.7156208277703604,-0.4510630498533724,-2.068602904356535,0.4977839981338932,0.016315789473684058,-0.08004441304128396,-0.046866177300959884,-0.009756097560975618,-0.11257654262835616,0.0004144218814754464,0.03428571428571425,-0.07647628267182971,-0.04603174603174598,-0.007092198581560294,-0.01048859365440069
58,2008-06-30,0.024136399800174013,0.041338486375422034,-0.017938110596924184,-0.08055494018608778,0.18399786875055504,0.06781578238621068,0.05852090032154345,0.05852090032154345,0.06666666666666665,0.06976744186046524,-0.19459554307773294,0.676056338028169,0.22036727879799667,-1.0904404873477038,-0.030057623423142776,-0.047643707923355705,-0.0676980469607198,0.01125592417061605,0.20689655172413807,-0.03821656050955413,-0.038525269262634665,0.03683241252302039,0.17400419287211746,0.005823627287853572,0.007142857142857118,0.13258546064835253
59,2008-09-30,-0.0465299043386358,-0.03993234990134365,-0.037650082701667135,-0.019425955485950053,-0.07451436285907143,0.005851493139628738,0.012353179424868356,0.012353179424868356,0.02083333333333326,0.021739130434782483,0.5862745098039215,0.5873015873015872,0.44487004103967176,-1.616580310880829,0.019107257546563842,0.009787928221859588,-0.010003530657879291,0.032806092560047066,-0.07755102040816343,-0.16335540838852106,-0.038776389487290015,0.035523978685612745,-0.033482142857142905,0.013234077750206907,0.021276595744680767,-0.02090157541725157
60,2008-12-31,-0.054560785205396416,-0.09228811900567624,-0.003721884930693808,-0.09291111247619632,-0.2211596904250578,-0.08121865596790367,-0.005801160232046354,-0.005801160232046354,-0.010204081632653073,0.0,-0.3389644279631918,0.6023529411764705,-0.4834311683393296,-7.705882352941178,-0.12572869072002524,-0.1144318793753366,0.08618640038040892,0.04707884288145192,-0.23008849557522115,-0.040237467018469635,-0.15777678171223666,0.03430531732418518,-0.1939953810623557,0.0424489795918368,0.006944444444444421,0.0006372470925599671
61,2009-03-31,-0.004609541751425472,0.02881401617250678,-0.025852653527279945,0.03480851928351325,0.008740440143592876,-0.04402172429791762,0.02193158953722341,0.02193158953722341,0.030927835051546507,0.03191489361702127,0.4340328277581551,-0.7004405286343612,0.6682551319648093,-2.845864661654136,0.26545323481708416,-0.05472788081483737,0.0581153551493927,0.04279523293607812,0.011494252873563315,0.2281786941580757,-0.09579563597658336,0.03316749585406309,0.017191977077363862,0.035238841033672814,0.006896551724137946,-0.00581117656424146
62,2009-06-30,0.08021503427863852,0.1050328800859337,0.02321344392207836,0.06024017538693105,0.3101758729176336,0.06914468425259801,0.1057294743059658,0.1057294743059658,0.1100000000000001,0.10309278350515473,-0.2458707620979427,0.6556372549019607,-0.5392221489782465,0.31568228105906315,0.27598974651096553,0.03763267931810877,0.0,0.042077922077922165,0.3465909090909092,0.025741466144376,0.007062978222483806,0.0,0.2422535211267607,0.04916792738275322,-0.006849315068493178,0.04227720393946677
63,2009-09-30,0.031397657058182205,-0.003271847882782453,-0.009351147414426442,0.1082649219184002,0.162067472345786,0.06755674232309739,0.05056980056980054,0.05056980056980054,0.054054054054053946,0.04672897196261694,1.2368876080691642,0.9785344189489268,3.555078683834049,-1.2533539731682146,-0.0546875,0.14352138871667708,0.03134050475796446,0.030907278165503538,0.18143459915611795,-0.1505728314238951,0.09994155464640576,0.0353130016051364,0.13968253968253985,0.04253785147801015,-0.013793103448275891,-0.1006376277176001
64,2009-12-31,0.0060540345170325685,-0.09372026641294008,-0.009929612870789306,0.0022277917014759123,0.05555555555555558,0.020810405202601245,0.0703389830508474,0.0703389830508474,0.06837606837606837,0.0803571428571428,-0.2252855793180452,0.3355780022446688,-0.31951423785594635,4.030549898167006,-0.29161747343565525,0.09867172675521818,-0.0675960284825996,0.03384912959381037,0.06428571428571428,-0.07000642260757861,0.0504782146652496,0.06821705426356584,0.053322721846398524,0.03388658367911468,0.0,-0.09575467668916038
65,2010-03-31,-0.027932459134183633,0.031758530183727096,0.02310524311286022,0.06085023617671581,-0.16720154043645696,-0.061795550328334836,-0.4346793349168646,-0.4346793349168646,-0.4320000000000001,-0.4297520661157025,-0.18736141906873616,-0.7563025210084033,0.04153846153846152,-0.8421052631578947,-0.06499999999999995,0.014803849000740275,-0.12509411638162848,-0.08512628624883067,-0.16778523489932884,-0.04696132596685077,-0.048052604957005474,0.0711175616835995,-0.151870041556479,-0.08561872909698998,0.0,-0.027394672208577275
66,2010-06-30,-0.021897810218978075,-0.030526583566522488,-0.03437151011291728,-0.2260345730749084,0.014258188824662897,-0.003917471924784532,0.6890756302521008,0.6666666666666667,0.7042253521126759,0.6956521739130435,-0.2237380627557981,0.4712643678160919,-0.3545051698670606,-0.8461538461538461,-0.010695187165775444,-0.010697787503039293,0.0056552741578559385,0.02300613496932513,0.024193548387096756,0.1891304347826086,0.057385759829968075,0.0,0.03919821826280634,0.01097293343087058,0.006993006993007089,0.2526223776223775
67,2010-09-30,0.07594936708860756,0.0734715297822095,0.09791827293754828,0.07478849407783428,0.015197568389057725,0.03382275825904557,0.02653399668325052,0.02521008403361336,0.04132231404958686,0.03418803418803429,0.6537785588752196,0.7421875,0.4439359267734553,-17.5,0.17837837837837833,-0.02654214794789866,0.03533007334963334,0.00599700149925031,0.023622047244094446,-0.04996953077391842,-0.049748743718592836,0.035230352303523116,-0.05443634804972142,0.01302460202604938,-0.006944444444444421,-0.0012405985888190862
68,2010-12-31,-0.019139596136962256,-0.08824248350036668,-0.022120786516853896,0.1738035264483626,0.0011227544910179519,0.008876489982247104,0.008077544426494443,0.022950819672131084,0.0,0.09090909090909104,0.02869287991498415,-0.013452914798206315,0.393026941362916,-2.656565656565657,-0.25076452599388377,-0.02221661196667513,0.02349746132955488,-0.004470938897168431,0.042307692307692164,-0.044259140474663165,-0.04283447911158112,0.035340314136125706,0.08522212148685404,0.003571428571428559,-0.006993006993006978,-0.22327459048210552
69,2011-03-31,0.06793770139634803,0.14584450402144775,0.11789347695990425,0.1486051502145922,-0.09570093457943928,0.004022121669180478,-0.07692307692307687,-0.07692307692307687,-0.07142857142857151,-0.12121212121212133,-0.2975206611570248,-0.6772727272727272,-0.5255972696245734,-2.1951219512195124,0.3999999999999999,0.0142008778724505,0.10129210890632212,0.07235528942115765,-0.08856088560885601,-0.027516778523489997,-0.011049723756906271,0.06953223767383078,-0.15329991645781127,0.08825622775800701,-0.014084507042253502,-0.0023988005997001016
70,2011-06-30,0.1100494510099741,0.0458586803930745,0.0813704496788008,-0.007706679121905702,0.2273666804464656,0.047821732598898326,0.07986111111111116,0.07986111111111116,0.08547008547008561,0.0862068965517242,-0.3029411764705883,13.647887323943662,-2.477218225419664,-0.7295918367346939,0.07725947521865884,0.07561099796334014,-0.036455059710873705,-0.0483946021405306,0.234817813765182,0.18081435472739812,-0.028491620111731782,0.0,0.10606808090774544,-0.011772400261608862,-0.03571428571428559,0.05400260494940401
71,2011-09-30,-0.03594080338266381,-0.0060402684563758404,-0.020000000000000014,0.016003765591904084,-0.10171775008420347,0.047311827956989294,0.0337620578778135,0.0337620578778135,0.03937007874015741,0.039682539682539764,0.9050632911392404,-1.1086538461538462,-2.2418831168831166,2.8867924528301887,0.2787550744248985,0.030295857988165812,-0.0009784735812131684,-0.018092909535452284,-0.0950819672131148,-0.1659848042080655,0.011500862564692405,0.03427895981087459,-0.06824264049955397,-0.013898080741231113,0.0,-0.021673003802281543
72,2011-12-31,-0.003446115288220586,-0.009227999099707396,0.02879369569610013,-0.13921704887653466,-0.10948631421072363,-0.048140543007072815,-0.08242612752721612,-0.08242612752721612,-0.0757575757575758,-0.07633587786259544,-0.07087486157253597,-2.902654867256637,-0.11633986928104577,-1.325242718446602,-0.0708994708994709,0.03606708017459215,0.014582653172271254,-0.044322709163346685,-0.10144927536231874,0.14505956552207433,0.015349630471859,0.03314285714285714,-0.10627094303494487,-0.02483221476510056,-0.022222222222222254,0.15099106101826676
73,2012-03-31,0.04165356806035847,0.10154475238527948,0.05646666011980761,0.10522066738428416,-0.03578947368421048,0.0067114093959732566,0.005084745762711895,0.005084745762711895,0.016393442622950838,0.016528925619834656,-0.21096543504171628,-0.8093023255813954,-0.3121301775147929,-3.4776119402985075,0.18906605922551245,0.031263858093126366,0.01962887482569986,-0.01875977071391344,-0.03225806451612912,0.1474908200734395,0.05431131019036939,0.06637168141592943,-0.07445099089448315,-0.005505849965588561,-0.015151515151515138,-0.003292250548708409
74,2012-06-30,-0.007620341029123234,-0.0028871932357187324,-0.010689719278676344,-0.13172632091551004,0.006986899563318882,0.01595238095238094,0.05733558178752119,0.05733558178752119,0.05645161290322576,0.056910569105691027,-0.19788519637462232,5.829268292682928,-0.4301075268817204,-1.2951807228915664,-0.04693486590038309,0.07654267899376488,0.0,0.004248539564524646,0.012500000000000178,0.11253333333333336,0.061603823685608024,0.0,0.01446759259259256,-0.002768166089965329,0.007692307692307666,0.1483865503514865
75,2012-09-30,0.02060366456321749,-0.015305067218200574,0.007892511509912659,0.03757711721817159,0.08716392020815268,0.015233184907429196,0.04306220095693769,0.04306220095693769,0.05343511450381677,0.04615384615384621,0.7702448210922788,0.08214285714285707,1.7471698113207546,0.7551020408163265,-0.08643216080402005,0.04633513081685648,0.0,-0.008461131676361644,0.09053497942386812,0.033557046979865834,0.038019009504752566,0.032157676348547604,0.06560182544209914,0.007633587786259444,-0.01526717557251911,-0.050962460358433666
76,2012-12-31,-0.002234803337306301,-0.04305818105440029,0.025822690407383275,0.00972972972972963,-0.12684483446350214,-0.01061865189289013,-0.08562691131498468,-0.08562691131498468,-0.08695652173913038,-0.07352941176470595,0.13085106382978728,-0.20462046204620465,0.15796703296703307,-0.7093023255813953,-0.027502750275027462,0.02195075396067958,0.0,-0.009066666666666669,-0.11698113207547167,-0.06307977736549164,0.012048192771084263,0.03115577889447252,-0.12526766595289085,-0.003443526170798905,-0.007751937984496138,-0.05230027976375495
77,2013-03-31,0.01037778109601306,0.059701492537313376,0.04634678298800443,0.09502141327623126,-0.19049794426678845,0.006766215585627622,-0.23076923076923075,-0.23076923076923075,-0.2222222222222222,-0.23015873015873026,-0.26904985888993416,-0.037344398340248934,-0.4519572953736655,-2.92,0.05429864253393668,0.04650728427344042,0.0,-0.058665231431646925,-0.18803418803418806,0.1851485148514853,0.03619047619047633,0.06335282651072127,-0.19889840881272947,-0.060124395300621865,0.0078125,-0.03222632226322275
78,2013-06-30,-0.003399098499963005,0.008077879038939528,0.014677783567830447,0.08628697140063557,-0.13600451467268626,0.007184241019698724,0.2195652173913043,0.2195652173913043,-0.3877551020408163,-0.38144329896907214,-0.2947232947232947,-0.2844827586206896,-0.16883116883116878,-2.0,-0.051502145922746816,0.05532750312332689,0.0,-0.034305317324185285,-0.13157894736842102,0.2999164578111946,0.11121323529411753,0.031164069660861493,-0.13292589763177987,-0.03308823529411764,-0.007751937984496138,-0.07202169123877311
79,2013-09-30,-0.0035589827241047094,-0.054859256215327716,-0.021484207823333046,0.010576057605760523,0.16525146962769433,0.011965025310630484,0.1693404634581106,0.1693404634581106,0.18333333333333332,0.16666666666666674,0.8978102189781021,0.3855421686746987,1.5104166666666663,2.395833333333333,-0.1843891402714932,0.0015220700152205335,0.0,0.000592066311426942,0.16969696969696968,0.15327763496143956,0.022746071133167955,0.03022222222222215,0.16916299559471382,-0.002281368821292707,0.0078125,-0.06473703433162893
80,2013-12-31,0.032517300394374615,0.048260869565217364,-0.008047585724282769,-0.004676018704074858,0.2920403587443947,-0.008412914961346106,-0.1402439024390244,-0.1402439024390244,-0.14084507042253513,-0.1428571428571428,-0.19326923076923075,0.13913043478260878,-0.6556016597510373,-2.4785276073619626,0.3342579750346741,0.057244174265450816,0.0,-0.023668639053254448,0.30051813471502586,-0.09612705488994157,0.04852405984634034,0.0,0.25169555388093423,-0.01981707317073189,-0.007751937984496138,0.05310944059357614
81,2014-03-31,0.04006918420294037,0.17731231854002494,0.10511463844797177,0.05190156599552576,-0.2928416485900217,-0.00825498738821373,-0.3120567375886525,-0.3120567375886525,-0.3114754098360656,-0.30000000000000004,-0.022646007151370662,-0.04961832061068705,-1.9126506024096384,2.4564315352697097,0.8659043659043659,0.00031943778949061746,0.0,-0.04787878787878797,-0.2908366533864541,-0.23088779284833535,0.012726571538758336,0.029335634167385605,-0.3202889825406382,-0.03265940902021769,-0.015625,0.11931028089366835
82,2014-06-30,-0.030764966740576494,-0.08860313545886911,-0.04907436961378875,-0.13632496809868144,0.0914110429447852,0.00624277456647393,0.6030927835051547,0.6030927835051547,0.6190476190476193,0.5952380952380953,-0.3060975609756098,-0.7389558232931727,-4.7392739273927385,-1.7611044417767108,-0.3532033426183844,0.0670605141306082,0.0,0.01845957988542346,0.095505617977528,0.5046092184368738,0.09710586443259707,0.030176026823134805,0.12666076173604954,0.028135048231511472,-0.007936507936507908,0.05524267020043072
83,2014-09-30,-0.02166142407778093,0.0013529184383456185,0.001846102206931377,0.08643191332184186,-0.20179876335019675,0.006204044117646967,-0.1286173633440515,-0.1286173633440515,-0.13235294117647067,-0.119402985074627,0.7627416520210897,1.169230769230769,-0.4642541924095322,-1.3059936908517351,0.1670973298880276,-0.003591201556187307,0.0,-0.05500000000000005,-0.2,-0.09030367607884926,-0.032974661575841724,0.02929210740439392,-0.1839622641509434,-0.05003909304143872,-0.008000000000000007,-0.07832980142845936
84,2014-12-31,-0.016514431859700363,-0.0613781123335263,0.011307479688416056,-0.10562103354487762,-0.19366197183098588,-0.03608129709979446,0.15867158671586726,0.15867158671586726,0.1694915254237288,0.15254237288135594,-0.0967098703888335,1.8652482269503547,0.20757825370675453,-2.3711340206185567,-0.196309963099631,0.00705811683435953,0.0,0.03769841269841279,-0.1923076923076923,0.2588579795021964,0.05563531945441502,0.028458498023715476,-0.18015414258188836,0.03868312757201653,0.0,0.049476283743506766
85,2015-03-31,-0.02251281670257821,-0.0335184042771951,0.028408149743250014,0.0955397871262038,-0.5982532751091703,-0.03577351338545365,-0.13694267515923564,-0.13694267515923564,-0.13043478260869554,-0.13235294117647067,-0.19757174392935986,-0.36386138613861385,-0.1255115961800819,-0.13533834586466165,-0.21120293847566574,0.01834178347748283,0.0,0.09623964308476718,-0.5952380952380952,0.2607583158874156,-0.01598095885753137,0.027671022290545636,-0.5887191539365452,0.08637083993660855,0.008064516129032251,-0.11781888997078872
86,2015-06-30,0.03830951657038617,0.06127659574468081,0.039139888862044,-0.02706453851492019,-0.0130434782608696,-0.0009828009828010134,0.05904059040590415,0.05904059040590415,0.05000000000000005,0.06779661016949158,-0.3177441540577717,-0.2957198443579766,-0.8205928237129485,-1.869565217391304,0.23282887077997685,-0.008493190803924633,0.0,-0.014534883720930038,-0.019607843137254943,1.4494464944649446,-0.07532826537664128,0.02842183994016456,-0.05142857142857149,-0.0036469730123996898,-0.008000000000000007,0.09078366445916107
87,2015-09-30,-0.007101024890190376,0.020248596631916586,0.0054250949391614345,-0.06395625297194485,-0.4383259911894273,-0.01647811116576492,0.264808362369338,0.264808362369338,0.2857142857142858,0.26984126984127,0.7842741935483871,-1.5193370165745856,3.9565217391304346,0.93,0.364494806421152,-0.04415891301137198,0.0,0.08259587020648951,-0.44,-0.025007532389273782,-0.02877428998505238,0.02763636363636368,-0.4337349397590361,0.1054172767203514,-0.016129032258064502,0.08997385951597936
88,2015-12-31,-0.11833665118336655,-0.1385340931420711,-0.07484776073383181,-0.10236220472440948,-2.1725490196078434,-0.025006251562890717,-1.6308539944903582,-1.6308539944903582,-1.6419753086419753,-1.65,-0.049717514124293816,-4.627659574468085,0.6666666666666667,-2.2305699481865284,-0.32871972318339104,0.027039555006180386,0.0,-0.4234332425068119,-2.178571428571429,0.833977132262052,-0.05271258176221616,0.02689313517338987,0.0,-0.42847682119205294,0.008196721311475308,-0.04030635927587811
89,2016-03-31,0.04097675196521156,0.0241788321167884,0.043242792867855366,0.2628749292586305,0.2374581939799332,-0.035137214670428296,-2.163755458515284,-2.163755458515284,-2.1538461538461537,-2.1346153846153846,-0.2699167657550535,-0.5777126099706744,-0.5357894736842106,-1.0926315789473684,0.0453608247422681,0.0018053257108470169,0.0,0.006616257088846833,0.2424242424242422,0.0,0.8030056864337936,0.053066850447967,0.0,0.01274623406720754,-0.008130081300813052,-0.189036678758565
90,2016-06-30,0.0053823907455012865,0.0276169265033408,-0.0031946330165322227,0.046605422361640114,-0.2405405405405405,0.02206273258904834,0.12570356472795494,0.12570356472795494,0.1166666666666667,0.13559322033898313,0.14983713355048867,0.3611111111111112,-0.034013605442176915,0.6136363636363635,0.07001972386587774,0.06742754167292375,0.0,0.042253521126760514,-0.2195121951219512,0.0,0.06758278891642266,0.025523560209424145,0.0,0.034324942791761785,0.008196721311475308,-0.01809145129224654
91,2016-09-30,0.00862964442668801,0.032509752925877766,-0.006890473519750029,-0.003425390708627685,-0.5266903914590748,0.005721716514954567,0.16999999999999993,0.16999999999999993,0.17910447761194034,0.16417910447761194,0.4121813031161472,-0.4642857142857143,0.5962441314553989,2.0,0.19631336405529964,0.027855936972425388,0.0,0.0018018018018017836,-0.53125,0.0,0.001055074910318643,0.02488832163369481,0.0,-0.008849557522123797,0.008130081300812941,0.03603968414658842
92,2016-12-31,-0.03961023528479757,-0.08942065491183881,-0.023315853166599454,-0.29001074113856073,0.8270676691729324,-0.037755365916731336,-0.1367521367521367,-0.1367521367521367,-0.1392405063291139,-0.1282051282051282,-0.17352056168505514,-0.4857142857142858,0.008823529411764675,-0.92018779342723,0.013097072419106405,-0.05379140432521223,0.0,0.7661870503597124,0.8666666666666669,0.0,-0.04131534569983142,0.0,0.0,0.7924107142857142,-0.016129032258064502,0.2825874535860855
93,2017-03-31,0.02680854573950353,0.059474412171507625,0.028663472658186032,0.15249621785173972,0.2880658436213992,0.01101854340231112,-0.059405940594059466,-0.059405940594059466,-0.058823529411764726,-0.058823529411764726,-0.16140776699029125,1.925925925925926,-0.2419825072886297,0.8823529411764706,0.02433460076045635,0.0050629249240563565,0.0,0.015274949083503131,0.24999999999999975,0.0,-0.4384344766930519,0.04919053549190555,0.0,0.015566625155666312,0.0,-0.08075575194270923
94,2017-06-30,0.01060411311053988,-0.008920800696257671,0.003131775475788912,-0.007613546862693665,-0.2268370607028753,0.017012227538543367,-0.08070175438596494,-0.08070175438596494,-0.07812500000000011,-0.07812500000000011,-0.1114327062228654,-0.02531645569620256,0.15192307692307686,-4.3125,-0.0786933927245731,0.06505469199769709,0.0,-0.032096288866599765,-0.22857142857142845,0.0,0.045810493343774635,0.02373887240356076,0.0,-0.029429797670140975,0.0,-0.0013260401127133115
95,2017-09-30,0.015500794912559625,0.03973655323819969,0.001280819724623683,0.01957671957671958,-0.5537190082644627,0.0386826973340304,0.15839694656488554,0.15839694656488554,0.1694915254237288,0.15254237288135594,0.6123778501628665,0.4285714285714286,0.08180300500834714,-2.311320754716981,0.11200644641418213,-0.022162162162162158,0.0,-0.04248704663212444,-0.5555555555555556,0.0,0.007113440658929049,0.023188405797101463,0.0,-0.04611497157296274,0.0,0.019834024896265626
96,2017-12-31,-0.0077495107632094,-0.02048141891891897,-0.005996162456028187,-0.1157239231966788,-0.4444444444444444,-0.0206341217916457,-0.4678747940691928,-0.4678747940691928,-0.4492753623188406,-0.4558823529411765,-0.2333333333333333,-1.2772727272727271,0.05401234567901225,0.1151079136690647,0.1123188405797102,0.0031785516860143304,0.0,-0.13203463203463206,-0.4166666666666666,0.0,0.04200743494423809,0.0,0.0,-0.1324503311258277,0.0,0.10765725445520367
97,2018-03-31,0.03692016408961818,-0.07480060357835737,0.04906297755972,0.1678403755868545,3.1500000000000004,0.028263103802672163,0.9628482972136224,0.9628482972136224,0.8947368421052628,0.9459459459459458,-0.1884057971014492,-15.442622950819672,-0.3601756954612005,-5.412903225806452,-0.4456026058631922,0.003995040639206414,0.0,0.017456359102244526,3.1428571428571423,0.0,0.14020692115590427,0.04645892351274794,0.0,0.01526717557251911,0.008196721311475308,-0.2077578607111372
98,2018-06-30,-0.037583688374923874,-0.027958993476234872,-0.01564057348769454,-0.009547738693467369,1.1004016064257027,-0.028985507246376833,0.004731861198738141,0.004731861198738141,0.013888888888888841,0.013888888888888841,0.10551948051948057,-0.8501702610669694,0.2402745995423341,-0.9736842105263158,-0.021151586368977626,-0.08150384193194292,0.0,0.05269607843137258,1.0689655172413794,0.0,-0.11264080100125162,0.02273957769355728,0.0,0.05037593984962396,0.0,-0.01863872403560829
99,2018-09-30,-0.00624505928853758,-0.007430488974113136,-0.015577537191370006,-0.04946727549467278,-0.17782026768642445,-0.010550694801852778,-0.1789638932496075,-0.1789638932496075,-0.17808219178082196,-0.17808219178082196,0.3171806167400881,0.21969696969696967,0.3321033210332103,-1.4444444444444444,0.009603841536614643,-0.004182850313713793,0.0,-0.03434225844004668,-0.16666666666666666,0.0,-0.0599435825105783,0.02223398623610362,0.0,-0.030064423765211006,-0.008130081300813052,0.04431635642067455
100,2018-12-31,-0.03261474823005328,-0.08403767205988888,-0.05340612390220745,-0.1083533493461436,-0.7627906976744185,-0.008842652795838735,0.158699808795411,0.158699808795411,0.18333333333333332,0.16666666666666674,-0.039018952062430334,-1.0248447204968945,0.3545706371191135,-15.375,-0.1367419738406659,-0.060906090609060826,0.0,0.14526823387582888,-0.76,0.0,-0.029632408102025495,0.0,0.0,0.13948339483394825,0.008196721311475308,0.0272348896127399
101,2019-03-31,0.059370117589014,0.08963880833113635,0.09436643263122703,0.15683926967973671,4.411764705882354,0.019155077407504658,-0.07590759075907594,-0.07590759075907594,-0.08450704225352101,-0.07142857142857129,-0.2981438515081206,-25.5,-0.5991820040899796,-2.017391304347826,0.16115702479338845,0.016134185303514403,0.0,-0.025789473684210584,4.333333333333334,0.0,-0.10591418631619642,0.04401864319005711,0.0,-0.023316062176165886,0.0,-0.05813441381132745
102,2019-06-30,0.020802608088178243,0.02951850955722235,0.0051936149087299386,-0.021474773609314383,-0.3713768115942029,-0.004634397528321288,0.046428571428571486,0.046428571428571486,0.04615384615384621,0.04615384615384621,0.06446280991735542,0.16326530612244894,0.3061224489795917,-0.8290598290598291,0.023724792408066357,0.1122465021223078,0.0,-0.03133441383036195,-0.375,0.0,0.1413748378728923,0.021329365079365115,0.0,-0.02055702917771873,-0.016260162601625994,0.052183671560834366
