,Quarter end,Assets,Current Assets,Liabilities,Current Liabilities,Shareholders equity,Revenue,Earnings,Earnings available for common stockholders,EPS basic,EPS diluted,Cash from operating activities,Cash from investing activities,Cash from financing activities,Cash change during period,Cash at end of period,Price,ROE,ROA,Book value of equity per share,P/B ratio,P/E ratio,Cumulative dividends per share,Equity to assets ratio,Net margin,Asset turnover,Current ratio
0,1996-12-31,-0.006819032217830534,0.010853972385584054,-0.02011918065924212,-0.03758539401520256,0.014322865909685678,0.03457844953530387,0.9985174203113418,0.9985174203113418,1.0,0.3181818181818181,-0.39032,4.332618025751073,-0.9899758210759622,-0.6948447252831933,0.6185414680648236,0.08128078817733986,-0.11910669975186115,-0.15555555555555556,0.008733624454148492,0.0674157303370786,0.1866372170071784,inf,0.021536066424493905,0.021739130434782702,-0.01834862385321101,0.05032950939711989
1,1997-03-31,-0.006819032217830534,0.010853972385584054,-0.02011918065924212,-0.03758539401520256,0.014322865909685678,0.03457844953530387,0.9985174203113418,0.9985174203113418,1.0,0.3181818181818181,-0.39032,4.332618025751073,-0.9899758210759622,-0.6948447252831933,0.6185414680648236,0.08128078817733986,-0.11910669975186115,-0.15555555555555556,0.008733624454148492,0.0674157303370786,0.1866372170071784,inf,0.021536066424493905,0.021739130434782702,-0.01834862385321101,0.05032950939711989
2,1997-06-30,0.008400977804529973,0.01347309157016996,-0.0037384491811640608,0.04752621252452549,0.027042557669256118,0.03457844953530387,0.9985174203113418,0.9985174203113418,1.0,0.3181818181818181,-0.39032,4.332618025751073,-0.9899758210759622,-0.6948447252831933,0.1166180758017492,0.08128078817733986,-0.11910669975186115,-0.15555555555555556,0.01948051948051943,0.0674157303370786,0.1866372170071784,inf,0.018542037084074314,0.021739130434782702,-0.01834862385321101,-0.032487451199107675
3,1997-09-30,0.01757022830775701,0.05724301297113499,0.02289406098942437,0.10933088369799493,0.009639850894136215,-0.06946052903569655,-0.6299455984174085,-0.6299455984174085,-0.6428571428571428,0.3181818181818181,0.8840375278834798,-0.6164095685222446,-0.10050251256281406,5.145833333333333,0.6418624891209748,0.0410022779043282,-0.11910669975186115,-0.15555555555555556,0.00424628450106157,0.021052631578947437,0.1866372170071784,inf,-0.007980049875311757,0.021739130434782702,-0.01834862385321101,-0.04698083297305089
4,1997-12-31,-0.01463978696556756,0.03333544137974642,0.004850781176910735,0.058026448331116816,-0.044054060731845916,-0.021938640323525996,-13.491814233210823,-13.491814233210823,-13.7,0.3181818181818181,-0.33226542231817946,-1.0043128569763375,5.899441340782123,-0.23673343605546995,0.2983880683324096,-0.08315098468271331,-0.11910669975186115,-0.15555555555555556,-0.050739957716701915,-0.08247422680412364,0.1866372170071784,inf,-0.029914529914529805,0.021739130434782702,-0.01834862385321101,-0.023337869852311118
5,1998-03-31,0.001891603280111509,0.017020934315350678,-0.008319872263368389,0.014575837043361515,0.01809068419303617,0.006674219288740124,-1.1773563710281374,-1.1773563710281374,-1.1732283464566928,0.3181818181818181,-0.25405475880052153,-265.1621621621622,5.4048582995951415,-0.7059916020671835,0.06756731679254746,-0.038186157517899784,-0.11910669975186115,-0.15555555555555556,0.015590200445434244,0.011235955056179804,0.1866372170071784,inf,0.016325472920445616,0.021739130434782702,-0.01834862385321101,0.002425681255161072
6,1998-06-30,-0.028140224483427345,-0.052479462465054416,-0.05709648535005085,-0.07030269028345493,0.016603228889183086,-0.003088005436629237,0.335243553008596,0.335243553008596,0.3636363636363635,0.3181818181818181,-0.5602824483518021,-0.00705954573357892,1.8788874841972183,-2.8216607159205354,-0.1152945811894498,0.21339950372208416,-0.039436619718309814,-0.15555555555555556,0.017543859649122858,0.18888888888888888,0.1866372170071784,inf,0.04614992350841418,0.021739130434782702,-0.01869158878504673,0.019152551099212326
7,1998-09-30,0.0015277685122805362,0.01921628757292293,0.0016267023122322757,0.08968160462075603,0.0013859778992713068,-0.016431304006391482,-0.3154506437768241,-0.3154506437768241,-0.3333333333333333,-0.31034482758620685,4.0299705858971295,-0.05255023183925811,0.13152116634463384,-2.4227560558850136,0.1854132009483516,-0.028629856850715733,-0.15835777126099704,-0.15555555555555556,0.010775862068965749,-0.046728971962616835,0.1866372170071784,inf,-0.0002437241043138361,0.021739130434782702,0.00952380952380949,-0.06466279363475635
8,1998-12-31,-0.004336957834522147,0.029379456456910983,-0.01548635453724223,0.020114516272584426,0.011646051244050605,0.0071164610091678515,-0.11912225705329148,-0.11912225705329148,-0.05000000000000005,-0.10000000000000007,-0.4164243267163991,0.201305057096248,-0.8460821981604378,-0.2259978806075592,0.12106344891599807,-0.128421052631579,-2.6759581881533103,-2.719298245614035,0.006396588486140553,-0.13725490196078427,0.1866372170071784,inf,0.016089712335446205,0.021739130434782702,0.0,0.00907372400756157
9,1999-03-31,-0.030907045815444345,-0.08223636989416916,-0.06487107319104901,-0.0008401596303297952,0.016475621995668543,0.05109282096454515,0.3922082787038772,0.3922082787038772,0.3157894736842106,0.3333333333333333,-0.3608763947567978,0.6320840123121492,12.686838124054466,-3.2230284775465496,-0.2400644627121651,-0.02657004830917864,0.016632016632016633,0.04591836734693877,0.01271186440677985,-0.03409090909090917,0.1866372170071784,inf,0.048944337811900114,0.021739130434782702,0.02830188679245293,-0.08146443290692074
10,1999-06-30,-0.004090429441988674,-0.0053369616632023,-0.03498796078346689,0.013421516469656058,0.03556463249648778,0.0319321392935803,0.7606619130902732,0.7606619130902732,0.76,0.7916666666666667,0.22916225263782364,-0.005713334812513904,-0.6904867175122509,-0.8825932540904519,-0.03708891872085707,0.21339950372208416,0.13496932515337434,0.1609756097560977,0.02510460251046021,0.2,0.1866372170071784,inf,0.039798719121683535,0.1329787234042552,0.027522935779816567,-0.01847211700949836
11,1999-09-30,1.1530697200730953,0.6578237878618509,1.7560535896356448,1.0386143511352937,0.4319023515518101,0.5603780384433829,-1.7179643921448766,-1.7179643921448766,-1.5909090909090908,-1.604651162790698,3.6145068431757847,57.5547559274756,-48.8579846437712,18.527714635425774,-0.7521585689462412,-0.028629856850715733,-0.5423423423423424,-0.592436974789916,0.010204081632652963,-0.0490196078431373,-0.15774778966961367,inf,-0.3345798504179499,-0.5586854460093896,-0.0803571428571429,-0.18677273806696748
12,1999-12-31,0.018367170045620718,-0.0026856805228734353,0.022770823141582845,0.09773485073809107,0.00822997674111603,0.32477286847677944,0.5471477224350787,0.5471477224350787,0.2692307692307692,0.2692307692307692,-0.5287666320515789,-0.9786174463649754,-1.0623683248306723,-0.9148004548751332,-0.2585668088806761,-0.128421052631579,-1.1850393700787405,-1.1649484536082475,-0.0040404040404041774,-0.13402061855670097,0.550828729281768,inf,-0.00991735537190086,0.0,0.029126213592233,-0.09154621112571172
13,2000-03-31,-0.013842717738974164,-0.048400237893065017,-0.036624642320033714,-0.11224481065078627,0.03935754325876939,0.052733737167383284,-2.2250808282314094,-2.2250808282314094,-2.212121212121212,-2.1818181818181817,-0.4743325512080665,-0.08759969701020365,-0.7711374331977348,-1.1264319495533368,0.0440917753995016,0.2246376811594204,-2.851063829787234,-2.75,0.022312373225152227,0.2261904761904763,8.030993943712149,inf,0.05409015025041741,-0.7234042553191491,0.02830188679245293,0.07192221150755396
14,2000-06-30,0.03461699020832198,0.1508506497885418,0.02780071126722472,0.1498812111165191,0.04937070109137931,0.022897353754435912,0.6939749564826774,0.6939749564826774,0.7,0.641025641025641,2.22164248876557,0.3424329735801144,-0.2688855972815195,57.969243557772245,2.4902587145013517,0.2090729783037475,2.1149425287356323,2.0,0.02182539682539697,0.18446601941747565,-0.5794477317554241,inf,0.014254038644282653,1.9230769230769236,0.00917431192660545,0.0008996176624933572
15,2000-09-30,0.023580646259661497,0.09799580200357028,0.011993487617403042,0.3790475232559276,0.048145311303205984,-0.03064257398989645,-0.04826306019623439,-0.04826306019623439,-0.058823529411764726,-0.0625,-0.003211009174311941,0.5446542253264943,-0.8025265165057801,-0.12096137581054413,0.6271837629617709,0.058727569331158185,1.4907749077490775,1.535714285714286,0.03495145631067964,0.03278688524590168,-0.4465809961542069,inf,0.024047470331043156,1.4078947368421053,0.06363636363636349,-0.20380495843008015
16,2000-12-31,-0.04710936299337953,-0.06543015281870268,-0.09248548043913474,-0.03260411517297823,0.04576961942436775,-0.016350754378784194,-0.11664112566174425,-0.11664112566174425,-0.10937500000000012,-0.2333333333333333,0.15518844445279267,-1.9988459998586936,92.978273989137,-0.8445934027165285,0.059900114966684466,0.06933744221879823,0.5703703703703702,0.647887323943662,0.03564727954971847,0.03174603174603185,-0.638135593220339,inf,0.09728575785300396,0.6284153005464481,0.008547008547008517,-0.033960489181561686
17,2001-03-31,0.013509692320152313,-0.02842389381343113,-0.016217239642699055,-0.0366192316149907,0.06631259116394239,0.05526380608704185,0.4094547175018728,0.4094547175018728,0.3684210526315792,0.6086956521739129,-0.668856350761376,-3.128359898142035,-0.9922297427466896,-6.236508100299248,-0.29594056345749,2.8573487031700284,0.11603773584905674,0.16809116809116809,0.0597826086956521,2.7307692307692304,1.399531615925058,inf,0.0522512506948305,0.16778523489932873,0.0,0.0084721004966406
18,2001-06-30,-0.0016567725313314519,0.004036464619537439,-0.03630965619330684,-0.03256454486266047,0.055131901372094116,0.055561535681143186,-0.2868132482936109,-0.2868132482936109,-0.641025641025641,-0.6486486486486487,1.7228400972232452,-0.6641223911020517,21.438016528925623,-2.0529686483930085,0.44259918827134936,0.10123272319760934,-0.08791208791208792,-0.03658536585365857,0.04615384615384621,0.03917525773195885,-0.056607456568416925,inf,0.05705229793977806,-0.0545977011494253,0.016949152542372836,0.037852452684434164
19,2001-09-30,0.012091049449269864,0.033183158070787984,-0.027627374605191712,-0.001566188308864902,0.07154012540562138,-0.030485546737885505,0.9659541086487546,0.9659541086487546,0.9285714285714286,0.9615384615384616,0.3493201327274038,0.05534483327286521,0.9496869244935544,0.21107888088331614,0.3715671920305457,0.04816824966078692,0.11862835959221507,0.19240506329113935,0.062091503267973865,0.001984126984126977,0.10242085661080093,inf,0.058720639680160065,0.17021276595744686,0.02500000000000013,0.034797171566803176
20,2001-12-31,-0.0009937037024411175,-0.1132035956920493,-0.05621621877567251,-0.2588624509798405,0.07401187534266618,0.008028220007108233,0.01628027612625194,0.01628027612625194,0.0185185185185186,-0.058823529411764726,0.09942196531791914,3.50142200831328,1.5888464880794952,-2.8009549711036255,-0.4878913592237074,0.02977346278317161,0.11184755592377817,0.18259023354564752,0.06769230769230772,-0.02970297029702962,-0.12819069069069067,inf,0.07599716780741095,0.16103896103896087,0.008130081300812941,0.1965473835641072
21,2002-03-31,0.025647360312295756,0.08368719723815032,-0.021604597608882115,-0.053044002411090974,0.08204496001832351,0.039894995826193824,0.3092190506105461,0.3092190506105461,0.2727272727272725,0.3958333333333335,-0.6787440053974216,-0.775723450344368,-1.0477531779506415,-1.2324813165504045,0.22148742765588736,0.17913262099308613,0.11102831594634877,0.17953321364452424,0.07348703170028825,0.10408163265306114,-0.002798708288482277,inf,0.05483658697082694,0.17002237136465334,0.008064516129032251,0.14442440637210718
22,2002-06-30,0.1483070922202896,-0.016900260773350384,0.20599275183031016,0.517718022020661,0.08605158557219927,0.1289109617834261,0.306827212883684,0.306827212883684,0.2857142857142858,0.29850746268656714,2.123547886631097,10.633996842398538,22.0950488997555,-3.199188042074184,-0.3987699679442136,0.16871002132196167,0.22266934942991254,0.2602739726027399,0.08187919463087256,0.08872458410351203,-0.013816925734024156,inf,-0.05406529423996664,0.27342256214149163,-0.008000000000000007,-0.3522652659225214
23,2002-09-30,0.0041292371254690865,-0.003929047968867505,-0.04968400061440637,-0.08987503446614709,0.06861937051988742,-0.00944601940475853,-0.0061272963018209605,-0.0061272963018209605,-0.011111111111111072,0.0,-0.2005608993773169,-0.915729365402474,-1.5048301507271693,-1.4030073673787906,0.2672974176313445,-0.22120866590649946,0.06034009873834334,0.09541062801932364,0.06451612903225801,-0.2801358234295416,-0.4089316987740805,inf,0.06418993185315447,0.09759759759759756,0.0,0.09447541814495697
24,2002-12-31,-0.04083979828821405,-0.11364034639760467,-0.1301317497487432,-0.2617854527009067,0.054321742644508175,-0.0235653821523093,-0.056801782560005565,-0.056801782560005565,0.0,-0.11494252873563215,0.8672687735355846,0.18174928954846847,1.9633537360577744,-1.7111268426751065,-0.1499903385036977,-0.15021961932650074,0.03155716502845318,0.07276736493936052,-0.019813519813519757,-0.2028301886792453,-0.2562962962962964,inf,0.09915306754802744,0.0725034199726402,0.0,0.20061128091136424
25,2003-03-31,0.25934022562441394,0.10003966314226688,0.2493908060905245,0.05809329582673595,0.26808859702532084,0.057103887247101685,0.07759158843041969,0.07759158843041969,-0.033707865168539415,0.1168831168831168,-0.7634310431578777,6.387805269064287,-1.7829231075432892,1.4114305791415354,-0.4255143267511908,-0.06753962784286703,-0.05065195586760285,-0.021582733812949503,0.2663495838287753,-0.047337278106508784,-0.15239043824701193,inf,0.00695358015410652,0.029336734693877545,-0.048387096774193616,0.0396513152819562
26,2003-06-30,0.013794058947111942,0.050954880254046715,-0.03605922129249395,-0.0060779613715090655,0.0569829363708303,0.11634182743913102,0.3677586441910128,0.3677586441910128,0.3372093023255813,0.3023255813953489,1.9052160340302915,-0.8392996643712748,-1.5223964070841454,-1.7885381253035453,0.5840602910228969,0.12121212121212133,-0.012150026413100923,0.0399159663865547,0.05821596244131455,-0.1149068322981367,0.05816686251468872,inf,0.042553191489361535,0.05947955390334592,-0.016949152542372947,0.05743117904578176
27,2003-09-30,0.0039408196103665185,0.01979788738600741,0.0033403642742781963,0.007052582632735005,0.0044152158765562435,0.0010541545246263162,-0.0032222702056273755,-0.0032222702056273755,0.0,0.0,0.020415995087880837,-0.08367654671077808,0.3963253741673156,-0.9076435082532645,0.03405284492840832,0.03559657218193801,0.0010695187165776776,0.034343434343434336,0.01597160603371783,-0.021052631578947437,-0.03609106052193234,inf,0.0005370569280342963,0.05029239766081872,-0.017241379310344862,0.012630692582976666
28,2003-12-31,0.009541007415098557,0.024469085454556616,0.01453544364549231,0.07460470640635443,0.005599321396176915,-0.014097366488129537,-0.09813870559221494,-0.09813870559221494,-0.08695652173913038,-0.0982142857142858,0.5175514218763562,0.3608252486798478,0.10741087816853967,20.30376792264088,0.7015636667105898,0.06970082749840856,-0.006410256410256498,0.00390625,0.009606986899563408,0.053763440860215006,0.0005760368663594306,inf,-0.003936303453211609,0.02672605790645877,-0.01754385964912264,-0.04663571478068063
29,2004-03-31,0.01828211069000973,0.07816438471719822,-0.016322236464218154,-0.08538822879248409,0.04583508373094847,0.04297075178259235,0.07301953900873026,0.07301953900873026,0.07619047619047614,0.08910891089108919,-0.5779759499172659,-0.17954734144316498,-0.7893838729981117,-0.4503521677883863,0.2266226977632648,0.17346027967866706,0.03548387096774186,0.05252918287937747,0.04671280276816603,0.15986394557823136,0.10477835348301667,inf,0.02712412430393396,0.02819956616052055,0.017857142857142568,0.17880505887483644
30,2004-06-30,-0.0075811798796225904,-0.02747803927084136,0.016995076780681684,0.1632124665405834,-0.02598649207112924,0.033392209546228464,0.09195085622777643,0.09195085622777643,0.08849557522123908,0.09090909090909084,0.8739825279381341,-0.04254476659773854,6.178310532607252,-2.488538314776319,-0.2750124950677364,0.07682555780933065,0.00674974039460019,0.007393715341959206,-0.01074380165289246,0.029325513196480912,0.017717561229807274,1.1428571428571428,-0.01853795033228389,-0.0010548523206750369,0.008771929824561429,-0.16395363176717215
31,2004-09-30,0.01106709201672662,0.06581140098839211,0.005135576924085061,0.012791510073476564,0.015705265246438227,-0.005993030607070793,0.026137555290982384,0.026137555290982384,0.048780487804878085,0.05000000000000005,0.04652104534958279,-0.06281591765462735,-0.4770193633142445,-2.2096876016299047,0.4588757782905908,-0.013892159171179586,0.011861784424961552,0.013761467889908284,0.022556390977443552,-0.002849002849002802,-0.031746031746031744,0.4666666666666668,0.00463292943692073,0.0073917634635691795,0.008695652173912993,0.05236374363891128
32,2004-12-31,-0.04349757153538214,-0.16332609955653798,-0.0011146033378640616,0.3383750570591826,-0.07629423284002324,-0.005123664912779824,-0.03128073518564056,-0.03128073518564056,-0.03100775193798455,-0.09523809523809534,0.21415771847634324,0.07693062025006125,2.072546192695849,-3.0200208748458106,-0.6353787381364532,0.0742597898758357,0.04791029561671767,0.04253393665158378,-0.07843137254901966,0.05142857142857138,0.04124801692226332,0.3636363636363635,-0.0344093650230578,0.020964360587002014,0.01724137931034475,-0.3748685962576215
33,2005-03-31,0.032870116190445435,0.11619302315590495,-0.11024328807808527,-0.10685311576680324,0.1526270278867332,0.02820645092917573,0.04392693122238711,0.04392693122238711,0.040000000000000036,0.1228070175438598,-0.4839038900039079,0.7117328355490804,-0.8618914787595104,-1.1006779714093349,0.17543859649122814,0.08112913980884627,0.017023346303501885,0.03385416666666674,0.15602836879432624,0.17119565217391286,0.05129507364144215,0.30000000000000004,0.11590742101396034,0.01848049281314168,0.016949152542372836,0.2497757847533633
34,2005-06-30,0.03814791775248416,0.10133988924865167,0.013651947234927686,0.008485866543095355,0.05397123005230186,0.04398988999496023,0.13280044981042627,0.13280044981042627,-0.4307692307692308,-0.4375,0.723750082702953,0.2190496455787108,-0.481594964148741,8.171461897356142,1.368874910053156,0.08326480263157897,0.008608321377331363,0.033585222502099166,0.05061349693251538,-0.06264501160092795,0.04299516908212553,0.23076923076923064,0.01530864197530857,0.027217741935483986,0.008333333333333305,0.09203444564047357
35,2005-09-30,0.0060187185919615685,0.00590432855954659,-0.011738762173118422,0.2673354840150739,0.01705046334344606,-0.004143651422220507,-0.09283716437832434,-0.09283716437832434,-0.09459459459459453,-0.08333333333333326,-0.2423021153190038,-0.2131480188514575,3.0029351453500057,-0.9492814447411928,0.029308156996085355,-0.039096602770924194,-0.02418207681365569,0.0016246953696181787,0.02116788321167884,-0.08415841584158412,-0.08383510884668821,0.1875,0.011024643320363127,-0.005888125613346396,0.008264462809917328,-0.20625924100542134
36,2005-12-31,0.17010501608253106,-0.07108661023397045,0.4898309483401513,-0.07571503986128493,-0.022900612184779345,0.04596445163035123,-0.03637022358925823,-0.03637022358925823,-0.029850746268656688,-0.03030303030303028,0.7077589846058594,10.657516013642793,-5.213083961951446,-20.71899030424607,-0.5614715668121606,-0.03258937388899874,-0.03547133138969871,-0.05190592051905918,-0.0042887776983560055,-0.054054054054054064,-0.0439838220424672,0.1578947368421053,-0.16500962155227705,-0.019743336623889496,-0.03278688524590168,0.004967401428127793
37,2006-03-31,0.02420848398498721,0.12200782236883324,0.010279061519048671,0.02372304529588876,0.037029530391779364,0.0840016837691897,0.10977602835899923,0.10977602835899923,0.12307692307692307,0.125,-0.2068165413682521,-0.9667094825228054,-1.3536531868530095,-1.5453674581846235,0.6982633235645284,0.05267456104532475,0.003022670025188967,-0.03250641573994861,0.03804737975592265,0.05714285714285716,0.024854574299312482,0.15151515151515138,0.012483195698098635,-0.019133937562940573,-0.016949152542372947,0.09607661414890334
38,2006-06-30,0.002396878647944023,0.016106048080640978,-0.009605055439828923,-0.01854502943894809,0.013158849905908545,0.01859769269542144,-0.08752316159185812,-0.08752316159185812,-0.08219178082191769,-0.08333333333333326,-0.2917281298434715,0.704226358472366,-0.1335202950039437,-1.0898789075251434,-0.03695489610829539,0.06283941039565555,-0.041185334003013614,-0.07427055702917773,0.01867219917012441,0.024324324324324298,0.031991744066047545,0.13157894736842102,0.010811836115326434,-0.06365503080082137,-0.008620689655172377,0.03523111612175889
39,2006-09-30,0.04721644087279642,0.018564582784867945,0.0360234284919323,0.06426421812726503,0.057027557698932085,-0.0007151265357390192,0.21628768649082786,0.21628768649082786,0.20895522388059692,0.21212121212121213,0.3768978950085655,4.7767226379892245,-0.9634951879313162,6.88031822898651,-0.3023911759435621,0.11660583941605852,0.025144054478784872,-0.009551098376313294,0.0678886625933468,0.0949868073878628,0.14149999999999996,0.11627906976744184,0.009382623381497536,0.010964912280701844,-0.017391304347826098,-0.04292585534077509
40,2006-12-31,-0.007594994399462873,-0.04100738598345988,0.0022956773215379034,-0.022714477263019672,-0.016092285903020698,-0.02367859565614494,-0.06999663597513117,-0.06999663597513117,-0.06172839506172845,-0.10000000000000007,0.30420332772321523,-0.7708687905300707,41.28985507246377,-1.9771969098411024,0.4235836940493745,-0.10361170125837547,0.01073071027082273,0.016393442622950838,-0.008900190718372558,-0.15903614457831328,-0.14805081033727552,0.10416666666666674,-0.008551775422941166,0.014099783080260275,0.0,-0.01868006827233082
41,2007-03-31,0.09274250099178973,0.04696066726111603,0.1949047632924361,0.3622207547333756,0.003332371700708548,-0.012619410835380984,-0.29067025709041705,-0.29067025709041705,-0.2763157894736842,-0.2499999999999999,-0.5048743833513019,4.478959788410067,-2.0238227230576946,-0.8033239752947783,0.05852044907778664,-0.0669097538742024,-0.07836198179979781,-0.096774193548387,0.00833867864015403,-0.06017191977077374,-0.0925449871465296,0.0943396226415094,-0.08194262141383835,-0.060962566844919734,-0.035398230088495415,-0.2314233259252101
42,2007-06-30,0.37298558710180907,0.13493093943697776,0.6801346716033585,-0.26036668093349724,0.05285002931436078,0.07531607749402447,0.3346680139385985,0.3346680139385985,0.34545454545454524,0.35185185185185164,-0.15017848541434353,2.553469173023613,4.2395508759494165,-5.122302158273381,-0.2279020435993105,0.003516998827667095,-0.006582556226001013,-0.10189075630252098,0.05025445292620878,-0.0030487804878047697,0.06968838526912191,0.0862068965517242,-0.23304738562091495,0.007972665148063607,-0.11009174311926616,0.5344480764395272
43,2007-09-30,0.010430616410367131,0.024056653436508316,-0.009452927268730815,0.037448083397725984,0.043502281202272515,0.07672274908661936,-0.3068448758950556,-0.3068448758950556,-0.31081081081081074,-0.31506849315068497,1.2610079740358562,-0.9391301801332778,-1.1635153416884312,-2.172470151527743,0.3460808843971284,0.0708722741433021,-0.1308669243511872,-0.20000000000000007,0.04118715929739558,0.018348623853211118,0.04396186440677985,0.07936507936507953,0.032756324900133034,-0.13785310734463266,-0.07216494845360821,-0.012945514133551715
44,2007-12-31,-0.0019735207071118754,-0.051674456924497236,-0.002494975317633541,0.07092582971383443,-0.0011502161913661268,0.0019257867543447387,-1.053600775787271,-1.053600775787271,-1.0784313725490196,-1.08,0.2203762336797137,0.4580905543379483,0.39787646007733457,-0.9298050797401064,0.01804729594285126,0.0012727272727273142,-0.3290978398983482,-0.3757309941520468,-0.004072134962187279,-0.03903903903903905,0.12227295788939617,0.07352941176470584,0.0007735946364104683,-0.3355176933158585,-0.06666666666666676,-0.11446833236490428
45,2008-03-31,0.009414416323349384,0.06568744511069546,-0.0185337991331026,-0.07418165221218398,0.05348136507510581,0.008000122001295741,-27.58674538183203,-27.58674538183203,-19.0,-18.75,-0.5556621718968079,-0.8421718328964494,-0.4317321485086252,-0.18276674520363512,0.014487392150076994,-0.1087706555293263,0.06060606060606055,0.021077283372365363,0.05023364485981308,-0.10312500000000002,0.2825497287522605,0.06849315068493156,0.043545477969595625,0.05917159763313595,-0.03571428571428559,0.15110611173603306
46,2008-06-30,-0.009171632740534895,-0.03246337824782286,-0.047611466422979865,-0.052089787369972614,0.047294609664631386,0.029845845401613943,0.15558675424584734,0.15558675424584734,0.15277777777777768,0.15492957746478875,0.350814086772594,2.005168408826945,0.3610542532493364,-11.965403624382207,-0.15659149992353927,-0.014669926650366703,0.01696428571428576,0.05045871559633031,0.04560622914349288,-0.06271777003484325,-0.10292562566090946,0.0641025641025641,0.057037037037037004,0.02420856610800759,0.024691358024691246,0.020684039087947914
47,2008-09-30,0.00020111980425419065,0.09489812912112727,-0.012778558262179772,0.0974995577569433,0.01753982245871621,-0.0061472299106426495,-0.3135599523951205,-0.3135599523951205,-0.3132530120481928,-0.3170731707317073,0.5420176931407434,-0.08183733018995533,-0.2660034648045999,-6.381648137019232,0.9991840890388988,0.10897435897435903,0.0035118525021948788,0.0327510917030569,0.014893617021276562,0.0594795539033457,0.05893909626719052,0.06024096385542178,0.01728568091567384,0.02363636363636368,0.012048192771084263,-0.002393489707994356
48,2008-12-31,-0.01924736799600779,-0.03528561770133032,-0.007822986074183412,-0.012952589107478651,-0.03405373656478694,-0.014396669664946347,0.5334109913131422,0.5334109913131422,0.5263157894736843,0.5357142857142856,0.10338474447961032,0.7342257018983878,1.2679587610952634,-1.2284531794166706,-0.114179971326815,-0.15383181055379447,0.4024496937882765,0.437632135306554,-0.008385744234800652,-0.16491228070175445,-0.1784786641929499,0.05681818181818187,-0.0149253731343284,0.42451154529307256,0.011904761904761862,-0.02263275751759441
49,2009-03-31,-0.006806063425842779,-0.008192039251238792,-0.001753931185550783,0.03395682912829523,-0.020129568231649356,0.0042770506791622856,-0.015964619905425415,-0.015964619905425415,0.011494252873563315,0.023255813953488413,-0.24842528146543885,-0.497997572815534,-0.1025745798151666,0.5191091558977179,-0.1958093452938814,0.05046275892463648,0.045539613225202835,0.05735294117647061,0.007399577167018778,0.058823529411764726,-0.2700993676603433,0.053763440860215006,-0.013519813519813462,0.043640897755611086,0.0117647058823529,-0.04074952949840449
50,2009-06-30,-0.016197908785494652,-0.09798141802571404,-0.0719596653137855,-0.19147471078295888,0.059114788506513076,0.051886995950234605,0.12625821354621736,0.12625821354621736,0.1477272727272727,0.13636363636363644,-1.0337545781502624,0.2742898585760909,-0.9181532638738203,0.7079336349924585,-0.4158583103598552,0.08034403188588213,0.038782816229117056,0.055632823365785684,0.05666316894018907,0.0714285714285714,0.021658415841584237,0.05102040816326525,0.07655954631379958,0.03584229390681015,0.023255813953488413,0.11567005032841447
51,2009-09-30,0.01878965126071153,0.09826315923106456,-0.004088134557771793,-0.032260742511788565,0.0458742031849082,-0.002456596793173671,0.021354941551540833,0.021354941551540833,0.01980198019801982,0.020000000000000014,-41.571630281307705,-0.12509722828252168,7.678647485766437,-2.5041035242031398,1.0707914899324358,0.043106796116504816,0.11430212521539353,0.13438735177865624,0.05064548162859972,-0.011111111111111184,-0.013930950938825015,0.04854368932038833,0.026558384547848982,0.11649365628604393,0.011363636363636465,0.1348726966893492
52,2009-12-31,0.02365820057436752,0.1419361901485161,0.02813273412475969,0.06899868294233702,0.01964671539264029,-0.025761327805029263,-0.055296302654784364,-0.055296302654784364,-0.03883495145631066,-0.07843137254901966,-0.03540154680987195,0.2080360821389076,-0.912938749142408,1.248514549197974,1.1626908145875243,0.0614296351451975,-0.009278350515463885,0.011614401858304202,0.05387523629489599,0.0074906367041198685,-0.06879606879606881,0.046296296296296065,-0.003848620910840373,0.010330578512396604,0.0,0.06818028700397494
53,2010-03-31,-0.005538997830712988,-0.020350417553626987,0.0076479857228812795,0.016319679157713374,-0.021421737655963332,-0.0231405209078962,-0.10541329368357287,-0.10541329368357287,-0.09090909090909084,-0.05319148936170204,-0.336102176127265,-0.23544721868212734,14.394765602530914,-1.2472538759082663,-0.13292691144320326,0.020168361978253117,-0.030176899063475537,-0.01148105625717566,-0.026905829596412637,-0.02973977695167285,-0.0006596306068601399,0.04424778761061954,-0.016097875080489432,-0.00613496932515345,0.0,-0.036076947335225484
54,2010-06-30,-0.004041352202605597,-0.008451005562687186,-0.011356020958387949,-0.07523934089984374,0.0051631920093724295,0.0383405621591324,0.19801413375357035,0.19801413375357035,0.2,0.202247191011236,-0.12560249148255753,0.1609616377893599,-0.34587016791337555,-0.7838404888970246,-0.033138401559454245,-0.13116726835138393,-0.0032188841201717944,0.0011614401858304204,0.02027649769585249,-0.10727969348658994,-0.1333333333333333,0.04237288135593231,0.00938045375218155,0.012345679012345734,-0.011235955056179804,0.07223712621867429
55,2010-09-30,-0.002647317925268622,-0.048199521376239514,0.009642762007751491,0.15351937663673532,-0.01706456028694825,-0.005372515571600567,0.017778691262235746,0.017778691262235746,0.055555555555555365,0.05607476635513997,0.5780254244175762,-0.03356926188068754,1.0615239618438337,4.121946452999803,-0.17555058407459012,-0.06509695290858719,0.011840688912809538,0.004640371229698292,0.02258355916892496,-0.0858369098712447,-0.0822543792840823,0.04065040650406515,-0.014480224767667969,0.012195121951219523,-0.011363636363636355,-0.1748947336303167
56,2010-12-31,0.008072972140373169,0.033942503255589784,-0.02296056486728681,0.0574189345938283,0.04565681495010199,-0.02178150917998234,-0.16316546762589926,-0.16316546762589926,-0.1578947368421052,-0.1504424778761061,0.028826869126317163,0.6044360744925716,-0.4933016727115549,-2.01797092601778,0.21675725299991067,0.07597883597883602,-0.024468085106382983,-0.02078521939953804,0.0406360424028267,0.056338028169014225,0.04730290456431519,0.0390625,0.03728070175438592,-0.01807228915662651,0.0,-0.022187708009762663
57,2011-03-31,0.08174592471765307,0.4326402423793943,0.3382627268774707,0.4548386352930325,-0.20302319585072934,-0.0013502993355408721,-1.3249414802480757,-1.3249414802480757,-1.34375,-1.34375,-0.5271342711336351,-0.4685038343158224,-3.324640597573179,5.80835832083958,1.2128639820521208,0.09913453973249407,-0.2677208287895311,-0.3136792452830188,-0.13285229202037352,0.053333333333333455,0.09350237717908104,0.03759398496240585,-0.2632135306553911,-0.3016359918200409,-0.02298850574712641,-0.015203085999546341
58,2011-06-30,0.02238136209746644,-0.3574066787392092,-0.0010239321164743354,0.1283808568497944,0.06674568140882653,0.04480952493361512,-4.0289634429364485,-4.0289634429364485,-4.121212121212121,-4.090909090909091,-0.6294494955785279,22.733541088999587,-0.7702122254265915,-2.48644348654258,-0.81471512971691,0.04223335719398702,-0.03052866716306768,-0.08762886597938148,0.0602055800293686,0.20253164556962025,0.4913043478260868,0.03623188405797095,0.04332855093256826,-0.06588579795021965,-0.02352941176470591,-0.430568356374808
59,2011-09-30,-0.011103581721545021,-0.05526419951892991,-0.03328899549292341,-0.11502455405629795,0.027189245148214525,0.0016834795694200544,0.053358096884328576,0.053358096884328576,0.04854368932038833,0.0490196078431373,4.6744197771540925,-0.7993285863610187,-3.2208504801097395,-0.90939404264565,-0.3984029790791345,-0.0851648351648352,-0.03302611367127495,-0.07721280602636538,0.030932594644505818,-0.13684210526315801,-0.06851311953352758,0.034965034965035,0.03877887788778889,-0.06112852664576796,-0.012048192771084376,0.06757485837604538
60,2011-12-31,-0.0014037463902477618,0.0035687761096114827,-0.03167461355663848,-0.11502535043921115,0.04840071474279073,-0.014214188485657588,0.10235207858107163,0.10235207858107163,0.11111111111111094,0.09345794392523343,0.00029913074382847965,-0.7868175916575645,0.11690466752094995,-1.7365961331462128,0.4878050981276787,-0.01876876876876876,0.07863383637807786,0.030612244897959107,0.04433497536945818,-0.048780487804878085,0.0026082420448616532,0.05743243243243245,0.04977495366693163,0.046744574290484175,-0.012195121951219412,0.13404927353126972
61,2012-03-31,0.014824372550499731,0.0837417752594094,-0.007679543010656653,-0.0228746719584616,0.047773386134152496,0.03040961375656037,-0.16004793150229368,-0.16004793150229368,-0.16666666666666666,-0.15384615384615385,-0.5225198818046698,1.011818159847258,-0.5977392409660431,-1.359723275559091,-0.1179420933250852,0.11763580719204292,0.38733431516936667,0.4435643564356435,0.04588336192109788,0.07264957264957261,0.037460978147762836,0.05431309904153348,0.03253467843631763,0.4290271132376393,0.0,0.10906862745098043
62,2012-06-30,-0.006199793386068797,-0.02728097647576322,-0.03306250311634451,-0.13158757296217238,0.03254108696343238,-0.015309410593372654,0.11681267989793742,0.11681267989793742,0.1200000000000001,0.12121212121212133,0.5556003398091365,-0.4318080799586752,0.7981348298468263,-2.4553915771070094,0.194603923294302,-0.011124422385760724,-0.01698513800424628,0.021947873799725626,0.031980319803198036,-0.05577689243027872,-0.3179538615847544,0.051515151515151736,0.03883732291157793,0.02120535714285721,0.0,0.12014063284781518
63,2012-09-30,-0.007891749966756567,-0.003323912197268464,-0.04664658120167275,-0.19179780149435574,0.04406633553630801,-0.02903855129771715,-0.08228806167524827,-0.08228806167524827,-0.0892857142857143,-0.09009009009009017,0.5730287363423647,-0.06023510507843888,0.8950851848048109,-0.3630357205949899,0.10376305096061976,0.04551748009691936,-0.05345572354211658,-0.012080536912751684,0.04251092570520454,0.012658227848101113,0.0235294117647058,0.04899135446685876,0.052433576299083066,-0.005464480874316946,0.0,0.2331629450273518
64,2012-12-31,-0.0037406420902611477,0.06026904123917909,-0.004492359123164036,-0.021517036538892587,-0.00196847090254304,-0.08835397763577413,-0.6577427306508382,-0.6577427306508382,-0.6568627450980393,-0.6534653465346535,-0.03600416602258871,-0.051744696168642745,-0.3460246158292789,5.714555136454403,0.5413568337070449,0.00016553550736642106,-0.21734169994295505,-0.1929347826086956,0.0026676829268292845,-0.04166666666666674,0.014367816091954031,0.08241758241758235,0.0017873100983021304,-0.17252747252747247,-0.02469135802469136,0.08363028143407747
65,2013-03-31,0.002402125063672323,-0.06651582290036429,-0.003790210300474661,0.1533147575942413,0.008864180490876006,0.05852983990942363,1.4326178873441306,1.4326178873441306,1.4571428571428573,1.4285714285714288,-0.8758112893092507,2.324586585684121,-0.7251558371007394,-2.260512185047501,-0.5480063331822211,-0.030950016550811088,-0.061224489795918324,-0.03872053872053882,0.010262257696693313,-0.030434782608695587,0.19830028328611915,0.07614213197969555,0.006467439785905249,-0.02257636122177964,-0.012658227848101222,-0.1906583450775116
66,2013-06-30,-0.02901077178523825,0.008600941828178721,0.0037032289644169936,0.06826180087004308,-0.06857059454769565,0.016283574763229725,0.21865678786852166,0.21865678786852166,0.2441860465116279,0.2588235294117649,3.4044832038608903,-1.8618263302123768,4.707537688442211,-0.9220565586394468,0.11031937905585942,0.013321947053800187,-0.017857142857142794,-0.014010507880910628,-0.030850263355906567,0.0,0.056146572104018855,0.070754716981132,-0.040771105694659804,-0.010869565217391242,-0.012820512820512886,-0.05580431177446099
67,2013-09-30,-0.012023436881825722,-0.029972803955095606,-0.008175385410325921,-0.04005296387748891,-0.017708532509056796,-0.01575115379955283,1.4484673773781034,1.4484673773781034,1.5233644859813085,1.5046728971962615,-0.10456024336676584,2.7510723216799433,0.8471209720021131,-1.835617590179097,0.06699383856224128,0.008090342154053687,0.4956521739130435,0.4813499111900532,0.025621118012422398,0.04035874439461873,0.020145495243424797,0.06607929515418509,-0.005775005775005782,0.4793956043956045,0.0,0.01045051374374295
68,2013-12-31,0.002291897016635902,-0.02991481768290627,-0.016009670993191394,-0.08635628069524093,0.027407687497348787,-0.017159819600031326,-0.648000829336802,-0.648000829336802,-0.6370370370370371,-0.6380597014925373,0.1289581589059916,-1.2331998534222808,-0.8789744958594699,1.871805192191588,0.18145059388425566,-0.0252466142785488,0.12896405919661744,0.12470023980815335,0.03557910673732012,-0.047413793103448176,-0.35381239714755897,0.06198347107438008,0.025092936802973972,0.10306406685236767,0.025974025974025983,0.06179384668868404
69,2014-03-31,0.06727760393383986,0.07592190889370931,0.11155778894472368,0.053003533568904526,0.011144883485308954,-0.0059625169302346395,-0.2707383773928897,-0.2707383773928897,-0.26530612244897955,-0.2680412371134021,-0.6006693542252985,5.020446800454374,-7.682245444520296,-2.506657323055361,-0.22994652406417115,-0.0483704974271012,-0.02481273408239704,-0.04371002132196156,0.009868421052631636,-0.08144796380090502,-0.15449915110356527,0.06420233463035019,-0.05258386219401634,-0.031986531986532014,-0.012658227848101222,0.021772939346811796
70,2014-06-30,0.021675392670157168,0.011424731182795744,0.019529837251356152,0.05536912751677847,0.025050100200400882,0.08934707903780059,0.2788461538461537,0.2788461538461537,0.2777777777777779,0.295774647887324,2.333333333333333,-0.6776729559748428,-1.1473477406679764,-1.0,0.0,0.0573179524152847,-0.05088814210273651,-0.05908584169453735,0.025696706478465448,0.04433497536945818,0.0843373493975903,0.06032906764168189,0.0033492822966507685,-0.05130434782608695,-0.012820512820512886,-0.04165665304814548
71,2014-09-30,0.00450958286358505,0.03853820598006652,-0.008336289464349056,-0.054054054054054064,0.021994134897360684,0.001051524710830698,-0.030075187969924814,-0.030075187969924814,-0.03260869565217395,-0.0434782608695653,-0.03214285714285714,-0.5463414634146342,1.0266666666666668,inf,0.1805555555555556,0.047903170814865385,-0.3651997976732423,-0.3661137440758294,0.020818630910373948,0.023584905660377187,0.07777777777777772,0.05689655172413799,0.0174058178350025,-0.3620531622364803,0.0,0.0978851458664214
72,2014-12-31,0.0077543107846138595,0.02559181062060145,-0.007869790735109959,0.4361344537815126,0.028455284552845624,-0.011029411764705843,0.4728682170542635,0.4728682170542635,0.44943820224719105,0.4772727272727273,0.11808118081180807,-0.021505376344086,0.25,-0.15384615384615385,0.12941176470588234,0.014966650398568369,0.06932270916334682,0.06542056074766367,0.030072589007950287,-0.004608294930875445,0.5403780068728521,0.0538336052202284,0.020623388797750053,0.0747126436781611,-0.012987012987012991,-0.28582305466727576
73,2015-03-31,0.07451655360939546,0.481597005614473,0.14332071389940504,0.22235225277940307,-0.013485235991629874,-0.02336696760488577,-0.6789473684210526,-0.6789473684210526,-0.6744186046511629,-0.676923076923077,-0.8283828382838284,-0.3956043956043957,-5.131578947368421,34.54545454545455,4.072916666666667,0.15739701875300516,-0.09090909090909104,-0.10175438596491226,-0.008724832214765166,0.12037037037037025,0.056887897378694825,0.058823529411764726,-0.0819747416762342,-0.08957219251336912,-0.013157894736842146,0.2120469083155652
74,2015-06-30,-0.0841420898897578,-0.3557894736842105,-0.15231788079470202,-0.4054571565342269,0.01673344331840676,0.04676454594888524,0.9344262295081966,0.9344262295081966,0.9523809523809524,0.9285714285714288,4.288461538461538,0.23636363636363636,-2.3133757961783443,-2.053708439897698,-0.8459958932238193,0.09721645201495653,-0.041803278688524514,-0.02734375000000011,0.017264725795531618,0.1074380165289257,0.1878627968337732,0.05555555555555558,0.11005502751375684,-0.03083700440528625,0.0,0.08356055941595564
75,2015-09-30,0.03641975308641965,0.0771241830065359,0.01432291666666674,-0.0877616747181964,0.06374594343996297,-0.023376623376623384,1.8983050847457623,1.8983050847457623,1.8902439024390247,1.9012345679012344,-0.2290909090909091,0.6764705882352942,-0.8787584869059166,-0.9672330097087378,-0.18000000000000005,-0.146030543985864,0.3943541488451667,0.4176706827309238,0.06522462562395992,-0.16044776119402993,-0.11861394935584192,0.05263157894736836,0.026363226678684185,0.4318181818181817,0.0,0.18069648510431024
76,2015-12-31,-0.011117728806829484,-0.08919902912621358,-0.03741059966990645,0.035304501323918824,0.02070167792547406,-0.01648936170212767,-0.4502923976608187,-0.4502923976608187,-0.4472573839662447,-0.44680851063829785,0.2783018867924529,0.09649122807017553,0.08800000000000008,-1.3703703703703702,0.08130081300813008,-0.02024830032515501,-0.023926380368098243,-0.004249291784702458,0.024992189940643783,-0.08000000000000007,-0.3155241935483871,0.05000000000000005,0.03227222832052678,0.0010582010582009804,-0.013333333333333308,-0.12024750773461655
77,2016-03-31,0.013551495683597592,-0.00532978014656893,0.020956372642408017,-0.0707587382779199,-0.010247651579846306,0.007571660356949783,-0.4574468085106384,-0.4574468085106384,-0.4580152671755726,-0.4615384615384616,-0.4723247232472325,0.52,-1.3088235294117647,-1.5,-0.03759398496240607,-0.0021119324181626538,0.03456945317410432,0.07112375533428161,-0.0012191405059432947,-0.024154589371980558,-0.0014727540500736325,0.05012531328320802,-0.023606975754997817,0.05496828752642702,0.0135135135135136,0.07041262894654565
78,2016-06-30,0.0011884718233139413,0.011386470194239884,0.01996641164396351,0.019266055045871644,-0.02135461604831756,0.023081052066559412,0.911764705882353,0.9019607843137254,0.9436619718309858,0.9571428571428576,1.2447552447552446,-2.1421052631578945,-10.119047619047619,-32.0,1.2109375,0.15132275132275108,0.08809234507897945,0.09163346613545807,-0.003967043027159112,0.14851485148514842,0.08849557522123885,0.04773269689737458,-0.02243519930298421,0.10420841683366744,0.0,-0.007738920931590788
79,2016-09-30,0.006330992185181517,0.0874172185430464,-0.011525795828759566,-0.05850585058505853,0.02777165527881853,-0.011017838405036671,-0.015384615384615332,-0.02061855670103097,-0.007246376811594012,-0.021897810218978075,-0.06230529595015578,-1.3317972350230414,-0.7232375979112271,-0.20645161290322575,0.4346289752650177,0.0971638655462186,-0.18704634282523724,-0.1836982968369828,0.030330882352941343,0.10344827586206916,-0.01016260162601623,0.04555808656036442,0.021390374331550888,-0.18511796733212335,-0.013333333333333308,0.15502906335074695
80,2016-12-31,-0.0071758576624397765,-0.06760048721071865,-0.021654636313159337,-0.0621414913957935,-0.007505897490885705,-0.012732095490716187,-0.1875,-0.17894736842105266,-0.17518248175182494,-0.17164179104477606,0.009966777408637828,0.4861111111111112,1.30188679245283,-1.3821138211382114,-0.11576354679802958,0.03326950694112018,-0.044642857142857206,-0.05067064083457529,0.000892060660124816,0.00390625,0.2546201232032854,0.0490196078431373,-0.0004363001745200101,-0.04899777282850781,0.0,-0.0057969168046885225
81,2017-03-31,0.0008910891089108918,0.017635532331809367,0.000756715853197143,0.004077471967380175,0.0004321521175454368,0.020419129500268696,0.05128205128205132,0.04487179487179493,0.05309734513274345,0.045045045045044814,-0.35526315789473684,-0.794392523364486,-0.319672131147541,-1.1702127659574468,0.0222841225626742,0.10099606208014822,0.09489575844716014,0.09576138147566704,0.005347593582887944,0.0972762645914398,0.1472995090016369,0.04672897196261672,-0.0004364906154518122,0.0901639344262295,0.0135135135135136,0.013455500736848869
82,2017-06-30,0.006133148679394518,-0.03722721437740695,-0.0022684310018903364,-0.06903553299492382,0.014470842332613419,0.023170089520800463,0.17682926829268286,0.18404907975460127,0.17647058823529416,0.1810344827586208,0.5,6.727272727272728,0.06626506024096379,-7.625,-0.14441416893732972,0.09814853776562173,-0.009848982271831952,-0.004297994269340855,0.01743498817966893,0.09219858156028372,-0.0033285782215882738,0.04464285714285698,0.008296943231441034,-0.0064446831364124435,0.0,0.03420370487450208
83,2017-09-30,0.026349424835315997,0.029333333333333437,0.033535430087154205,0.14721919302071984,0.02065147966787317,-0.006176016469377266,-0.1658031088082902,-0.17098445595854928,-0.15714285714285714,-0.16058394160583955,0.2312925170068028,0.4529411764705882,-0.5536723163841808,-1.6792452830188678,0.1146496815286624,-0.019829485582910308,-0.049071618037135216,-0.05035971223021585,0.021492884112692456,-0.0357142857142857,-0.01956106870229013,0.042735042735042805,-0.0056301429190125365,-0.048648648648648714,0.0,-0.1027631739821494
84,2017-12-31,0.006130855445923844,-0.15414507772020725,-0.01228230980751599,0.004752851711026684,0.026491447642887026,0.002589331952356222,0.5776397515527951,0.58125,0.5762711864406782,0.5826086956521741,-0.10773480662983426,0.4817813765182186,1.1518987341772151,-6.916666666666668,-0.6085714285714285,-0.05824863174354955,0.1262203626220364,0.13484848484848475,0.03156098947967023,-0.07744107744107742,-0.02092457420924576,0.04098360655737698,0.02025261324041816,0.13409090909090926,0.0,-0.15813858417932813
85,2018-03-31,0.018280491288203304,0.04977029096477792,0.01614699331848546,0.056764427625354726,0.022149969518390652,-0.026859504132231368,-0.3031496062992126,-0.3043478260869565,-0.3010752688172044,-0.30219780219780223,-0.4427244582043344,-0.4426229508196722,-1.0647058823529412,-0.9389671361502347,-0.0948905109489051,0.058945620589456287,-0.0037151702786378795,0.002670226969292422,0.02094818081587646,0.02554744525547448,-0.0780318091451292,0.043744531933508364,0.003842049092849464,0.018036072144288484,-0.013333333333333308,-0.006636451926189668
86,2018-06-30,0.0048620850864891105,0.03209336250911754,-0.02611872146118721,0.12981199641897945,0.038369781312127316,0.018577494692144425,0.2372881355932204,0.2443181818181819,0.23076923076923084,0.2362204724409449,0.7944444444444445,-0.38235294117647056,-18.181818181818183,-1.6153846153846154,0.06451612903225801,0.04410035280282232,0.00621504039776255,0.01864181091877493,0.031857451403887634,0.02491103202846978,0.023719676549865062,0.04191114836546528,0.033382947055071284,0.036417322834645834,-0.027027027027027084,-0.08652436043669554
87,2018-09-30,0.022238764306317996,0.13286219081272074,0.025318829707426938,0.10063391442155313,0.017997319548152424,-0.015633142261594624,-0.0273972602739726,-0.031963470319634764,-0.025000000000000026,-0.025477707006369418,0.2445820433436532,-0.007936507936507908,-0.2275132275132276,15.375,0.9924242424242424,0.03294537262999797,0.03705991352686855,0.05098039215686279,0.02223966509680797,0.0,-0.002632964718272679,0.04022526146419958,-0.004115226337448541,0.07027540360873674,-0.01388888888888895,0.029343560470924013
88,2018-12-31,0.0015474239941744015,-0.13287585776668742,0.02103530272544352,0.06911447084233258,-0.01899567425239801,-0.026469031233456897,-0.403755868544601,-0.4056603773584906,-0.40384615384615385,-0.3986928104575164,-0.2661691542288557,1.7679999999999998,-0.4726027397260274,-1.9770992366412208,-0.4866920152091255,-0.1471149477510223,-0.15961882072662292,-0.15671641791044774,-0.005630918863578138,-0.16666666666666666,-0.1995776135163675,0.04098994586233573,-0.020454545454545392,-0.13664596273291918,-0.02816901408450712,-0.18897842474655568
89,2019-03-31,0.08488594019812767,0.2791366906474819,0.1540666427803654,0.5367003367003367,0.014187116564417181,0.028276237085372413,0.2913385826771653,0.2936507936507937,0.3118279569892473,0.3043478260869563,-0.06779661016949158,-0.6820809248554913,-3.1298701298701297,-3.5703125,2.437037037037037,-0.09173236735563606,-0.030474840538625037,-0.04572271386430682,0.013384813384813343,-0.08750000000000002,0.0633245382585752,0.03937592867756301,-0.0651761231807636,-0.018499486125385326,-0.02898550724637672,-0.1676282051282051
90,2019-06-30,-0.014827846192510654,-0.11923509561304835,-0.05324433405774609,-0.16564417177914115,0.03194706994328933,0.03278688524590168,0.3780487804878048,0.38650306748466257,0.3688524590163935,0.3833333333333333,0.16727272727272724,-0.1636363636363637,-3.5609756097560976,-1.5805471124620059,-0.4116379310344828,0.09571847507331377,-0.0014619883040936088,-0.012364760432766577,0.029718059436118827,0.08219178082191791,0.10980148883374684,0.037884203002144234,0.04738267148014441,0.005235602094240789,-0.0149253731343284,0.05570530098831994
