,Quarter end,Assets,Current Assets,Liabilities,Current Liabilities,Shareholders equity,Revenue,Earnings,Earnings available for common stockholders,EPS basic,EPS diluted,Cash from operating activities,Cash from investing activities,Cash from financing activities,Cash change during period,Cash at end of period,Price,ROE,ROA,Book value of equity per share,P/B ratio,P/E ratio,Cumulative dividends per share,Equity to assets ratio,Net margin,Asset turnover,Current ratio
0,1996-03-31,0.033269373703573635,-0.0038342407850265885,0.06615569161932244,0.7812595071493764,-0.1462371206491394,0.7730725637253719,2.1233901121728294,2.038420632810422,2.0,2.0,-4.158803815416345,-0.6891397330120049,-0.9983667227950758,-1.6038627419456308,-0.5241576817362708,0.053050397877984164,-0.03827996715927751,-0.03073394495412851,-0.1707317073170731,-0.0030991735537189147,0.6464853771164703,inf,-0.1945866861741038,-0.4680306905370845,0.0,-0.4407477774071442
1,1996-06-30,0.033269373703573635,-0.0038342407850265885,0.06615569161932244,0.7812595071493764,-0.1462371206491394,0.7730725637253719,2.1233901121728294,2.038420632810422,2.0,2.0,-4.158803815416345,-0.6891397330120049,-0.9983667227950758,-1.6038627419456308,-0.5241576817362708,0.053050397877984164,-0.03827996715927751,-0.03073394495412851,-0.1707317073170731,-0.0030991735537189147,0.6464853771164703,inf,-0.1945866861741038,-0.4680306905370845,0.0,-0.4407477774071442
2,1996-09-30,0.09566949080274688,-0.023350887838669787,0.13910986711395346,1.2852946199829205,-0.2004328596969982,-0.4232903541700669,0.17575596346546066,0.1734412601181361,0.1578947368421053,0.1578947368421053,-1.3395086917489594,-0.1456487962710833,-5.2404371584699465,-0.4519377691346021,-0.603710551482308,-0.17380352644836286,-0.03827996715927751,-0.03073394495412851,-0.2352941176470589,-0.0030991735537189147,0.6464853771164703,inf,-0.3024523160762944,-0.4680306905370845,0.0,-0.5726511241928374
3,1996-12-31,0.0451001487924918,0.06863914449367581,0.09091652771619962,0.4821006845834206,-0.3998175826762387,0.27394934201216925,0.6853835130854513,0.6776911890823669,0.6515151515151516,0.6515151515151516,-3.2832932692307693,-1.54295249165698,-0.22207903780068727,-1.1721792759684029,0.2622993017793365,0.06707317073170738,-0.03827996715927751,-0.03073394495412851,-0.5,0.39481865284974105,0.6464853771164703,inf,-0.51171875,-0.4680306905370845,0.0,-0.278961102008617
4,1997-03-31,0.0128002943804868,-0.04798927158838207,0.06048141842632225,0.19328731134430252,-0.8288151379969606,0.3333148209855974,0.4066184861163942,0.40389829755078455,0.4128440366972477,0.4128440366972477,-0.7197978628204453,-1.0166436464088398,0.6421866372170071,-2.0769136408243383,-0.22377711503657827,-0.25428571428571434,-0.03827996715927751,-0.03073394495412851,-1.1538461538461535,0.4918276374442792,0.6464853771164703,inf,0.0,-0.4680306905370845,0.0,-0.20215451944117147
5,1997-06-30,0.32741632713085744,0.6013515923112585,0.3857080751522897,0.16397765400900946,-6.0465826651393675,0.3998583785735113,0.014682022078707169,0.014612060094669753,0.0,0.0,-0.2733421003193688,422.6473029045643,-122.20578345662408,-18.359608155826407,5.004597399185603,-0.2183908045977011,-0.03827996715927751,-0.03073394495412851,10.0,0.0,0.6464853771164703,inf,0.0,-0.4680306905370845,0.0,0.3757383966244727
6,1997-09-30,-0.07143266774412182,-0.4590288062177781,0.006103261540632454,-0.07231544476957373,2.25656351668306,0.2380829580845449,0.8052799071940304,0.8014978935871431,0.8051948051948051,0.8051948051948051,6.985522233712512,-0.4199306555402109,-1.0070519827112685,-1.9965813648293964,-0.8306116422024371,0.1568627450980391,-0.03827996715927751,-0.03073394495412851,1.4545454545454546,0.0,0.6464853771164703,inf,0.0,-0.4680306905370845,0.2272727272727273,-0.4168839135101978
7,1997-12-31,0.2672373861999848,1.799873412510549,0.06161852331443996,0.215448856676594,-0.4832895776218578,0.439980452790284,-0.3833375305018366,-0.3196487034246219,-0.3525179856115107,-0.3525179856115107,-2.2989510489510487,1.3142449493030757,-137.99134539732495,-1.752138215289803,3.6881800277661188,0.07203389830508478,-0.03827996715927751,-0.03073394495412851,0.09259259259259256,0.0,0.6464853771164703,inf,0.0,-0.4680306905370845,0.18518518518518512,1.3036160420775809
8,1998-03-31,-0.0060620963356050606,-0.0175940305639537,0.021791944642196803,0.023984158670873782,0.6105372016951249,0.19300461203803126,-0.2975089068198781,-0.2574472960586618,-0.2777777777777778,-0.2777777777777778,-1.5030407257863516,-1.4118014008463446,-1.0110702060695171,-0.22225432007983612,0.6118506683562088,-0.0158102766798417,-0.03827996715927751,-0.13487931850449594,0.2542372881355932,0.0,0.6464853771164703,inf,0.0,-0.4680306905370845,0.1875,-0.0405845082481876
9,1998-06-30,0.038195798740736635,0.04301706913711434,0.06509792829559169,0.22385694386361,0.3548420868958297,0.14642392475249366,-0.08357054083309945,-0.06746215433146463,-0.06923076923076933,-0.06923076923076933,-2.9628400138730617,-1.0973308647006192,-0.19325551232166016,-0.7127694299060161,0.10903132637191736,0.34136546184738936,-0.03827996715927751,-0.10503282275711157,0.20270270270270266,0.0,0.6464853771164703,inf,0.0,-0.4680306905370845,0.1578947368421053,-0.14778676820561645
10,1998-09-30,-0.026275057024017227,-0.0020806204553689427,0.0014334761389902528,-0.07398605423126138,0.30094531592097473,-0.042430380982598326,0.13679812761117316,0.11924109276758466,0.11570247933884305,0.11570247933884305,-1.8972889741518582,0.14835714935833266,0.14212218649517694,-3.0265684392021632,-0.19923643242118727,-0.11676646706586813,-0.03827996715927751,-0.2658924205378973,0.1797752808988764,0.0,0.6464853771164703,inf,0.0,-0.4680306905370845,0.09090909090909084,0.07763194638369186
11,1998-12-31,-0.004101322112801009,-0.03328923766010139,0.05657724549601961,0.19519178747312196,0.4712532619499234,0.21908864222389315,1.1802158896307555,1.0120565045992116,1.007407407407407,1.007407407407407,-0.9781697470953948,6.713957359118648,-0.09769144144144147,0.9589295382473508,-0.4873974645786726,0.4542372881355932,-0.03827996715927751,0.19400499583680264,0.3142857142857141,0.0,0.6464853771164703,inf,0.0,-0.4680306905370845,0.12500000000000022,-0.1911764705882354
12,1999-03-31,-0.04043441300117556,0.2063066496853183,0.3084317700580941,0.10095478635117484,1.2089923023093072,0.07799095413649626,2.28600804885798,2.0395856123565235,2.059040590405904,2.059040590405904,-7.908505154639175,-1.860367626660639,15.14508580343214,-1.3687073084060488,0.35057767933400275,12.953379953379953,-0.03827996715927751,1.2545327754532771,0.6304347826086958,0.0,0.6464853771164703,inf,0.0,-0.4680306905370845,0.11111111111111094,0.09571485782939536
13,1999-06-30,0.6745955255327479,0.0859686870959886,0.04602818061461211,0.2269675667241591,-1.281822623545653,0.13095899975433478,-0.7955340812341707,-0.7955340812341707,-0.9034981905910736,-0.9034981905910736,11.395821675060622,-0.1555107061394605,-0.9319547782394434,2.5779723181538303,0.9287560806115358,-0.11977948546608752,-0.03827996715927751,-0.08042066192390962,-1.2266666666666666,0.0,0.6464853771164703,inf,1.1253333333333333,-0.4680306905370845,-0.05000000000000005,-0.1149122807017544
14,1999-09-30,-0.032873504943511045,-0.15641734188874834,0.010046397929420305,0.04422684646568453,-0.5287073065283182,0.2218430424319333,0.6340816246108578,0.6340816246108578,-0.3125,-0.3125,-3.0829596412556053,-1.240726861344835,-0.05339392218119854,-2.188023763917156,-0.5720704166486518,-0.1930157525147086,-0.03827996715927751,-0.0020181634712411745,-0.5294117647058824,3.1518924302788847,0.6464853771164703,inf,-0.5131744040150564,-0.4680306905370845,0.035087719298245716,-0.1921043937892304
15,1999-12-31,0.3882652049158872,1.832719802683159,0.4622765841641203,0.4760411095294128,-1.4441610861388865,0.20726977562363147,0.7683619906592392,0.7683619906592392,0.7636363636363634,0.7636363636363634,-1.0584665621545863,10.763790166245668,-294.6363636363636,-5.9536645735843345,6.622222596425053,-0.09595484477892767,-0.03827996715927751,-0.05763397371081903,-1.8333333333333333,0.9211946743432886,0.6464853771164703,inf,0.0,-0.4680306905370845,-0.03389830508474578,0.9190349621754244
16,2000-03-31,-0.01880745135754069,-0.09099510303231884,0.014221329866389132,0.05778624141356593,2.6734065843281423,0.09613972404733162,-0.15844644659205587,-0.15844644659205587,-0.5876288659793814,-0.5876288659793814,-13.9219078215742,-0.4088786796834036,-1.002614719676302,-1.2867170653810165,-0.24910112570543,-0.7926638917793964,-0.03827996715927751,-0.3551502145922748,1.0999999999999996,0.0,0.6464853771164703,inf,0.0,-0.4680306905370845,-0.0350877192982455,-0.14063498828041765
17,2000-06-30,-0.000928658042068875,-0.06393977864562063,0.028013609701171616,0.11999203151976626,0.6504197144929411,0.1421336665953712,-0.2823421379571113,-0.2823421379571113,-0.29999999999999993,-0.29999999999999993,-0.6871491819424922,0.3843041182682154,-2.1520125048847207,-0.14134565497913631,-0.2848476289666778,0.8707653701380176,-0.03827996715927751,0.023849140321686058,0.5476190476190477,0.0,0.6464853771164703,inf,0.0,-0.4680306905370845,0.09090909090909084,-0.1642077857674188
18,2000-09-30,0.2298466342276311,0.5259983750143093,0.243493588123447,0.004830699646802827,0.4211492733578159,0.08023629956247125,-0.014805057955742941,-0.014805057955742941,0.0,0.0,1.6357551120212732,-0.13488377769776705,332.8049525101764,-4.904537379412918,1.5551905576856622,0.28906773977196504,-0.03827996715927751,-0.10780065005417104,0.3999999999999999,0.0,0.6464853771164703,inf,0.0,-0.4680306905370845,0.0,0.5185789512719721
19,2000-12-31,-0.007168634193257306,-0.05736514883440946,0.034672208664505044,0.145512085656057,0.5060347534680356,0.15391161823110378,0.3165562711527736,0.3165562711527736,0.2857142857142856,0.2857142857142856,-2.2158893243964104,2.441995146863802,-1.002330149574669,-1.5097393192859287,-0.31024761493820296,0.8532778355879291,-0.03827996715927751,-0.1129326047358834,0.4835164835164836,0.0,0.6464853771164703,inf,0.0,-0.4680306905370845,0.06666666666666665,-0.17709401709401704
20,2001-03-31,-0.03699118078847818,-0.100757141602415,-0.008755022932565248,-0.05377339284444072,0.20094609306856315,0.07019138363889654,-0.03067986630147157,-0.03067986630147157,-0.02777777777777779,-0.02777777777777779,-1.1938274313072836,-0.932884654401774,0.162232882686437,-0.8553762003980352,-0.06505115438751287,-0.2164514317798989,-0.03827996715927751,-0.0657084188911704,0.19259259259259265,0.0,0.6464853771164703,inf,0.0,-0.4680306905370845,0.0625,-0.049676538666983294
21,2001-06-30,0.2566672401065486,0.5685472055792901,0.2140202867183945,0.10341931447808196,-0.03995408977410686,0.12105623426496348,-1.0134637603941548,-1.0134637603941548,-1.0,-1.0,-9.590710032967571,13.1536840819567,-368.8833020637898,-13.40610366542871,0.8631823748160299,0.1522751701898959,-0.03827996715927751,-0.2967032967032968,-0.05590062111801242,0.0,0.6464853771164703,inf,0.0,-0.4680306905370845,0.0,0.4215588308768423
22,2001-09-30,0.019871438749403003,-0.019435545574142288,0.02651884306697028,0.13064410538482507,0.07833703770172695,0.05819686382302304,0.3761671854157401,0.3761671854157401,inf,inf,0.02108380253051445,0.008265033364328156,-0.9998480226109716,-1.417844938168766,-0.19358082757142087,-0.2086442786069651,-0.03827996715927751,-0.32291666666666663,0.07236842105263143,0.0,0.6464853771164703,inf,0.0,-0.4680306905370845,0.044117647058823366,-0.1327212020033388
23,2001-12-31,0.1321151743037765,0.23216449690938526,0.11582455513168345,0.03084785722399075,-0.004279779545905527,0.12510831232286154,-18.38319870759289,-18.38319870759289,-12.0,-12.0,-0.1196107028664386,-0.3249149459719696,4246.073825503356,-2.641429960786485,0.3940250691866016,-0.025540275049115824,-0.03827996715927751,-0.4092307692307693,-0.006134969325153228,0.0,0.6464853771164703,inf,0.0,-0.4680306905370845,0.0,0.19527886125322924
24,2002-03-31,0.2311741700443857,0.41718672185701067,0.011126888294526571,0.04296924078537079,0.10897280951229926,-0.03995201794111769,-0.2823925205851192,0.8030705748963773,0.8181818181818183,0.8181818181818183,0.2222979732011443,2.2825030665512944,1.347209448589949,0.3527390039218994,0.3823554478275977,0.0439516129032258,-0.03827996715927751,-0.6510416666666666,0.11111111111111116,0.0,0.6464853771164703,inf,0.0,-0.4680306905370845,-0.08450704225352101,0.3587896253602305
25,2002-06-30,0.00832217393855572,0.005224916532937884,0.003131600117961764,0.021746146576642426,-0.04041144171551536,0.058142019506223885,-2.1873186904268547,-1.4725432185306215,-1.4,-1.35,-0.08764256969494777,-1.4968709958064297,-0.9971905554728964,0.08139973501675635,0.2991119835442968,-0.10505986867516416,-0.03827996715927751,-0.544776119402985,-0.044444444444444516,0.0,0.6464853771164703,inf,0.0,-0.4680306905370845,-0.030769230769230767,-0.016156197367600322
26,2002-09-30,-0.007797575142055478,-0.01956739777075012,0.023015192461579792,-0.006714045589182871,0.2013333784397684,0.04634700226921895,-4.663808900523559,-4.663808900523559,-5.375,-5.999999999999999,-0.44905526702204857,-0.3782220702092597,-1.2645578720345076,-0.4014229458669418,0.13781842692065038,-0.27665084160552433,-0.03827996715927751,3.5901639344262293,0.2034883720930232,0.0,0.6464853771164703,inf,0.0,-0.4680306905370845,-0.031746031746031744,-0.012934313974131362
27,2002-12-31,-0.22040483109581788,-0.3232684772548428,-0.013984598228553248,0.04429904489507308,0.21253733745009096,0.08339132632074775,3.2925709590411376,3.2925709590411376,0.2857142857142858,0.2857142857142858,-5.112322147094205,-2.5042318847827167,966.0144927536232,-5.684616977624519,-0.5674249311722634,0.19272076372315008,-0.03827996715927751,3.1428571428571432,0.21256038647342998,0.0,0.6464853771164703,inf,0.0,-0.4680306905370845,0.03278688524590168,-0.35197199383350464
28,2003-03-31,-0.040362042844238936,-0.05919897382661399,-0.04528943215331227,0.01672968765860361,-0.07087616680960618,0.0258328653466422,-1.0803361754837135,-1.0803361754837135,-1.2666666666666666,-1.2666666666666666,-1.4665546989859863,-0.5087433147302414,-0.650187713566333,-0.7815996533376786,-0.28648392060296224,0.3426713356678339,-0.03827996715927751,-0.04655172413793107,-0.07569721115537842,0.0,0.6464853771164703,inf,0.0,-0.4680306905370845,0.1428571428571428,-0.07468900232938502
29,2003-06-30,0.03746703296246024,0.061752062516710726,0.004823597708331739,0.02034383046289845,-0.17025282385887353,0.040851390090710586,1.2237512302087472,1.2237512302087472,1.2500000000000004,1.166666666666667,0.3418428292677653,-0.29343619545494914,-1.0336560861578667,-1.220691586761376,0.0886099036099035,0.190387481371088,-0.03827996715927751,-0.04249547920434005,-0.1724137931034483,0.0,0.6464853771164703,inf,0.0,-0.4680306905370845,0.11111111111111116,0.04059989287627208
30,2003-09-30,0.05989257488336652,0.12073469995841203,0.0493439060435199,0.029086469026636808,-0.02139494250499208,0.02667105905906197,-0.7273454302640672,-0.7273454302640672,-0.7407407407407407,-0.7307692307692307,-0.11934196162785547,3.311448325401813,19.53106850186968,-3.597587637441744,-0.21143661233351307,0.16870109546165898,-0.03827996715927751,-0.24929178470254956,-0.02083333333333337,0.0,0.6464853771164703,inf,0.0,-0.4680306905370845,0.09999999999999988,0.08904673666872552
31,2003-12-31,0.1481486695357448,-0.1352670849438512,0.14657653938210102,0.13301624841936732,0.13515819284817487,0.04206514516678772,-0.9236815127007632,-0.9236815127007632,-1.0,-0.8571428571428572,-1.3490298500635791,-0.11401057134407687,3.2506442425064432,-2.5702391118701966,0.4210264432259392,-0.0498125334761651,-0.03827996715927751,-1.427672955974843,0.14893617021276606,0.0,0.6464853771164703,inf,0.0,-0.4680306905370845,-0.011363636363636355,-0.23678986671708105
32,2004-03-31,-0.1513010252579493,0.0822855457120657,-0.1295578251895958,-0.06620741499329919,0.030169758765898006,0.04388173275026985,-17.002238805970148,-17.002238805970148,-inf,-10.0,-4.891071592383399,-2.3995138944389334,-2.316099917950588,-1.6631752340114,-0.19648776512384392,0.010710259301014656,-0.03827996715927751,-0.4588235294117648,0.03703703703703698,0.0,0.6464853771164703,inf,0.0,-0.4680306905370845,0.02298850574712641,0.15902898191726522
33,2004-06-30,-0.06215571293800892,-0.2386056930777761,0.03679954011906572,0.08130956743635154,0.6356800714503961,0.12528009945587915,-2.989367159445973,-2.989367159445973,-3.0,-3.0,-0.412813725093966,-0.8145980857172289,-0.5232247875148064,0.3734692751086193,-0.3358628489010539,-0.10513106525376448,-0.03827996715927751,-0.3478260869565217,0.7098214285714284,0.0,0.6464853771164703,inf,0.0,-0.3894230769230769,0.0674157303370786,-0.2958431288736909
34,2004-09-30,0.021949468601402344,-0.038156615759457946,0.01333709137123984,0.5177113452341258,-0.016548149476501184,0.047757990181767296,0.1986145623329738,0.1986145623329738,0.22222222222222232,0.22222222222222232,0.6250709799535403,-0.6241167304835183,-0.8798175760983427,-1.7545010391429654,0.38156104968084814,-0.07821751324400139,-0.03827996715927751,0.875,-0.018276762402088864,0.0,0.3555624805235273,inf,0.0,0.7244094488188977,0.08421052631578951,-0.366264511723196
35,2004-12-31,-0.0227745153766149,-0.1702899518029528,0.028760542034140583,-0.32062738509099664,0.21458924713084016,0.036766091506931435,-0.3147143094630407,-0.3147143094630407,-0.2727272727272727,-0.2727272727272727,-0.12870469393589645,-1.684646036183682,4.456781914893617,-1.9402566570664397,-0.2596811173292368,0.08688302907369838,-0.03827996715927751,0.5466666666666666,0.2127659574468084,0.0,-0.4225862068965517,inf,0.0,0.3698630136986301,0.12621359223300965,0.22126436781609196
36,2005-03-31,0.09117195975570548,0.09873572616958826,0.037163911045701166,0.049325124947812826,-0.11952341724520887,0.04811055287831656,3.5310083050315364,3.5310083050315364,3.375,3.3125,0.9329938669194436,5.548121377109197,-0.8738770672485794,-1.571433773842954,0.20044141024185305,-0.04479004665629849,-0.03827996715927751,1.6637931034482762,-0.11622807017543844,0.0,-0.3496566139146013,0.0,0.0,1.5233333333333334,0.05172413793103448,0.04705882352941182
37,2005-06-30,0.10678178282401918,0.015555776632484532,-0.01846186046871168,-0.039061939412895715,-0.4687665487860262,0.03531916996047424,1.694369559466371,1.694369559466371,1.7000000000000002,1.594202898550725,-0.18216587205951693,-0.21739504411838492,0.7950114175303005,-0.5064826550915927,0.08240411547642834,-0.0517746662324976,-0.03827996715927751,1.2276159654800427,-0.4665012406947892,0.0,-0.6434037343128252,0.0,0.0,1.2457067371202113,-0.008196721311475419,0.056835205992509234
38,2005-09-30,0.0345703827498014,0.06176065598936775,0.00785588945754645,0.0450142810165155,-0.1922566508240232,0.015621674399160844,-0.7558650983545814,-0.7558650983545814,-0.7566137566137566,-0.7430167597765363,0.2930019218449711,0.7298409994321409,-0.7082297680790683,0.3923754591368227,0.10600243151399424,0.04258241758241743,-0.03827996715927751,0.025665859564164558,-0.19069767441860466,0.0,-0.5442060085836911,0.0,0.0,0.044117647058823366,-0.01652892561983477,0.01603614778063256
39,2005-12-31,-0.016328614986134027,-0.0426081309281694,-0.004995917480205336,-0.015164590335739912,0.10373356258159007,0.023293163632912117,-0.36501742760839584,-0.36501742760839584,-0.3695652173913044,-0.8260869565217391,-0.20321089826672534,0.5492898460560975,6.166856721223503,-5.089455189967334,-0.3919450639097225,-0.10869565217391307,-0.03827996715927751,-0.007082152974504208,0.1206896551724137,0.0,-0.1779661016949151,0.0,0.0,0.012957746478873268,-0.01680672268907568,-0.027816532961283613
40,2006-03-31,0.20572426422463064,0.5952950403517665,0.1628923571500891,0.10966056469763097,-0.203348857174507,0.051387780478778115,0.11050706880301607,0.11050706880301607,0.13793103448275867,3.125,0.5672457748318016,-0.3270012525182794,-5.8098293298141686,-4.185219716116547,2.053155185659827,0.056541019955654186,-0.03827996715927751,-0.17926771279125053,-0.20512820512820507,0.0,0.08476517754868262,0.0,0.0,-0.13959955506117905,-0.04273504273504258,0.4376177235626513
41,2006-06-30,0.019020176458671708,0.03649142754931112,-0.0009303831339563252,-0.004905591259128261,-0.25911758017488484,0.07380117796782648,0.1459658747564181,0.1459658747564181,0.15151515151515138,0.15151515151515138,-0.1734735819741985,0.3476246213688863,-1.006026476019607,-1.01277625183535,-0.008591645728409314,0.08604407135362012,-0.03827996715927751,-0.5382387022016223,-0.2580645161290324,0.0,0.232312565997888,0.0,0.0,-0.5307045895281189,-0.017857142857142905,0.04161467431994015
42,2006-09-30,0.027125711823539067,0.05767701928857982,0.010436026535464604,0.05128288289047212,-0.2866356600059041,0.005155999803147182,-0.1727880838255944,-0.1727880838255944,-0.1842105263157895,-0.1842105263157895,0.07125823236881001,0.24777962416582835,-0.36406199547949625,5.7056346749225995,-0.05811171275977513,0.0541062801932366,-0.03827996715927751,-0.15181932245922214,-0.28695652173913044,0.0,1.2433590402742074,0.0,0.0,-0.13774104683195587,-0.018181818181818188,0.006049715483677831
43,2006-12-31,0.04460402297879562,0.09718158402077036,0.02795388776124974,0.4389506301940223,-0.39876619675078384,0.05153384808239658,0.0929692871877148,0.0929692871877148,0.129032258064516,0.129032258064516,0.022349002190270358,-0.3853723279765778,-2.1378522467631376,-2.549623254783187,0.09560715712017463,0.07729911396272526,-0.03827996715927751,-0.03106508875739633,-0.4024390243902439,0.0,0.224216959511077,0.0,0.0,-0.009584664536741228,-0.01851851851851849,-0.2374970231007383
44,2007-03-31,-0.07193211867786653,-0.17053875593238546,-0.08926561353789852,-0.25799769119865545,-0.8610922450691256,0.017801037047013413,0.02977797583160768,0.02977797583160768,0.0,0.0,-0.11557335231446494,0.12957954084828827,-224.6894243641232,-6.70801701843664,-0.49810488766864,0.17186613726602396,-0.03827996715927751,0.012213740458015154,-0.8571428571428571,0.0,-0.05897035881435252,0.0,0.0,-0.01935483870967747,0.02830188679245293,0.11782618880299832
45,2007-06-30,0.03622011131023095,0.03375130827405859,0.00785885804047215,-0.024782710829222454,-8.429612128371726,0.04348720314103871,0.4267468499427263,0.4267468499427263,0.4285714285714286,0.4285714285714286,0.35785746993373224,0.2750168007464098,-1.0129027624838416,-1.1165863527603903,0.11570591288617772,0.11882865440464666,-0.03827996715927751,0.08144796380090491,-8.285714285714285,0.0,0.10278514588859401,0.0,-0.3788659793814433,0.05756578947368408,0.018348623853211118,0.0600726459905001
46,2007-09-30,0.0374242699229379,0.08274206262977303,0.012888996752281612,0.0483681366948856,1.0309261958394065,0.01243438424816157,-0.10936266441866382,-0.10936266441866382,-0.09999999999999998,-0.12,0.032397222177615426,-0.7125256288230016,-1.7491496598639455,3.7364768667341215,0.4912032583138634,-0.08263032662773095,-0.03827996715927751,0.07810320781032076,1.0196078431372548,-0.4808016482487357,-0.15544197233914606,0.0,0.95850622406639,0.05598755832037328,0.02702702702702675,0.032749077490774825
47,2007-12-31,0.03494431489222771,-0.005876961309380202,0.017272944703294883,0.5507722404515991,0.39181900822492177,0.034615848467269617,-0.12342247596153845,-0.12342247596153845,-0.1333333333333333,-0.11363636363636365,0.01820871082553599,5.9327906107409225,-3.4058404705396765,-1.8034992863421968,-0.26467315257239044,0.035604810186276925,-0.03827996715927751,0.02199223803363526,0.3883495145631066,-0.4872534872534873,-0.04663581345674617,0.0,0.3432203389830508,0.0044182621502208965,0.017543859649122858,-0.3589612709755631
48,2008-03-31,-0.31934583244642434,-0.2626100729823153,-0.015173597952266138,0.11969328360876008,-4.80907171842016,-0.01613978288202744,0.4773216785214385,0.4773216785214385,0.48717948717948706,0.4615384615384615,0.2578527523865868,-0.6534058424996834,-30.676817499463862,-0.5502831611465733,-0.16187083868978958,-0.3155737704918033,-0.03827996715927751,0.20253164556962025,-4.797202797202797,-0.5070356472795498,-0.3319641523525019,7.050000000000002,0.0,0.11436950146627578,0.07758620689655182,-0.3413954414253011
49,2008-06-30,0.11873313836640875,0.26126960740780025,0.050429088823396466,-0.06695608538148012,-0.14193457611155136,0.024819346405596358,0.298944632864496,0.298944632864496,0.2931034482758621,0.2807017543859649,-0.5184562406084768,1.0446609805364453,-2.097643496672279,-2.9232918279794915,0.37145212887423984,0.07717897538256824,-0.03827996715927751,0.18736842105263166,-0.14364640883977886,0.0,-0.047512576858580235,0.0,0.0,0.11447368421052627,0.06400000000000006,0.3516699410609039
50,2008-09-30,-0.06553465337897735,-0.2764169820018337,-0.047645429136111916,-0.0541600533925134,0.018040779993507842,0.00747549734304398,-0.7264093365288715,-0.7264093365288715,-0.7333333333333334,-0.726027397260274,0.10855389864084077,-0.8763541503121943,-1.6651902100922211,-1.337518837488915,-0.28391227853025425,-0.20413835701050045,-0.03827996715927751,-0.03989361702127658,0.023655913978494425,0.0,-0.289906103286385,0.0,0.0,-0.12278630460448635,0.09774436090225548,-0.23490608228980314
51,2008-12-31,-0.09992701938124472,-0.2656267283106205,-0.09644541712001163,-0.2862326390635381,-0.0847110445748247,-0.0053660793910066396,1.3568638119593013,1.3568638119593013,1.4,1.4,-0.2493102349958014,1.5602559093572963,0.928372354492118,6.038862650913135,-0.898580472311648,-0.4361660845944897,-0.03827996715927751,0.18374884579870754,-0.08403361344537807,0.0,-0.36446280991735536,0.0,0.0,0.04576043068640656,0.13013698630136994,0.02878854303667988
52,2009-03-31,0.0933993204693402,0.23409187105335416,0.0381946909516333,0.010675492608564595,-0.14477355259282976,-0.005375173483801232,0.4437077531119567,0.4437077531119567,0.4583333333333333,0.4583333333333333,1.4829828326771493,1.7211266638435214,-0.9768067533971254,-1.1893382858085022,1.677541745287804,-0.20922229869236053,-0.03827996715927751,0.052262090483619295,-0.14449541284403675,0.0,-0.24577373211963596,0.0,0.0,0.05534105534105538,0.0,0.2210227272727272
53,2009-06-30,0.02864749056794236,0.07541022863112934,0.006342366126030896,0.0043243013517426645,-0.08817302737312427,-0.0005575975942073708,-0.7971754231108723,-0.7971754231108723,-0.7999999999999999,-0.7999999999999999,-0.6175977790008167,-0.3133448018181334,-0.7371542376631999,-1.9136016739033157,-0.5723925497090203,0.28198433420365543,-0.03827996715927751,-0.2742772424017791,-0.0884718498659518,0.0,0.20344827586206904,0.0,0.0,-0.28414634146341466,0.0121212121212122,0.0708469055374592
54,2009-09-30,0.1917182786109093,0.4391649756675706,0.14277754931332232,0.08983384245117088,-0.09080567834841824,-0.003979059827440956,0.27029328287606424,0.27029328287606424,0.2857142857142856,0.2857142857142856,0.874159598638528,2.199555703472904,-163.29112645226468,-1.2827006453748138,0.3784212438309072,0.14731839782756273,-0.03827996715927751,-0.06639427987742598,-0.0911764705882353,0.0,0.5931232091690541,0.0,0.0,-0.01362862010221466,-0.05389221556886215,0.3204780010863661
55,2009-12-31,-0.041968697751485484,-0.13256016324864195,0.03455340284584496,-0.002818684737149746,0.5139497036388989,0.024492185217418028,1.2203892654104913,1.2203892654104913,1.2222222222222223,1.2222222222222223,-0.5311649424201794,-1.1049696750017868,-1.5364233119986883,-2.16429792315437,-0.3196374622356496,0.1662721893491126,-0.03827996715927751,-0.11050328227571116,0.5145631067961165,0.0,0.181654676258993,0.2484472049689441,0.0,-0.05872193436960271,-0.05696202531645578,-0.13006993006993015
56,2010-03-31,0.04745349288148781,0.08603254590397102,0.014653754282624162,0.05554894759529239,-0.11541408422160525,0.031864182772625586,0.2910794447643379,0.2910794447643379,0.30000000000000004,0.30000000000000004,1.3975575765981758,-5.322901088212049,-0.9596406398081351,-0.8808068213811688,-0.05599750576319862,0.003044140030441289,-0.03827996715927751,-0.17220172201722014,-0.11752136752136745,0.0,0.05936073059360725,0.0,0.0,-0.13944954128440368,-0.033557046979865834,0.028844335161717582
57,2010-06-30,0.039363971814432734,0.08649225416602979,0.006839772127781529,0.006644886892537728,-0.1458649541661151,0.036517034926792265,0.11276613248927235,0.11276613248927235,0.09615384615384603,0.09615384615384603,-0.4630310159308223,-0.7486295378540068,-0.8766473379019505,-36.18306057027164,2.087032236756508,0.044511886697015564,-0.03827996715927751,0.2808320950965826,-0.1452784503631962,0.0,0.1961206896551724,0.0,0.0,0.3198294243070363,-0.03472222222222221,0.079327144038974
58,2010-09-30,0.028996063456405038,0.05406039978008082,0.009241823312185593,0.0278180892158848,-0.10361018047106696,0.01220747468793415,-0.046795595159344734,-0.046795595159344734,-0.0350877192982455,-0.0350877192982455,0.07242328400628972,-1.4926122981039818,37.93628593628594,0.9465304752313816,1.3159797307154877,-0.07312348668280866,-0.03827996715927751,0.19837587006960566,-0.09348441926345596,0.0,-0.31171171171171164,0.0,0.0,0.1873990306946689,0.007194244604316501,0.02554931016862549
59,2010-12-31,0.03650858404221813,0.057863858398596875,0.005247915988523699,0.25324878624888925,-0.19975087687107,-0.0003581974531506882,0.028020443820316432,0.028020443820316432,0.03636363636363616,0.0181818181818183,0.4491450221368587,-8.674586319292228,-0.9621839516273872,-1.181530388509768,-0.10314870575916524,0.013061650992685523,-0.03827996715927751,0.040658276863504206,-0.20000000000000007,0.0,-0.1710296684118674,0.0,0.0,0.05986394557823128,-0.014285714285714348,-0.15587111775452578
60,2011-03-31,0.06732243559669371,0.0925706581524921,0.0016245268724555118,-0.0461467236799672,-0.5554483569958966,0.0054737463196758976,1.1816239655637977,1.1816239655637977,1.1754385964912282,1.1785714285714284,0.3935480143927641,-0.5310948494646728,0.20844327176781,-8.095745402727829,0.8160962239648368,0.1335740072202165,-0.03827996715927751,0.2679069767441862,-0.55859375,0.0,0.05157894736842117,0.0,0.0,0.3068035943517331,-0.02898550724637672,0.14540088539104756
61,2011-06-30,0.24775652969331685,0.2833879187592747,0.19820134961376998,-0.01003408227980096,-0.8129282469400305,0.11352826544578988,-0.3906740881771552,-0.3906740881771552,-0.3951612903225806,-0.38524590163934425,-0.5095908420634967,4.393987975951903,-434.9825327510917,0.3245175480539351,0.5945121794001316,0.22338489535941772,-0.03827996715927751,-0.0359501100513574,-0.8141592920353982,0.0,-0.07207207207207211,0.0,0.0,0.025540275049116046,-0.05970149253731349,0.29640127115004744
62,2011-09-30,0.016198380660854106,-0.15429872403132805,0.0009170060742365037,-0.04159172058626237,-2.0790023435594533,0.003478952615217024,-0.04714422272672958,-0.04678276974548934,-0.040000000000000036,-0.053333333333333344,0.769861127883106,-0.15253755340323882,-1.0455671047070898,-2.169250451969896,-0.4364554642231505,-0.007437709185570852,-0.03827996715927751,-0.032724505327245024,-2.095238095238096,0.0,-0.06472491909385114,0.0,-0.8769716088328076,0.02298850574712641,-0.05555555555555558,-0.11759639591890815
63,2011-12-31,-0.120076728991392,-0.3089394780882165,-0.08064556912595,-0.2090894601369433,-5.131359888354907,0.007993835650469627,-0.02047790129726812,-0.020849328891660582,-0.04166666666666674,0.0,-0.2048127006827135,-1.5379231925901684,18.857261154232592,-0.4610477020848822,-0.4174092027286048,-0.020981641064069082,-0.03827996715927751,0.0015735641227381247,-5.08695652173913,4.4048525214081815,-0.07035755478662042,0.1990049751243781,0.0,0.010299625468164651,-0.008403361344537784,-0.12628575718897828
64,2012-03-31,0.08188858620196915,0.16053426215699096,0.04843550055453538,0.10886719529913114,-0.8649618193496206,-0.013653223918820291,0.15260236968948224,0.15319127145170675,0.17391304347826098,0.12676056338028174,0.4733440645796796,-1.1401989586180965,-0.9990758924699136,-2.7175670473501863,1.2305863656363076,0.16111748947569834,-0.03827996715927751,-0.1618224666142969,-0.8617021276595744,0.0,0.1104218362282876,0.0,0.0,-0.14643188137164032,-0.016949152542372947,0.04666151069863367
65,2012-06-30,0.17016390330256348,0.4937492484728623,0.1511171796123496,-0.015519505230713437,-4.017334319839341,-0.0028205944996871897,-0.3735636971504418,-0.3735061474841109,-0.3827160493827161,-0.375,-0.4298363519888183,9.804242152384266,-1161.5120336943442,0.6503361972357116,0.91046966587864,-0.00428477257745552,-0.03827996715927751,-0.11246485473289593,-3.9230769230769234,0.0,0.13631284916201136,0.0,0.5128205128205128,-0.08143322475570036,-0.0344827586206895,0.517241379310345
66,2012-09-30,0.13725443340867405,0.2830355664159059,0.14049189530681527,0.17816324899443847,-0.3626592403171378,-0.01355603922541393,-1.7239889005124205,-1.7019873123881415,-1.7,-1.7,0.401345007497232,0.018192324670846197,-0.4781200049150469,-0.6023163619843075,0.18952349545054226,-0.01588877855014892,-0.03827996715927751,-0.4350580781414996,-0.368421052631579,-0.3113282281489306,0.07472959685349068,0.0,-0.4406779661016949,-0.3888888888888888,-0.07142857142857151,0.0890151515151516
67,2012-12-31,0.0524002381699642,0.08676129011825684,0.05764288721198407,-0.05253369997815105,-0.6622818668987313,0.018778451285099033,-2.245014663654341,-2.3196054549699925,-2.2857142857142856,-2.3142857142857145,-1.032314447402103,-0.5605703282199961,0.06179396316463447,0.053981644289503805,0.16792798639996456,0.1429532458795828,-0.03827996715927751,-0.22990654205607475,-0.6666666666666666,0.8095603271983642,0.8728270814272643,0.08298755186721984,-0.6818181818181819,-0.137330754352031,-0.09615384615384626,0.14703105590062093
68,2013-03-31,0.015811116108027212,0.030621847318397236,0.0015290634724560714,-0.01322650948523707,6.864377356443431,-0.00955172154416617,0.03604183981076692,0.03104645490803715,0.06666666666666665,0.021739130434782483,-31.967744845942175,1.5844335870923758,-0.9974288633480166,-2.3024044312354266,-0.1872633896631856,0.062683931724544,-0.03827996715927751,-0.3009708737864077,7.0,2.1881621697979936,0.2510991695163653,0.0,6.809523809523811,-0.22645739910313897,-0.08510638297872343,0.04444636977993421
69,2013-06-30,0.136589299924625,0.3026092797979898,0.13624133913719194,0.03598136633131577,0.1861755697809171,0.01431949154258638,-1.0715506275038449,-1.0512620710767262,-1.0416666666666667,-1.0425531914893618,-0.20635810867899465,0.2410011899737385,840.3358806404657,-2.7221730258345205,0.3968074703446995,0.09055663251176972,-0.03827996715927751,-0.5416666666666666,0.171875,-0.8636847002525588,0.4236626317844592,0.0,0.04268292682926833,-0.4811594202898552,-0.06976744186046502,0.2573620904189133
70,2013-09-30,0.013926132328333065,0.01456163354859874,-0.003894626315354755,-0.022141130137839915,1.0384804384804385,-0.0012634032078129296,-21.630887621069387,-29.49330437929786,-35.5,-35.0,-0.2638668881526418,-1.18627464294339,-1.0072932809859554,-0.3984152779927428,0.17089922326862286,0.13966480446927365,-0.03827996715927751,1.8484848484848488,1.04,-0.027466276613034246,1.1980252331321997,0.0,1.0175438596491229,1.8379888268156424,-0.05000000000000005,0.037506185056902515
71,2013-12-31,0.0014936171802348852,-0.002070023894990447,-0.012272595028880562,0.1602257108714804,0.39371013202788907,-0.1276235382444968,-0.0895077012122576,-0.08532650805949671,-0.10144927536231874,-0.08823529411764708,0.596186500901386,-1.8817967427618687,25.472067370418692,-1.1204506375503658,-0.017580437317315956,0.15418894830659524,-0.03827996715927751,0.07180851063829796,0.3921568627450979,-0.4341577540106952,-0.5934614424756677,0.0,0.3913043478260869,0.14370078740157474,-0.06578947368421062,-0.13986391962355338
72,2014-03-31,0.00859644669602333,0.022360353064446725,0.0014180574130577828,0.018668399079103004,0.15634339051050072,0.14394555450135593,-0.396734639100984,-0.3892090626931168,-0.3870967741935484,-0.3870967741935484,0.0008576128370114677,3.2467153861915024,-1.0004592581971987,5.413772234813874,-0.11477471034247565,0.1247104247104247,-0.03827996715927751,-0.08436724565756826,0.15492957746478875,-0.1922622563496751,0.021792510742786986,0.0,0.14583333333333326,-0.05163511187607561,-0.02816901408450712,0.003622518759472282
73,2014-06-30,0.010603487379996055,-0.11876544977078395,-0.003779120413820336,0.14484039131082738,0.2632266515612831,0.026131281582149942,0.2125783733469151,0.21248102949451764,0.21052631578947367,0.21052631578947367,-0.25011315783723376,-0.6153353907827845,-329.4731707317073,-0.9235367579718592,-0.0099139129418927,0.04600068657741163,-0.03827996715927751,0.2845528455284552,0.26016260162601634,-0.09433272394881176,0.1027335536197056,0.0,0.24909090909090906,0.2831215970961887,-0.014492753623188246,-0.2302677617767301
74,2014-09-30,0.017080273118736056,0.02885610321636656,0.011605220463808408,0.02987006307798645,0.08159712004394493,-0.002377363637127816,-0.3094400108145165,-0.3178146667104208,-0.3043478260869565,-0.32608695652173914,0.32276548492978474,-1.160583748861241,0.2668072530703773,-16.079292489353467,0.15099171164902292,0.05497210370856598,-0.3083982499199659,-0.18143459915611804,0.08064516129032251,-0.1626968106580542,-0.1816943612094798,0.0,0.06404657933042213,-0.17538896746817545,0.0,-0.0009569835877315523
75,2014-12-31,0.04658480906818596,0.10197728413891016,0.02539759676345077,-0.24771989631127975,0.30401314242441724,0.0006435917638736299,1.8518963889957003,1.8170204578096327,1.78125,1.8709677419354842,-0.022143931621779852,7.218962398596799,-14.278571679776794,2.777200467909826,0.495508315237206,0.06843988178565863,-0.046289152908501774,0.13144329896907214,0.3014925373134329,-0.011571841851494624,0.2919440745672437,0.0,0.2462380300957592,0.10634648370497436,0.014705882352941124,0.4648211121222281
76,2015-03-31,0.036989456320223546,0.06645600868964152,0.01666300153137823,0.4406387803113658,0.13790300987228574,0.01154596534933816,-0.1340185967380939,-0.14257312224038254,-0.1460674157303371,-0.1460674157303371,0.4347020119043977,-12.933556412526446,-0.8133701538445239,-3.5721127131532664,-0.8522207627395384,0.06827776968991106,-0.003397508493771184,0.16400911161731213,0.1353211009174311,-0.1790243902439025,-0.07317701623292971,0.0,0.09659714599341383,0.17519379844961236,-0.014492753623188246,-0.25974365681402023
77,2015-06-30,-0.007089009672977875,-0.010088044969284948,-0.02686547720478727,-0.10387561284076408,0.1646937561146402,0.029052195515419488,-0.05923816425667794,-0.07699332830704009,-0.07894736842105265,-0.07894736842105265,-0.3746513278981424,-0.9619095360562604,-4.030194516452536,-0.9412598588279752,-0.33874561028367545,-0.03624965930771318,-0.06103896103896101,0.08806262230919759,0.16363636363636358,-0.1509209744503862,-0.1876563803169308,0.0,0.17317317317317316,0.08839050131926117,-0.014705882352941237,0.10468197879858644
78,2015-09-30,0.014948629968481788,0.026172811650422068,0.006695630005543185,-0.008160120996716147,0.07048875914685104,-0.02579567767144819,-0.39032756991628703,-0.3943740117069382,-0.4,-0.4,0.4005351899978298,-0.1679088601652019,-0.9939257318860828,-2.5468440705416593,0.7924130967419472,-0.1119909502262444,-0.0976832641770401,0.025179856115107983,0.07118055555555558,-0.2372288313505948,-0.1919917864476386,0.0,0.05460750853242313,0.037575757575757374,-0.0149253731343284,0.03462614954018406
79,2015-12-31,-0.009360229570593126,-0.7399609843464019,-0.005928825159162821,-0.019554261361424463,-0.03750990926891306,0.012084428689469684,-1.5869009426977938,-1.6377017391171576,-1.6428571428571428,-1.6428571428571428,-0.7361403338024616,0.8384319706600605,-6.087895142636853,-1.3475947590760036,-0.15366917366947908,-0.026910828025477614,-0.4579421345085266,-0.41052631578947374,-0.04051863857374394,-0.09174311926605504,-0.06565014824227022,0.0,-0.028317152103559895,-0.42056074766355134,0.0,-0.7347735353223064
80,2016-03-31,-0.03833386275266304,-0.2782033295486649,-0.06374542425261953,-0.2552745141334201,0.13614987265291933,0.002263222397856701,-4.321447793326158,-4.106987509477634,-4.111111111111111,-4.111111111111111,3.3835412996316294,-1.6174390919357506,-77.01631560337425,0.7999194657546425,-0.3268132606883297,-0.20585828833251507,-0.02615765288087646,0.06250000000000022,0.1351351351351351,-0.17171717171717182,0.3662737987307345,0.0,0.18151540383014164,0.0463709677419355,0.015151515151515138,-0.030744572344455826
81,2016-06-30,0.11088098189435104,0.9210436281354336,0.10952467408878408,-0.02189352174904735,0.12740943582426567,0.013149698922829023,0.059109783269191814,0.054391327801895706,0.04761904761904767,0.04761904761904767,-0.2804534553885195,-0.9909401928461308,-2.3211327036105507,-8.671410225866246,3.7242542723831127,0.02472697300638771,0.032304900181488135,0.08683473389355734,0.12648809523809534,-0.09756097560975596,-0.023556735235567342,0.0,0.014799154334038,0.10789980732177272,-0.029850746268656688,0.9639206253758268
82,2016-09-30,0.12788303542013346,0.6081566905912819,0.11358437794378885,0.2205247669839845,0.21915012419985813,-0.023696676288677002,-0.25363968004283943,-0.25102810477898185,-0.25,-0.2727272727272727,-0.07784973834154241,-807.1688812687528,0.3662988905352973,-0.4565443312962621,0.4284204404179421,0.04443997586969628,0.009142053445850841,0.06958762886597936,0.2192866578599737,-0.07297297297297299,-0.05606523955147802,0.0,0.08125000000000004,0.1269565217391304,-0.030769230769230767,0.3175903245560319
83,2016-12-31,0.018687572092609628,0.048356737157428935,0.006907535679500754,-0.013541196229048258,0.08027089712599866,-0.00585433800546753,0.101772221635005,0.11465198128980635,0.1212121212121211,0.09375,0.08420337761284435,-0.9427283825111974,-1.0009648696873727,-0.6240773107650794,0.11274899149300845,0.09645745090489033,0.2975609756097561,0.3879518072289157,0.07908992416034666,-0.1005830903790088,-0.01907847372210225,0.0,0.06037251123956323,0.483024691358025,-0.0634920634920636,0.06274327543135994
84,2017-03-31,0.04828276332275338,0.1585860722385728,0.035948391270206326,0.00930745132768762,0.11243166284928208,-0.01176608004983648,0.13400158729697287,0.09642428787794777,0.09459459459459474,0.08571428571428585,0.4417078868878144,3.2980987039994063,-376.4124380007631,1.7024127543217316,0.2739673818613846,0.0712906057945566,-0.12379162191192272,-0.07118055555555558,0.11144578313252997,-0.00648298217179899,-0.2682568807339449,0.0,0.061175045427013915,-0.003121748178980366,-0.06779661016949146,0.14792543595910998
85,2017-06-30,0.015938495933146783,-0.6130900521235004,0.015498875224698285,0.2913431984086225,0.015391361560522343,-0.009979727532163252,-0.8493571749022624,-0.8932275794152482,-0.8888888888888888,-0.8815789473684209,-0.40611806350992297,9.73962684729596,-1.0005284789157238,-4.029574364311003,-0.6511640971170047,0.01802983117521717,-0.32393502911431193,-0.2822429906542057,0.015356820234869062,-0.08482871125611735,0.04513540621865597,0.0,-0.0005707762557076723,-0.2473903966597077,-0.07272727272727275,-0.7003666841278156
86,2017-09-30,-0.013259905328506294,-0.15902933236233896,-0.029930546647002343,-0.16050667572634902,0.059935767832521414,-0.016515937943239026,4.3651169122902544,6.412877654801076,6.1111111111111125,5.333333333333333,0.3193398151094047,-0.8769649376288171,1739.9211538461539,-0.8226948941424372,-0.33097143446470323,-0.04878441474802775,-0.06980961015412512,-0.013020833333333148,0.0587188612099645,-0.062388591800356615,0.2946257197696738,0.0,0.0742432895488292,0.0013869625520110949,-0.019607843137254943,0.0017482517482516613
87,2017-12-31,0.008567197664159698,0.05203181629379317,-0.048656844885542234,-0.02550360712730082,0.2495769848031544,-0.027773762409117,3.4448479850284683,3.659043295502312,3.625,3.1929824561403515,-0.24736541655369915,-0.22456685808441668,-0.7996264135145077,-0.8680251276111274,-0.06528856177148812,-0.14675016926201767,0.7875243664717351,0.926121372031662,0.2495798319327731,-0.1939163498098858,-0.11860637509266125,0.0,0.2387028176501862,1.0193905817174516,-0.020000000000000014,0.07948595906711088
88,2018-03-31,0.01280210907817314,0.054957910492559714,-0.001069013787792561,-0.02810001814414409,0.055843286850114415,-0.0073023897164350435,-0.7250270283771199,-0.7347062360202182,-0.7331081081081081,-0.7071129707112971,0.36046044342751227,-0.8806906815747978,-0.6741953978632149,-7.152919432563722,0.4300402566258512,-0.14203531045427487,-0.08996728462377324,-0.008219178082191636,0.05379959650302624,-0.3136792452830188,-0.522708158116064,0.0,0.042489270386266036,0.011659807956104109,-0.04081632653061229,0.08553791887125217
89,2018-06-30,-0.01674422556335975,-0.2082926833491028,-0.04481639138259464,-0.22607519451394895,0.06537565008405655,0.0006818010303348832,0.19455207476363867,0.19359288279464584,0.1898734177215189,0.18571428571428567,-0.23652952361183746,10.323321024082551,16.60562784480279,-2.7418342232112667,-0.5234790779277005,-0.20786127167630064,0.0799880167765128,0.1892265193370164,0.06509253350350996,-0.24742268041237114,-0.19471365638766516,0.0,0.0835734870317002,0.2067796610169492,0.0,0.022881126455456258
90,2018-09-30,0.01643837446001717,0.10759118128373624,0.0014421677700988678,0.3431297012046759,0.05653199570920764,-0.01898495887565033,-0.016702658781713953,-0.01591686668171055,-0.021276595744680767,-0.012048192771084376,0.20322698144084828,-0.2813443059859627,-0.9923794420817416,-1.200355919440497,0.22009974191679849,-0.02685347343841193,-0.03966712898751723,0.04761904761904767,0.056321150389454726,-0.08675799086757985,-0.1870897155361051,0.0,0.03951367781155013,0.06797752808988755,-0.021276595744680767,-0.17538054268696224
91,2018-12-31,0.014918402079010741,0.08236376936591383,0.003661474039513335,-0.02080225160053195,0.042553013428390685,-0.02601129084182363,-0.3882297314614736,-0.3586652892753408,-0.21739130434782614,-0.20731707317073167,-0.27272608763666073,0.7744581619847057,2.41051835035944,-2.5420247403168017,-0.2781733621546744,-0.10347930413917228,-0.4526285384170999,-0.4201773835920177,0.041973908111174296,-0.15000000000000002,-0.1507402422611036,0.0,0.027046783625731097,-0.4150447133087849,-0.021739130434782598,0.10545746388443013
92,2019-03-31,0.03594221625832561,0.09212317262073966,0.033482153119747116,0.03746211369367503,0.0415166301987695,-0.03619328365633667,0.2270790144680481,0.2270790144680481,0.013888888888888841,0.0,0.4597067955634955,-0.9507273190023102,-1.1757636269506693,-3.0381316430097347,0.7854433487550736,-0.030110404817664808,-0.06543535620052765,-0.042065009560229405,0.03864997278170912,-0.07058823529411762,0.5309033280507132,0.0,0.005338078291814653,0.0017985611510791253,-0.022222222222222254,0.052708000580804486
93,2019-06-30,0.01886422673062316,0.0906509823877566,0.008771163542200089,0.2503392494454149,0.042337090027513964,0.007582964560120199,-0.06686464897383748,-0.06686464897383748,-0.06849315068493145,-0.07692307692307697,-0.16309765338798166,6.979090096354425,7.056595834209973,-0.5262770750228702,0.2083978306203471,0.2487064505001726,-0.121964991530209,-0.11177644710578848,0.04088050314465419,0.20253164556962025,0.2701863354037266,0.0,0.02300884955752225,-0.06463195691202872,-0.045454545454545525,-0.12772413793103454
