,Quarter end,Assets,Current Assets,Liabilities,Current Liabilities,Shareholders equity,Revenue,Earnings,Earnings available for common stockholders,EPS basic,EPS diluted,Cash from operating activities,Cash from investing activities,Cash from financing activities,Cash change during period,Cash at end of period,Price,ROE,ROA,Book value of equity per share,P/B ratio,P/E ratio,Cumulative dividends per share,Equity to assets ratio,Net margin,Asset turnover,Current ratio
0,1995-12-31,0.0014055857411345851,-0.9202384671218268,-0.0019829008109008006,0.015776455572941606,0.008992791100215669,-0.042061217332414184,-0.2783751383253412,-0.2783751383253412,-0.2799999999999999,-0.04166666666666674,-0.26453721331149416,0.209407288597113,-0.5957543094581808,-101.90393013100436,0.0035258976411898235,0.0501342882721576,-0.11955307262569835,0.30677290836653404,0.008868243243243201,-0.12751677852348986,0.04971181556195958,inf,0.007774538386783325,-0.11084905660377364,0.0,-0.9214804136011135
1,1996-03-31,0.0014055857411345851,-0.9202384671218268,-0.0019829008109008006,0.015776455572941606,0.008992791100215669,-0.042061217332414184,-0.2783751383253412,-0.2783751383253412,-0.2799999999999999,-0.04166666666666674,-0.26453721331149416,0.209407288597113,-0.5957543094581808,-101.90393013100436,0.0035258976411898235,0.0501342882721576,-0.11955307262569835,0.30677290836653404,0.008868243243243201,-0.12751677852348986,0.04971181556195958,inf,0.007774538386783325,-0.11084905660377364,0.0,-0.9214804136011135
2,1996-06-30,-0.0047481499584254286,-0.032225980605839484,-0.007349890467879705,0.13638915992168646,0.0010140718329723075,-0.042061217332414184,-0.2783751383253412,-0.2783751383253412,-0.2799999999999999,-0.04166666666666674,-0.26453721331149416,0.209407288597113,-0.5957543094581808,-101.90393013100436,-0.3545269036623349,-0.11537368570616645,-0.11955307262569835,0.30677290836653404,0.0012557555462537895,-0.12751677852348986,0.04971181556195958,0.9807692307692308,0.005785920925747368,-0.11084905660377364,0.0,-0.1483591853962224
3,1996-09-30,0.0005132822370812473,0.025801255378656185,0.00465708094339634,-0.08538028835856559,-0.008587540474240818,0.1216692814703193,-0.4257983719474013,-0.4257983719474013,-0.4259259259259259,-0.04166666666666674,0.7958572962399941,-0.021398390031767574,1.877182983920212,-2.638767473060112,0.9000950796291896,-0.05846450369418565,-0.11955307262569835,0.30677290836653404,-0.008779264214046845,-0.053846153846153884,0.04971181556195958,0.4951456310679612,-0.009268136784915336,-0.11084905660377364,0.0,0.12154627679345807
4,1996-12-31,-0.0075751828587172785,11.497777843333699,-0.011361848294971888,-0.07357901439986858,0.0008523880670321392,-0.09225914579867267,0.7285736541072263,0.7285736541072263,0.7096774193548387,-0.04166666666666674,-0.12149383340880635,0.02137463283032659,0.14382127394663113,-1.71046029524388,-0.3365525351214081,0.04094165813715467,-0.11955307262569835,0.30677290836653404,0.000843525938422518,0.048780487804878085,0.04971181556195958,0.3376623376623378,0.008709677419354689,-0.11084905660377364,0.0,12.490830755634114
5,1997-03-31,0.003464933818456695,-0.9174326952084756,0.005609110991503741,0.03479559459057935,-0.0012488915035306911,-0.020922803624124464,-0.08587614265482169,-0.08587614265482169,-0.07547169811320764,-0.04166666666666674,-0.2087595175527256,-0.3754389429574727,-0.2614079141051173,-1.5290859755417612,0.2683938605422935,-0.030809570632579494,-0.11955307262569835,0.30677290836653404,-0.0012642225031606056,-0.03100775193798455,0.04971181556195958,0.2524271844660195,-0.004796929964822505,-0.11084905660377364,0.0,-0.9202089764901448
6,1997-06-30,0.018389509906501237,0.014438031695278575,0.025376099586762683,0.004855539139481113,0.00292450792297716,0.027324304285957668,0.19563380281690132,0.19563380281690132,0.20408163265306126,-0.04166666666666674,-0.4379790169295228,2.5761743839054563,-3.039524367777592,-0.04187157510186879,0.2027412737111256,-0.07845789651673996,0.0266497461928934,0.30677290836653404,0.002953586497890237,-0.08000000000000007,0.04971181556195958,0.20155038759689914,-0.01510282776349614,0.018567639257294436,0.0,0.009544334975369441
7,1997-09-30,-0.006112013514853243,0.006850176240293715,-0.01614117229923251,-0.07629712794234778,0.016584763735747687,0.15388899721854266,0.5542113323124043,0.5542113323124043,0.5423728813559323,-0.04166666666666674,1.3633422731336269,-0.6862835575105826,-1.7657948760059123,-0.12809796157794395,0.14697303043037602,0.10788990825688073,0.3053152039555007,0.30677290836653404,0.016827934371056008,0.1043478260869566,0.07892930679478383,0.1645161290322581,0.02283849918433933,0.2942708333333335,0.0,0.08996645318694729
8,1997-12-31,0.0031680732442300736,-0.6813517575172996,-0.021317493874934312,0.17390400997298985,0.056796992605557824,-0.05463944859414627,-0.02094939251309336,-0.02094939251309336,-0.02197802197802201,-0.04166666666666674,0.048905743603881335,0.4474585825134976,-0.16027493472444876,-0.4754856614246068,0.06684483334590552,0.04041073203047363,0.1202651515151516,0.1371951219512193,0.05668183698800156,0.023622047244094446,-0.20737913486005088,0.14404432132963985,0.0532695374800638,0.1146881287726358,0.03030303030303028,-0.7285021451221787
9,1998-03-31,0.01951349906442124,0.7972972972972974,0.025276040973792657,0.22812192723697144,0.007825148407986982,-0.02917508647533029,-0.19487818661794645,-0.19487818661794645,-0.1910112359550562,-0.04166666666666674,-0.2695665993282458,1.1175224986765486,-1.8491728545615904,2.8480038480038483,0.24242424242424246,0.1639605221267113,0.056635672020287416,0.06970509383378021,0.008222396241190255,0.09999999999999988,0.01845906902086658,0.12590799031477018,-0.011508176862507493,0.057761732851985485,0.0,0.4630711095843352
10,1998-06-30,0.013371788148925036,0.02819548872180455,0.029453743350201126,0.16893514811849486,-0.019812583668005312,0.125925925925926,-0.02884615384615385,-0.02884615384615385,-0.04166666666666674,-0.04166666666666674,-0.07531380753138073,-0.5833333333333333,-1.7894736842105263,-2.208333333333333,-0.2357723577235772,0.0897155361050328,0.02079999999999993,0.02756892230576446,-0.019805825242718456,0.08391608391608396,0.009456264775413723,0.10967741935483866,-0.0327818627450982,-0.008532423208191142,0.02941176470588225,-0.12021601314862652
11,1998-09-30,0.018714963346269986,-0.042047531992687404,0.02004033274514749,0.015068493150685038,0.01584266593826822,0.12687969924812026,0.30693069306930704,0.30693069306930704,0.318840579710145,0.318840579710145,0.2760180995475112,1.6068965517241378,-2.7428571428571433,-4.0,0.9255319148936171,0.060491967871485926,-0.014106583072100332,-0.012195121951219523,0.015451664025356582,0.07741935483870965,0.02732240437158473,0.09883720930232552,-0.002850807728856375,-0.04044750430292599,0.02857142857142869,-0.05631171603949814
12,1998-12-31,0.023366068405011875,0.08778625954198471,0.036698381317187716,-0.06072874493927127,-0.005646679214842743,-0.15512927439532942,-0.19696969696969704,-0.19696969696969704,-0.19780219780219788,-0.19780219780219788,-0.5531914893617021,-0.5608465608465609,-0.7650273224043715,-0.9655172413793104,-0.2817679558011049,0.07313609467455627,-0.0492845786963434,-0.06666666666666665,-0.0054623488099883035,0.05988023952095811,0.07294832826747721,0.09347442680776008,-0.028271918678526083,-0.0582959641255606,0.0,0.15808823529411753
13,1999-03-31,-0.0028954334877564487,0.0070175438596491455,-0.00870083432657931,0.09482758620689656,0.010275824770145991,0.010858835143139123,0.08490566037735857,-0.018867924528301886,0.08219178082191791,0.08219178082191791,0.2380952380952381,0.0963855421686748,-2.4651162790697674,-30.66666666666667,-0.6846153846153846,-0.09925011027790033,0.0,0.01058201058201047,0.010592389172224605,-0.09604519774011301,-0.05169971671388096,0.08225806451612905,0.013403072899640378,-0.01904761904761909,0.0,-0.08034188034188028
14,1999-06-30,0.010619762714676906,0.012195121951219523,0.011181916556450622,0.05971128608923881,0.009368308351177744,0.123046875,-0.04347826086956519,0.05769230769230771,-0.03797468354430378,-0.03797468354430378,0.891025641025641,0.2857142857142858,0.06349206349206349,-0.9325842696629214,-0.14634146341463414,0.015426052889323971,0.012541806020066826,0.007853403141361294,0.009316770186335257,0.006250000000000089,-0.007468259895444419,0.07749627421758576,-0.001290322580645209,0.000970873786407811,0.0,-0.04460966542750922
15,1999-09-30,0.0110828339216813,-0.025817555938037917,0.005707491082045157,0.04705882352941182,0.023070803500397696,0.2521739130434784,0.4636363636363636,0.4636363636363636,0.4605263157894739,0.4605263157894739,-0.03050847457627115,-0.5128205128205128,1.283582089552239,-4.166666666666666,0.5428571428571429,-0.07089462261876045,0.05450041288191576,0.051948051948051965,0.023076923076923217,-0.08074534161490687,-0.09104589917231,0.0705394190871369,0.011950904392765029,0.008729388942773975,0.05555555555555558,-0.06976097832128958
16,1999-12-31,0.0,0.12190812720848054,-0.00602979427760697,-0.05144884683619155,0.013219284603421366,-0.2263888888888889,-0.3975155279503105,-0.3975155279503105,-0.3963963963963965,-0.3963963963963965,0.25874125874125875,1.087719298245614,-0.065359477124183,-2.1052631578947367,-0.3888888888888888,-0.1126395016869972,-0.03210649960845735,-0.02469135802469136,0.013157894736842035,-0.1283783783783784,-0.16473509933774833,0.06589147286821695,0.01308649856367694,-0.04038461538461535,0.02631578947368429,0.18285031371377336
17,2000-03-31,0.004303345241961631,0.03307086614173227,0.009634828119424288,-0.046134663341645836,-0.007162957278076255,0.06104129263913816,0.2061855670103092,0.2061855670103092,0.20895522388059692,0.20895522388059692,-0.4888888888888889,-0.26050420168067223,-0.8881118881118881,-0.6190476190476191,-0.24242424242424246,0.019011406844106737,0.017799352750808906,-0.0025316455696203772,0.00927643784786647,0.0,0.03666997026759167,0.06303030303030299,-0.011342155009451791,-0.00501002004008011,0.02564102564102577,0.08310179338216739
18,2000-06-30,0.011965397364378738,-0.0015243902439023849,0.013195098963242112,0.22549019607843146,0.009275959804174285,0.2081218274111676,-0.07692307692307687,-0.07692307692307687,-0.06172839506172845,-0.06172839506172845,0.21739130434782614,0.25,-1.6875,-2.875,0.6000000000000001,-0.0697474167623423,-0.013513513513513488,-0.010152284263959309,0.009558823529411729,-0.07751937984496128,-0.07552581261950297,0.058152793614595126,-0.0028680688336520928,-0.05840886203423967,0.049999999999999815,-0.1854011194029851
19,2000-09-30,-0.013661420468163321,0.007633587786259444,-0.023604651162790646,-0.052266666666666683,0.008169517487873312,0.08333333333333326,-0.03703703703703709,-0.03703703703703709,-0.039473684210526334,-0.039473684210526334,0.4107142857142858,-0.31818181818181823,-15.545454545454545,-0.6,0.1499999999999999,0.09040419623573004,-0.12328767123287675,-0.11794871794871795,0.00801165331391118,0.0840336134453783,0.0910031023784903,0.05603448275862077,0.022371364653243964,-0.13582887700534765,0.023809523809523725,0.06326939593472658
20,2000-12-31,0.025595334521302467,0.010606060606060508,0.0297725378111231,0.5301069217782779,0.01671309192200554,-0.06916612798965738,0.33653846153846145,0.33653846153846145,0.3287671232876712,0.3287671232876712,0.1518987341772151,0.3533333333333333,-0.10624999999999996,2.0,0.3913043478260869,0.050650820599886785,0.09191176470588247,0.09011627906976738,0.01697976878612706,0.03875968992248069,0.18483412322274884,0.05306122448979589,-0.008752735229759391,0.034653465346534684,0.046511627906976834,-0.3395261173936457
21,2001-03-31,0.09635128731637964,2.827586206896552,0.1607493928530126,-0.34718646561235744,-0.04234122042341215,0.27916666666666656,-0.007194244604316501,-0.007194244604316501,0.010309278350515427,0.0,-0.3489010989010989,-0.15270935960591134,-7.0,50.27777777777778,14.421875,-0.012388903851333177,0.047138047138047146,0.013333333333333421,0.005683836589698066,-0.029850746268656688,-0.10319999999999996,0.04941860465116288,-0.12645853043204047,-0.06459330143540654,0.0888888888888888,4.8634325315939675
22,2001-06-30,0.4061374441723096,-0.5421073247160204,0.4848062169971108,0.9070422535211268,0.2007802340702212,-0.028230184581976125,-1.6304347826086958,-1.6304347826086958,-1.6122448979591837,-1.618556701030928,-0.4599156118143461,7.9476744186046515,-0.10722610722610726,-1.6988082340195017,-0.6534954407294833,0.18516498500136347,-0.42443729903536975,-0.4710526315789474,-0.009890498057223527,0.18461538461538465,0.13024085637823354,0.048014773776546615,-0.14620938628158842,-0.4322250639386189,-0.08163265306122447,-0.7599249113536815
23,2001-09-30,-0.03816598360655743,-0.12831479897348164,-0.04327987653492582,-0.046676514032496286,-0.0216590859865714,0.16256983240223466,-1.7241379310344829,-1.7241379310344829,-1.6333333333333333,-1.6333333333333333,-1.0546875,-0.8602988953866146,-1.0195822454308094,-0.6325581395348837,-0.6929824561403508,0.01633686148182245,-0.16759776536312845,-0.22388059701492533,-0.009275775954334708,0.025974025974025983,0.6842936069455408,0.044933920704845816,0.01733615221987317,-0.20270270270270274,-0.022222222222222254,-0.08543295684911667
24,2001-12-31,0.02412782956058579,0.0127576054955838,0.02672184037031844,-0.01518438177874182,0.01593978304184196,0.026429601153291626,2.4603174603174605,2.4603174603174605,2.5526315789473686,2.5263157894736845,-65.71428571428571,0.6744186046511629,-5.666666666666668,-1.6877637130801688,1.5523809523809522,-0.03894045732397555,0.26845637583892623,0.1923076923076923,0.02556715880446525,-0.03164556962025322,0.15651358950328031,0.04384485666104565,-0.007896924355777268,0.1949152542372881,0.0,0.028182393920202612
25,2002-03-31,0.013625962138547942,-0.004844961240310086,0.011886057790832629,0.10289490245437373,0.019176291130965417,0.1235955056179776,-0.08256880733944949,-0.08256880733944949,-0.07407407407407418,-0.0746268656716419,-0.9823399558498896,-0.4555555555555556,-1.1,-2.196319018404908,-0.7276119402985075,0.005889281507656108,0.1335978835978835,0.10215053763440872,0.018960674157303403,-0.019607843137254943,-0.17220421393841168,0.04200323101777048,0.005446166736489344,0.10874704491725762,0.0,-0.09762858022790266
26,2002-06-30,0.0007183170856850385,-0.0671859785783836,-0.012759062985215676,-0.11497860199714692,0.043403891383365416,-0.1745833333333333,-0.6599999999999999,-0.6599999999999999,-0.664,-0.6612903225806452,44.5,0.7091836734693877,1.8571428571428568,-1.0461538461538462,0.12328767123287675,0.05784543325526936,0.37339556592765466,0.3902439024390243,0.004135079255685792,0.040000000000000036,-0.06314243759177672,0.03953488372093017,0.04249999999999998,0.3624733475479744,0.02272727272727271,0.0539249146757681
27,2002-09-30,-0.01389458572600488,-0.05845511482254695,-0.025711159737417888,-0.03030303030303028,0.021516393442623016,-0.16759212518929836,1.3676470588235294,1.3676470588235294,1.2857142857142856,1.2857142857142856,-0.6043956043956045,-0.6268656716417911,-1.55,2.333333333333333,0.3658536585365855,-0.14102280274518494,0.14953271028037385,0.17192982456140338,0.02161976664378851,-0.14743589743589747,-0.400208986415883,0.03877703206562266,0.03597122302158273,0.23943661971831,-0.06666666666666676,-0.02882124352331616
28,2002-12-31,0.00025996984349818675,0.0022172949002217113,0.029828747894441232,0.06815159574468077,-0.08425275827482448,-0.5639781685870224,0.2608695652173913,0.2608695652173913,0.26041666666666674,0.25,2.180555555555556,2.6719999999999997,1.0,-0.30000000000000004,0.1875,0.09664948453608256,-0.02217294900221733,-0.023952095808383308,-0.08532079274437354,0.07518796992481191,-0.06445993031358888,0.03732950466618812,-0.0844907407407407,0.18181818181818168,-0.16666666666666674,-0.061687229076358825
29,2003-03-31,0.04111654018089195,0.0077433628318583905,0.019355278402507947,-0.04388422035480855,0.11106243154435937,1.913769123783032,-0.2364532019704434,-0.2364532019704434,-0.2396694214876033,-0.2333333333333333,-0.7074235807860262,-2.1830065359477127,-31.63636363636364,-0.8571428571428572,0.022556390977443552,0.03407755581668637,-0.08994708994709,-0.07668711656441718,0.10907087770840973,0.13286713286713292,0.07262569832402233,0.03529411764705892,0.06700379266750932,-0.02670940170940173,-0.05714285714285705,0.053660270078180534
30,2003-06-30,-0.0003494932348094837,0.042810098792535715,0.008691582536604958,-0.013671875,-0.027011041009463718,-0.2362768496420048,-1.2516129032258063,-1.2516129032258063,-1.25,-1.25,0.23134328358208944,-1.4401473296500922,-1.0608308605341246,-12.0,-0.24264705882352944,-0.05159090909090913,-0.1843853820598007,-0.18604651162790686,-0.02880794701986755,-0.14814814814814825,0.03472222222222232,0.03475935828876997,-0.026461295418641284,-0.1306256860592755,-0.06060606060606066,0.05733558178752119
31,2003-09-30,-0.0042952751972830105,0.002105263157894832,-0.014913501690196897,-0.000990099009900991,0.028166160081053663,0.03374999999999995,-5.512820512820514,-5.512820512820514,-5.565217391304348,-5.521739130434782,-1.3454545454545457,-0.6443514644351465,2.1463414634146343,-0.6060606060606061,-0.12621359223300976,-0.12556913491492916,0.026476578411405386,0.020408163265306145,0.0279577224684624,-0.10144927536231874,0.0738255033557047,0.03294573643410858,0.032454361054766734,0.03030303030303028,0.0,0.0031897926634769647
32,2003-12-31,0.04098113964687,0.17542016806722693,0.03014399138743107,-0.04889329369012218,0.04197871501773753,0.02297460701330101,0.30113636363636354,0.30113636363636354,0.3047619047619048,0.3076923076923077,-13.421052631578947,1.4588235294117649,-5.147286821705427,1.7692307692307692,-0.4,0.0260345300082212,0.014880952380952328,0.03200000000000003,0.038474295190713104,0.0,-0.0015625000000001332,0.03252032520325221,0.0011787819253439302,-0.0931372549019609,0.129032258064516,0.23593004769475345
33,2004-03-31,0.005830482339902686,-0.006255585344057235,-0.010320052253429137,0.06773185133726978,0.05220351806317392,0.23699763593380616,-0.18777292576419213,-0.18777292576419213,-0.1970802919708029,-0.19852941176470584,-0.6045197740112994,-0.5502392344497608,-0.6710280373831776,-1.2777777777777777,0.18518518518518512,0.07131410256410264,0.035190615835777095,0.050387596899224674,0.024273395081443768,0.032258064516129004,0.015649452269170583,0.03149606299212593,0.04591836734693877,0.059459459459459525,0.0,-0.06946231026498573
34,2004-06-30,0.006563188655744011,0.005395683453237377,0.01484952481520585,-0.0998698763825634,-0.01330217508538556,-0.28284758719541325,-0.8118279569892473,-0.8118279569892473,-0.8181818181818181,-0.8165137614678899,-0.14642857142857146,1.3297872340425534,-0.9488636363636364,0.10000000000000007,0.171875,-0.009473946646721632,0.10387157695939586,0.11808118081180807,-0.01465544122232609,-0.03125,-0.06086286594761181,0.02994715208455645,-0.0198874296435273,0.15051020408163265,-0.02857142857142847,0.11694774675145125
35,2004-09-30,0.008709723478178109,0.0035778175313059273,0.014437146387461741,0.07444886158294173,-0.0016396429222080846,0.06195869420386412,1.657142857142857,1.657142857142857,1.7000000000000002,1.7000000000000002,-0.7029288702928871,-0.4474885844748858,-6.4444444444444455,-1.0909090909090908,-0.013333333333333308,0.025924993707525882,-0.14884516680923865,-0.1452145214521452,-0.003164556962025333,0.040322580645161255,-0.0935192780968006,0.02964652223489161,-0.009954058192955584,-0.1252771618625278,-0.029411764705882363,-0.06584158415841579
36,2004-12-31,0.0048598659998113644,0.023172905525846717,0.0011539201230847949,0.012108980827447048,0.012408759124087563,0.2082810539523212,0.25806451612903225,0.25806451612903225,0.2407407407407407,0.2407407407407407,4.704225352112676,1.0413223140495869,-4.591836734693878,17.0,-0.2432432432432432,0.06648675171736995,-0.21507537688442213,-0.21235521235521224,0.011111111111111072,0.06976744186046502,0.2334841628959277,0.02879291251384264,0.0073472544470225545,-0.23193916349809884,0.03030303030303028,0.010863804981452008
37,2005-03-31,0.011550922665163998,0.0017421602787457413,0.017224819107382938,0.06447324692588907,-0.003424657534246589,0.20197300103842156,0.042735042735042805,0.042735042735042805,0.04477611940298498,0.04477611940298498,0.01975308641975304,-0.5465587044534412,0.6875,-1.2222222222222223,0.0714285714285714,0.028295376121463267,-0.14724711907810495,-0.15196078431372562,-0.003453689167974949,0.014492753623188468,0.3118121790168744,0.027448869752422004,-0.014971209213051841,-0.17491749174917492,0.02941176470588225,-0.058977719528178325
38,2005-06-30,0.012950842501044502,0.022608695652173827,0.023416845020773014,0.248204807992507,-0.015373485259540631,-0.15982721382289422,-0.7622950819672132,-0.7622950819672132,-0.7571428571428571,-0.7571428571428571,-0.35593220338983056,0.7142857142857142,-0.8383838383838383,5.5,0.43333333333333335,0.03713646532438464,-0.01501501501501501,-0.02890173410404628,-0.01512287334593565,0.042857142857142934,0.22874720357941825,0.02723939235201667,-0.02766952455183158,-0.07200000000000006,0.02857142857142869,-0.18077994428969368
39,2005-09-30,0.0867014939052333,0.01955782312925169,0.1187722967154632,0.4447223611805904,-0.0023879500367376405,0.05912596401028281,-0.8620689655172413,-0.8620689655172413,-0.8823529411764706,-0.8823529411764706,-1.3233082706766917,-0.078125,-6.583333333333332,-0.8076923076923077,0.05813953488372104,-0.004314063848145032,-0.24390243902439035,-0.2678571428571428,-0.02303262955854135,0.013698630136986356,0.010013654984069252,0.02600713921468656,-0.08216432865731471,-0.2887931034482758,0.0277777777777779,-0.2941176470588235
40,2005-12-31,-0.015982120266509248,-0.01918265221017512,-0.03930947275826047,-0.14819944598337953,0.062235315779782814,0.3116504854368931,94.5,94.5,107.5,106.5,-5.7441860465116275,0.8135593220338984,-1.335820895522388,-1.6,-0.03296703296703296,-0.04636048526863068,0.9536290322580644,0.934959349593496,0.062213490504256626,-0.027027027027027084,0.2717440288418205,0.025844930417495027,0.07947598253275112,0.8030303030303028,0.08108108108108114,0.15125240847784194
41,2006-03-31,-0.04105421041354185,0.03826530612244894,-0.055625500743962435,-0.14979674796747966,0.01542728375801694,-0.024796447076239847,-0.6439790575916231,-0.6439790575916231,-0.6451612903225806,-0.6465116279069767,0.5024509803921569,-0.1900311526479751,3.0666666666666664,3.333333333333333,-0.1477272727272727,-0.043389368468877865,0.01031991744066052,0.016806722689075567,0.015721331689272592,-0.0972222222222222,-0.5092133238837704,0.025193798449612448,0.0590614886731391,-0.008403361344537784,0.024999999999999908,0.2213389121338913
42,2006-06-30,-0.007016132636188943,-0.0040950040950040725,-0.0024239486122894505,-0.12646426010040646,-0.024411061795834743,-0.2808349146110057,-1.2426470588235294,-1.2426470588235294,-1.2467532467532467,-1.25,-0.5089722675367048,0.3192307692307692,-1.1174863387978142,-1.0769230769230769,0.013333333333333421,-0.042032771313227135,-0.12257405515832474,-0.1198347107438017,-0.024279210925645,-0.061538461538461535,-0.06064981949458481,0.02410207939508524,-0.017570664629488086,-0.1084745762711864,0.0,0.14011647824597473
43,2006-09-30,0.004320432043204425,-0.004934210526315819,-0.003098043980075293,0.048987411056376606,0.026071741032370976,0.15883905013192612,-6.696969696969697,-6.696969696969697,-6.578947368421053,-6.578947368421053,-0.10631229235880403,-0.3090379008746356,-2.0,-12.0,-0.14473684210526316,0.0399107585523053,0.350407450523865,0.39906103286384975,0.024883359253499385,0.06557377049180335,0.17678708685626446,0.023996308260267663,0.021772939346811796,0.3574144486692017,0.024390243902439046,-0.05138221153846157
44,2006-12-31,0.0658272091772718,0.028925619834710762,0.09036621778075672,0.08635533524654315,-0.0025579809004092624,0.045537340619307816,-0.2446808510638297,-0.2446808510638297,-0.2452830188679245,-0.2547169811320755,0.01486988847583648,0.4936708860759493,-4.790697674418603,-8.454545454545453,1.2615384615384615,0.07985697258641222,-0.3586206896551725,-0.35906040268456385,0.0021244309559940167,0.053846153846153884,-0.21750489875898105,0.02388463271744024,-0.06430745814307448,-0.32773109243697485,-0.04761904761904756,-0.052898321191004134
45,2007-03-31,-0.014673113306705954,0.013654618473895486,-0.017771319995529278,-0.04250720461095103,-0.005641990083774973,0.1890243902439024,-0.05633802816901413,-0.05633802816901413,-0.05000000000000005,-0.03797468354430378,1.3150183150183152,-0.36723163841807904,-3.5214723926380374,-1.0365853658536586,-0.020408163265306145,0.04370860927152331,-0.0026881720430106393,-0.015706806282722474,0.00030284675953962115,0.04379562043795615,0.6310517529215358,0.023327464788732488,0.0093533956893046,-0.014583333333333282,0.0,0.058528428093645564
46,2007-06-30,0.022273425499232058,0.04120443740095081,0.025375512061902583,0.041384499623777334,0.012551581843191162,-0.28424908424908424,1.8731343283582091,1.8731343283582091,1.9078947368421053,1.8947368421052635,-0.4208860759493671,-5.6205357142857135,0.34306569343065685,-284.0,5.895833333333332,0.07825719120135344,0.9541778975741236,0.9308510638297872,0.04480775052982122,0.0769230769230771,0.07830092118730825,0.02279569892473132,-0.009669621273166841,0.9556025369978858,-0.025000000000000026,0.0
47,2007-09-30,-0.005509641873278182,-0.026636225266362223,0.0038286538674952024,-0.04503853564547211,-0.032603158430973056,0.23694984646878206,-0.4883116883116884,-0.4883116883116884,-0.4570135746606335,-0.4590909090909091,0.0,0.0,0.0,-1.9858657243816251,-0.8429003021148036,-0.048646528050215736,0.01793103448275879,-0.005509641873278182,0.008403361344537784,-0.0844155844155845,-0.521594684385382,0.022287636669469982,-0.027257933279088653,-0.01297297297297284,0.02564102564102577,0.019273301737756654
48,2007-12-31,-0.0030219088390833764,-0.00703674745895233,-0.013155712785362872,0.0670870113493065,0.027382833070036968,-0.4187008688456765,0.29441624365482233,0.29441624365482233,0.3083333333333333,0.3109243697478992,-0.0901639344262295,-1.2531400966183577,-0.8188405797101449,-0.9605734767025088,-0.2115384615384616,-0.018969072164948475,0.13143631436314362,0.13296398891966765,0.030459770114942494,-0.028368794326240957,-0.044642857142857095,0.021801727684080733,0.030531158511083237,0.25082146768893754,-0.10000000000000007,-0.06943583384996888
49,2008-03-31,-0.025511492801212454,-0.02834645669291336,-0.03982523945555372,-0.07775939494209405,0.01913548607551685,0.8291814946619218,-0.1686274509803921,-0.1686274509803921,-0.16560509554140124,-0.16666666666666666,1.6786786786786787,-1.0725190839694656,8.54,0.393939393939394,-0.3739837398373984,-0.12547288776796972,0.07365269461077828,0.08312958435207829,0.019520356943669936,-0.15328467153284686,-0.2429906542056075,0.02133655394524969,0.04586038961038952,0.1007005253940456,-0.02777777777777779,0.0532978014656893
50,2008-06-30,0.032745809573181184,0.09643435980551064,0.0467856726169642,-0.017426960533059917,-0.010729253981559106,-0.12412451361867705,-0.8679245283018868,-0.8679245283018868,-0.8702290076335878,-0.8692307692307693,-0.27914798206278024,-25.78947368421053,-1.190775681341719,-9.0,4.779220779220778,0.006729151646238885,-0.3407696597880646,-0.3408577878103838,-0.010393873085339234,-0.008620689655172377,-0.08093278463648834,0.02089081592431996,-0.042297244858362386,-0.3627684964200477,0.05714285714285716,0.11606578115117028
51,2008-09-30,-0.009119049610976315,-0.043606799704360655,-0.01655149353544361,-0.06285863328116847,0.016098966276902216,0.038649489115948565,5.321428571428571,5.321428571428571,5.411764705882354,5.352941176470588,-1.8040435458786936,0.2653927813163481,3.8956043956043964,-1.6032608695652173,-0.498876404494382,-0.00023872045834327782,-0.04145516074450084,-0.0273972602739726,0.016583747927031656,0.008695652173912993,0.4805970149253731,0.020463320463320445,0.025526742301458686,-0.01997503121098632,-0.027027027027027084,0.020402380277698917
52,2008-12-31,0.03807835190813913,-0.01081916537867078,0.051283504278347485,-0.16142499304202618,-0.00016677785190122307,-0.07185628742514971,-0.27118644067796616,-0.27118644067796616,-0.2660550458715596,-0.25,-2.0464216634429397,-0.20302013422818788,-1.2278338945005611,-0.3828828828828829,-0.6143497757847534,-0.17932187201528182,-0.1924095322153575,-0.19366197183098602,-0.0016313213703099685,-0.1982758620689654,-0.15725806451612911,0.020052970109723844,-0.036744369814302624,-0.2547770700636942,0.08333333333333348,0.1796723132463205
53,2009-03-31,-0.01634810898739325,-0.017968749999999978,-0.030023717119448068,-0.0597411218055095,0.026188490408673992,0.039170506912442386,0.3875968992248062,0.3875968992248062,0.3625,0.34567901234567894,0.5508317929759705,-0.4610526315789474,1.862068965517241,-1.0145985401459854,0.023255813953488413,-0.121035787023567,-0.06775956284153006,-0.06986899563318782,0.022331154684095852,-0.11827956989247325,0.07535885167464129,0.019658753709198784,0.043068088597211014,-0.027350427350427475,-0.05128205128205132,0.044491525423728806
54,2009-06-30,-0.012113444683313991,0.054892601431980825,-0.015504306751875531,-0.26720790681256623,-0.0017880364109232882,-0.2514412416851441,-0.5363128491620112,-0.5363128491620112,-0.5321100917431193,-0.5321100917431193,-0.44934445768772346,0.3828125,-0.7349397590361446,-24.0,-0.5227272727272727,-0.010923535253227423,0.09730363423212184,0.107981220657277,-0.005327650506126713,-0.02439024390243893,0.05561735261401557,0.019279738086577014,0.010617381046008623,0.18101933216168709,-0.054054054054054064,0.4394861392832996
55,2009-09-30,0.002678384599288597,1.001508295625943,-0.001636938360803808,-0.048169556840077066,0.015469793193291004,0.16172985781990512,0.9036144578313252,0.9036144578313252,0.8823529411764706,0.8823529411764706,-0.1926406926406926,-0.4774011299435028,-0.04545454545454541,-1.891304347826087,0.9761904761904764,0.1218206157965196,-0.04380341880341887,-0.03813559322033888,0.01258703802892347,0.125,0.011591148577449806,0.01891506067094939,0.012840466926069992,0.011904761904762085,-0.05714285714285705,1.1028651949271957
56,2009-12-31,0.00985016069118072,0.08402411454408433,0.010855430542206168,0.33856275303643724,0.006735086593970596,0.07598164201937796,-0.2911392405063291,-0.2911392405063291,-0.29166666666666663,-0.29166666666666663,-0.6112600536193029,0.4540540540540541,-1.6326530612244898,-1.7560975609756098,-0.3734939759036144,0.1742243436754176,-0.04134078212290493,-0.026431718061673992,0.002380322665961332,0.15555555555555567,0.2166666666666668,0.018563922942206542,-0.003073376872838929,-0.02352941176470591,0.0,-0.1901570992480084
57,2010-03-31,0.0003306468278569952,-0.05005213764337857,-0.015157447284523728,-0.0616257088846881,0.04348518636508447,0.1625592417061612,1.0446428571428572,1.0446428571428572,1.0294117647058822,1.0294117647058822,4.634482758620691,-0.3643122676579925,-6.43010752688172,-5.548387096774193,2.7115384615384617,0.10746951219512213,0.07692307692307687,0.09502262443438902,0.02638522427440626,0.10576923076923063,0.15154109589041087,0.01822558459422297,0.04315992292870896,0.06777108433734935,0.03030303030303028,0.012319573411786466
58,2010-06-30,-0.0070239226542164745,-0.5418953530918404,-0.00993866424352563,0.1809024979854956,0.0009158907037094542,-0.26946596004891965,-0.6244541484716157,-0.6244541484716157,-0.6304347826086956,-0.6304347826086956,-0.5911872705018361,0.8771929824561404,-0.8376237623762376,-1.4893617021276595,-0.3575129533678757,0.055746730901582886,-0.011904761904761751,0.004132231404958553,-0.001285347043701757,0.0260869565217392,-0.030483271375464693,0.017899358324890313,0.007757665312153605,-0.008462623413258208,0.02941176470588225,-0.6120243392970666
59,2010-09-30,0.00969500270461454,1.1892971246006392,0.00826019617965934,-0.14261344251108832,0.0135732804636266,0.1936383928571428,0.8953488372093024,0.8953488372093024,0.9019607843137254,0.8823529411764706,0.0718562874251496,0.06542056074766345,-0.3170731707317073,-0.42028985507246375,-0.3225806451612904,0.021295089091699197,-0.006571741511500528,0.004115226337448652,0.01158301158301156,0.025423728813559254,0.0207055214723928,0.01857996018579966,0.004032258064516014,-0.011379800853485002,0.0,1.5531367041198498
60,2010-12-31,0.025962251710211826,0.15541773075519896,0.031404676565966794,0.09391165937126944,0.011435449894673377,0.015895278167368018,-0.06748466257668717,-0.06748466257668717,-0.07216494845360821,-0.06249999999999989,-0.11731843575419,0.14619883040935666,-2.017857142857143,-0.525,-0.22619047619047614,-0.021914893617021255,0.04961411245865488,0.061475409836065475,0.009414758269720158,-0.033057851239669415,-0.021788129226145814,0.01824104234527701,-0.014238773274917738,0.05899280575539567,0.0,0.05629412304024939
61,2011-03-31,-0.016348007712082224,-0.11588253868013898,-0.026311434717855357,-0.07057111676973449,0.010562332639095562,0.11872986654394845,0.1578947368421053,0.1578947368421053,0.15555555555555567,0.15555555555555567,1.2848101265822789,-0.3775510204081632,-7.0701754385964914,-7.947368421052633,2.0307692307692307,0.0282793125951708,-0.09243697478991596,-0.08880308880308885,0.01109150491555333,0.01709401709401703,-0.03149001536098317,0.017914267434421042,0.027407407407407325,-0.08152173913043481,0.0,-0.04878048780487787
62,2011-06-30,0.003675119441381769,-0.010357142857142844,0.00583503285746656,-0.1209393346379648,-0.0011776829088767649,-0.1657754010695187,0.1477272727272727,0.1477272727272727,0.14423076923076916,0.14423076923076916,-0.3947368421052632,1.1434426229508197,-0.8554913294797688,-2.0303030303030303,-0.6903553299492386,0.0666384599111487,0.19097222222222232,0.1949152542372881,-0.0009972575417601661,0.058823529411764726,0.1728786677240286,0.018541797611564936,-0.005046863734678997,0.16863905325443795,0.02857142857142869,0.1257413997627519
63,2011-09-30,0.008177712681557425,0.05052327679538071,0.0009011546043367068,-0.06500445235975072,0.02726602800294775,0.11686390532544387,-0.09405940594059403,-0.09405940594059403,-0.09243697478991586,-0.10084033613445363,-0.2517162471395881,-0.4550669216061185,0.1399999999999999,-0.8897058823529411,-0.24590163934426235,-0.05573185243950818,0.016520894071914368,0.024822695035460862,0.027701522335912054,-0.05555555555555558,-0.21298174442190665,0.01820425794507874,0.019202898550724438,0.013924050632911468,0.0,0.12361189916511316
64,2011-12-31,0.04959644874899105,0.09790450017176222,0.06668167238759781,0.2514285714285713,0.00559540889526544,-0.04061810154525392,-0.18032786885245897,-0.18032786885245897,-0.18518518518518526,-0.17757009345794394,0.5963302752293578,0.7824561403508772,-1.1403508771929824,-2.466666666666667,0.4782608695652173,0.07456416719176627,-0.01338432122370936,-0.013840830449826869,0.004613890237979534,0.04201680672268915,0.046391752577319416,0.017575757575757578,-0.0419480981158904,-0.0024968789013734005,0.0,-0.12270956571923253
65,2012-03-31,-0.006267061401822428,-0.0766583229036295,-0.013557712597594418,-0.03729071537290718,0.013554001997431842,0.034974689369535295,0.040000000000000036,0.040000000000000036,0.03409090909090917,0.03409090909090917,0.1877394636015326,-0.3248031496062992,-37.0,-1.5,-0.16176470588235292,0.06508991399530895,-0.03875968992248069,-0.042105263157894764,0.009427121102248082,0.06451612903225823,0.07060755336617408,0.017569982132221718,0.020037105751391282,-0.007509386733416834,-0.05555555555555547,-0.04086834964229902
66,2012-06-30,0.008860171786736927,0.033547949847509306,0.01026792876624416,0.04150197628458496,0.005349099099099197,-0.09959982214317477,-0.0641025641025641,-0.0641025641025641,-0.05494505494505497,-0.05494505494505497,-0.1274193548387097,0.4256559766763848,-1.2638888888888888,-12.636363636363635,2.245614035087719,0.0456964580657,-0.09274193548387101,-0.09523809523809534,-0.004310344827586189,0.03030303030303028,0.07898773006134974,0.017266608135791506,-0.0036376864314295885,-0.08070617906683464,0.0,-0.007630315500685936
67,2012-09-30,-0.006366251198466011,-0.10491803278688527,-0.021862262453019917,-0.12371916508538905,0.034584150098011746,0.08938271604938275,0.5547945205479452,0.5547945205479452,0.5348837209302326,0.5232558139534884,0.049907578558225474,-0.2801635991820041,-5.5,-1.984375,-0.681081081081081,0.05826605826605835,0.05333333333333323,0.06072874493927127,0.032708032708032686,0.06617647058823528,0.15209665955934626,0.01783659378596103,0.04125593282219797,0.07681755829903958,-0.029411764705882363,0.021425485961123147
68,2012-12-31,0.01659654946157696,0.06776556776556775,0.024353284987552737,0.198787353832828,-0.0021653809717147032,0.04759746146872157,-0.6431718061674009,-0.6431718061674009,-0.643939393939394,-0.6335877862595419,-0.15492957746478875,0.6619318181818181,-1.3245614035087718,-1.0476190476190477,0.10169491525423724,0.0006633499170813906,-0.1128691983122363,-0.10687022900763354,-0.0048905449464369255,-0.027586206896551783,-0.0598396051819865,0.017524024872809463,-0.018583450210378768,-0.11592356687898088,0.03030303030303028,-0.10927852490907553
69,2013-03-31,-0.014806940278674241,-0.050085763293310485,-0.032280219780219783,-0.1054913294797688,0.030245490302454936,0.08870618779749018,1.8888888888888888,1.8888888888888888,1.8723404255319156,1.791666666666667,0.2437499999999999,-0.4324786324786325,-2.009009009009009,24.5,2.3538461538461544,0.06645674511103739,0.10939357907253268,0.1282051282051282,0.021998595834308517,0.07092198581560294,0.1863517060367452,0.01722222222222225,0.045730618077885136,0.095100864553314,0.02941176470588225,0.06191244896021275
70,2013-06-30,-0.0001926856526263121,-0.09859154929577464,0.0021837637167658737,0.1962843295638126,-0.005792522380200116,-0.1156597774244833,-0.5512820512820513,-0.5512820512820513,-0.5555555555555556,-0.5522388059701493,0.12227805695142367,0.7439759036144578,1.3482142857142856,-2.124183006535948,-0.7889908256880733,0.0621600621600622,-0.07288317256162913,-0.05681818181818187,-0.011678497824593627,0.039735099337748325,-0.052544247787610576,0.018022938285090277,-0.005466347796378557,-0.08026315789473681,0.02857142857142869,-0.2464454976303317
71,2013-09-30,0.011062288004933809,0.02123397435897445,-0.001961104755679011,0.015530047265361224,0.04290254237288127,0.07280898876404485,0.8857142857142857,0.8857142857142857,0.8833333333333333,0.8833333333333333,-0.33134328358208953,-0.2642487046632125,-1.011406844106464,-1.1453488372093024,0.5434782608695652,-0.0016093635698609665,-0.06011560693641616,-0.048192771084337394,0.032205746061167766,0.006369426751592354,0.06771745475773505,0.017703862660944036,0.031604259704568934,-0.06294706723891275,0.0,0.0055773110240893145
72,2013-12-31,-0.011284358202127255,0.1008238524911731,-0.01855793897713009,0.060172872340425565,0.0057135601828339775,0.06116464180980308,-0.3737373737373737,-0.3737373737373737,-0.3893805309734513,-0.3893805309734513,-0.0200892857142857,0.33568075117370894,36.0,-1.76,-0.2676056338028169,-0.010111371629542787,0.050430504305043033,0.07172995780590719,0.0040404040404040656,-0.03797468354430378,0.040459267359212785,0.017132314180284824,0.016983016983016963,0.04427480916030535,0.0277777777777779,0.03835260797734241
73,2014-03-31,0.008714092924619221,0.059515324305060575,0.0023914131583337994,0.11915961116337415,0.024744350460800483,0.551519936833794,1.6290322580645158,1.6290322580645158,1.666666666666667,1.666666666666667,0.21184510250569466,-0.22319859402460465,-1.3963963963963963,-3.421052631578948,0.8846153846153846,0.032124352331606154,0.12060889929742367,0.13779527559055116,0.025039123630673062,0.02631578947368429,-0.02574881765633219,0.0171028763928478,0.016044531761624237,-0.005847953216374213,0.1351351351351351,-0.053301511535401865
74,2014-06-30,0.001070295478001526,-0.08476286579212923,0.007711939636040777,-0.2101428971700756,-0.013428606628064554,-0.3134860050890585,-0.6196319018404908,-0.6196319018404908,-0.6195652173913044,-0.6195652173913044,0.022556390977443552,0.4140271493212671,-2.3181818181818183,-1.5,-0.23469387755102045,0.0916523235800344,0.010449320794148287,0.02076124567474058,-0.013304252998909472,0.0641025641025641,-0.03613807982740014,0.016815286624203733,-0.014502094747019025,-0.016176470588235348,0.04761904761904767,0.15870348139255694
75,2014-09-30,0.007140402459047791,0.012495406100698324,0.001486538567417206,-0.00496630010642074,0.02010489510489521,-0.03817642698295032,0.25806451612903225,0.25806451612903225,0.2571428571428573,0.2571428571428573,-0.5919117647058824,-0.376,1.6379310344827585,-0.3478260869565217,-0.2,-0.011299435028248594,-0.06308169596690794,-0.054237288135593135,0.02011494252873547,0.0,-0.034135422495803036,0.017288900025056453,0.012753433616742749,-0.0717488789237668,0.02272727272727271,0.01761292996270214
76,2014-12-31,0.060585380649074816,0.120508166969147,0.07927432655305111,-0.08128342245989306,0.019341412657608137,0.18612716763005774,0.9166666666666669,0.9166666666666669,0.9204545454545454,0.9090909090909091,1.4369369369369371,0.5461538461538462,-0.673202614379085,-0.2,-0.2,0.10657807308970102,0.22516556291390727,0.21505376344086025,0.017984832069338985,0.08433734939759052,0.17381228273464666,0.016748768472906406,-0.03874717468517908,0.18518518518518512,0.022222222222222143,0.21960904092852784
77,2015-03-31,0.003360263101451322,-0.09685779073534173,-0.01232681336593322,-0.2863795110593713,0.040590849045274435,-0.03053931124106568,-0.08695652173913049,-0.08695652173913049,-0.09467455621301768,-0.08928571428571419,0.3807763401109057,-0.07794361525704807,-3.8,-5.25,1.0625,0.015491773748048663,-0.07477477477477479,-0.07374631268436582,0.028522775649212576,0.0,-0.18163869693978296,0.01671511627906974,0.0369499496137049,0.019021739130434808,-0.08695652173913049,0.2655480424075465
78,2015-06-30,0.010047028644720069,-0.03479196556671449,0.020783909231562703,0.2137030995106035,-0.014541257934218118,-0.23994638069705101,-0.6007326007326007,-0.6007326007326007,-0.6013071895424837,-0.6013071895424837,-0.4203480589022758,-0.13669064748201445,-2.271428571428572,1.5686274509803924,1.3232323232323229,-0.06870860927152322,-0.0331061343719572,-0.03821656050955402,-0.01531456953642385,-0.09444444444444457,-0.008443908323280902,0.016440314510364432,-0.024295432458697586,0.021333333333333426,-0.0714285714285714,-0.2047493403693932
79,2015-09-30,0.010723104056437284,0.0033444816053511683,0.0014146415399383105,0.018369175627240164,0.031970956786508964,0.14550264550264558,1.4311926605504586,1.4311926605504586,1.4098360655737705,1.4098360655737705,-0.33487297921478065,0.1166666666666667,-0.5224719101123596,-2.2442748091603053,-0.7086956521739131,0.01371428571428579,0.10976837865055387,0.10927152317880796,0.0319461958806222,0.03067484662576692,0.03345498783454981,0.017112048757618403,0.020916334661354563,0.13054830287206265,0.0,-0.014681486396814882
80,2015-12-31,0.0028966287429328386,-0.04629629629629628,0.006104636496645055,0.11218653761548623,-0.0045392646391284605,-0.04272517321016167,-0.6981132075471699,-0.6981132075471699,-0.6938775510204082,-0.7006802721088435,0.5381944444444444,0.17910447761194034,0.8705882352941177,-0.8159509202453987,-0.4477611940298507,0.019040460979581564,-0.2413793103448277,-0.23582089552238805,-0.004480651731160856,-0.011904761904761862,-0.09476162448499104,0.0168241530306521,-0.0071544715447153795,-0.1882217090069284,-0.07692307692307697,-0.14252041417627748
81,2016-03-31,-0.006020113442600117,-0.08271844660194172,-0.014441881456223047,-0.12618670886075944,0.013109895120839044,0.03176517893043829,2.0875,2.0875,2.0666666666666664,2.113636363636364,0.672686230248307,-0.30854430379746833,-2.9245283018867925,-0.9333333333333332,-0.054054054054054064,0.03872157344806393,-0.04186602870813383,-0.04296875,0.013297872340425563,0.04216867469879526,0.35630689206762023,0.016545784224841542,0.01899770717327209,0.0056899004267425566,-0.02777777777777779,0.04977419988219123
82,2016-06-30,0.0071768659851561,-0.04403048264182896,0.016078152030121196,-0.1475780896333182,-0.012265106335096254,-0.11847233047544815,-0.3846153846153846,-0.3846153846153846,-0.3913043478260869,-0.3868613138686132,-0.2834008097165992,0.14645308924485126,-0.892156862745098,0.5,-0.08571428571428574,0.08816568047337281,0.0536828963795255,0.05714285714285716,-0.01231576822128,0.07514450867052025,0.1332694151486098,0.01627647714604219,-0.019286403085824518,0.06223479490806216,0.0,0.1214813429346302
83,2016-09-30,0.024088428516806367,0.14924712134632426,0.017175763645468134,0.04567180031864049,0.04010025062656642,0.2944297082228118,1.223684210526316,1.223684210526316,1.238095238095238,1.238095238095238,-0.06779661016949158,0.12774451097804396,-4.151515151515151,-12.333333333333336,1.0625,0.03893420337139752,0.08886255924170605,0.0926640926640927,0.040065412919051635,0.04838709677419351,-0.019035532994923776,0.016893374286968132,0.01573254670599811,0.062583222370173,0.0,0.09898265510340233
84,2016-12-31,0.0875364876790441,0.06435452793834306,0.10973268350317532,0.2376841036058912,-0.013033953997809378,-0.01844262295081966,-0.6124260355029586,-0.6124260355029586,-0.6063829787234043,-0.6117021276595744,-0.3595959595959596,2.336283185840708,14.326923076923075,-0.2352941176470589,0.393939393939394,-0.007746257720087856,0.055495103373231824,0.03180212014134276,-0.012971698113207641,-0.0461538461538461,-0.09788702026735664,0.017907227615965526,-0.0926105195224266,0.023809523809523725,0.02857142857142869,-0.13999544730252678
85,2017-03-31,0.003370681314565749,-0.07060101375814631,-0.003593292520628122,-0.2474353713582273,0.02030851181888793,0.12595685455810712,2.053435114503817,2.045801526717557,2.0135135135135136,2.054794520547945,1.4826498422712937,-0.6599469496021221,-1.0978670012547052,-1.3846153846153846,-0.10869565217391307,0.052431691106656915,0.1649484536082475,0.14383561643835607,0.020509757068896798,0.06989247311827951,-0.01051625239005749,0.017380245866892796,0.017069701280227667,0.10526315789473696,0.0277777777777779,0.2349567672489854
86,2017-06-30,0.013468537124016187,0.024931827035449942,0.024486888384310568,0.4978189749182116,-0.011529258211877336,-0.11773794808405436,-0.5575,-0.5563909774436091,-0.5560538116591929,-0.5560538116591929,-0.4968233799237611,-0.05148205928237126,-2.230769230769231,1.0,-0.24390243902439024,0.06415396952686447,0.015929203539823078,-0.008982035928143728,-0.01151219512195134,0.04020100502512558,-0.09710144927536224,0.0172916666666667,-0.02482517482517499,-0.02657807308970095,0.027027027027026973,-0.31571050939487033
87,2017-09-30,0.015008286784113922,0.06993538578487257,0.008995697709790917,-0.05424099017109574,0.03136003521126751,0.1366024518388791,0.5254237288135593,0.5197740112994351,0.5252525252525253,0.5252525252525253,-0.0732323232323232,-0.08717105263157897,-0.015625,-1.05,0.016129032258064502,0.02628108515448391,-0.07229965156794428,-0.09063444108761333,0.03138570864587442,0.03864734299516903,0.0,0.01679295515052215,0.01613481534600214,-0.09101251422070544,0.0,0.13123825433284608
88,2017-12-31,0.021045629101025032,0.09449378330373004,0.02407614781634937,0.08237105465742878,0.014829830363811025,0.008012326656394508,0.06296296296296289,0.06691449814126392,0.05298013245033117,0.05298013245033117,0.5449591280653951,0.36936936936936937,0.03703703703703698,2.0,0.04761904761904767,0.02312987608994943,0.14366197183098595,0.14617940199335555,0.014928229665071903,-0.009302325581395321,0.09256286784376666,0.01792547834843905,-0.0059985885673958786,0.12390488110137675,0.0,0.011259806183663956
89,2018-03-31,0.0021914887316019094,-0.040246673158065516,-0.012575177692728312,-0.09637268847795166,0.03952901597981495,0.14735554876184653,0.2578397212543555,0.25435540069686396,0.2641509433962261,0.2578616352201257,0.4779541446208113,-0.2289473684210527,-1.7908163265306123,31.333333333333336,1.8181818181818183,-0.06638557459406125,-0.05172413793103448,-0.04637681159420304,0.027343013388647863,-0.07981220657276987,-0.19343780607247807,0.017411950929956618,0.03727369542066028,-0.07238307349665929,0.02631578947368429,0.06206078306105689
90,2018-06-30,0.014449927602612213,-0.02096719648292189,0.022744697163301845,-0.016528925619834656,-0.004449838187702282,-0.15827338129496404,-0.3518005540166205,-0.35,-0.3582089552238805,-0.355,-0.2899761336515513,0.3549488054607508,-1.6387096774193548,-2.0309278350515463,-0.5376344086021505,-0.03670606322667425,0.031168831168831183,0.036474164133738496,-0.005873715124816492,-0.061224489795918324,-0.0006071645415905991,0.03442240373395555,-0.018822724161533192,0.027611044417767072,0.02564102564102577,-0.004468505628598352
91,2018-09-30,0.028022138071657432,0.07184801381692574,0.024571047809428537,-0.1528611444577831,0.03687525396180424,0.12377334599556812,0.4273504273504274,0.4230769230769231,0.4263565891472869,0.4263565891472869,0.031932773109243806,0.20403022670025184,2.636363636363636,-1.18,0.20930232558139528,0.07820448877805486,0.033585222502099166,0.03812316715542519,0.0360044313146235,0.08695652173913038,0.027946537059538427,0.0,0.008719916288803642,0.032710280373831946,0.0,0.2652567975830815
92,2018-12-31,0.02822169330159818,0.050596197228488515,0.0393870417039266,1.0963627775153515,0.0029391594004115613,0.05633802816901401,-0.4281437125748503,-0.4264264264264265,-0.4347826086956522,-0.4347826086956522,0.030944625407166138,0.05753138075313813,-0.02777777777777779,-2.555555555555556,-0.2692307692307693,0.05569432880007397,-0.09585702680747367,-0.09322033898305092,0.002851541614685482,0.014999999999999902,0.0035460992907800915,0.01786050009400264,-0.024550484094052586,-0.10972850678733026,0.024999999999999908,-0.4988402237685905
93,2019-03-31,0.004023368606701938,-0.1288343558282209,-0.006139767705603982,-0.17823343848580442,0.030086939533066293,-0.06293333333333329,1.0994764397905759,1.094240837696335,1.1153846153846154,1.1057692307692308,0.18799368088467605,-0.26013847675568746,-1.0542857142857145,-0.4642857142857143,-0.19736842105263155,0.02269739724826914,0.018867924528301886,0.015576323987539054,0.022925182157455204,0.01970443349753692,0.113663133097762,0.017547100110823832,0.0258773484579935,0.05336721728081306,-0.04878048780487798,0.06003267084127395
94,2019-06-30,0.011445353241477774,-0.04014084507042248,0.03415440308491391,0.0019193857965451586,-0.014129919393077284,-0.17814456459874786,-0.546134663341646,-0.5449999999999999,-0.55,-0.547945205479452,-0.18218085106382972,0.02406417112299475,-9.0,-1.0666666666666669,0.016393442622950838,0.08791773778920309,-0.057319223985890726,-0.06134969325153373,-0.014593467685893091,0.06763285024154597,0.055526176626123684,0.034307496823379864,-0.02522460262612292,-0.026537997587454898,-0.02564102564102566,-0.04199306536535241
