,Quarter end,Assets,Current Assets,Liabilities,Current Liabilities,Shareholders equity,Revenue,Earnings,Earnings available for common stockholders,EPS basic,EPS diluted,Cash from operating activities,Cash from investing activities,Cash from financing activities,Cash change during period,Cash at end of period,Price,ROE,ROA,Book value of equity per share,P/B ratio,P/E ratio,Cumulative dividends per share,Equity to assets ratio,Net margin,Asset turnover,Current ratio
0,1997-12-31,-0.02173330676179175,-0.1635407049456198,-0.05276744131975675,-0.2369561384188801,0.02136205013119885,-0.15758154002569824,-0.6487676605101642,-0.6395004566156924,-0.6438356164383561,-0.6438356164383561,0.08915687755580448,0.18549042184875275,0.8532162041005718,-7.301033853638758,0.0806669646458591,0.17868763557483724,0.011735121542330251,-0.02845528455284552,0.00794281175536127,0.005780346820809301,-0.058168316831683116,inf,0.030287984111221355,0.01791044776119399,0.0,0.09620843471208418
1,1998-03-31,-0.02173330676179175,-0.1635407049456198,-0.05276744131975675,-0.2369561384188801,0.02136205013119885,-0.15758154002569824,-0.6487676605101642,-0.6395004566156924,-0.6438356164383561,-0.6438356164383561,0.08915687755580448,0.18549042184875275,0.8532162041005718,-7.301033853638758,0.0806669646458591,0.17868763557483724,0.011735121542330251,-0.02845528455284552,0.00794281175536127,0.005780346820809301,-0.058168316831683116,inf,0.030287984111221355,0.01791044776119399,0.0,0.09620843471208418
2,1998-06-30,-0.011550455408969595,-0.19423319443672504,-0.005459006509659914,0.01733977321591218,-0.01939537232497135,-0.15758154002569824,-0.6487676605101642,-0.6395004566156924,-0.6438356164383561,-0.6438356164383561,0.08915687755580448,0.18549042184875275,0.8532162041005718,-7.301033853638758,-0.47034404838164595,0.015182884748102143,0.011735121542330251,-0.02845528455284552,-0.014578408195429328,0.005780346820809301,-0.058168316831683116,1.0,-0.008915662650602396,0.01791044776119399,0.0,-0.2079903819476555
3,1998-09-30,0.020161218662882785,0.2760641429440236,0.01320909955230487,0.11821798143397855,0.0292418009384241,0.32067191060324496,4.599231960759004,4.599231960759004,4.730769230769232,4.730769230769232,0.4229105742162944,0.0370079630652147,-0.10115768835776306,-1.5235015925103754,0.46487886637208603,0.06798096532970765,0.011735121542330251,-0.02845528455284552,0.03478608556577356,0.08045977011494254,-0.058168316831683116,0.5,0.010454655968879178,0.01791044776119399,0.0,0.14117234936945344
4,1998-12-31,-0.009764300073564993,-0.251176639872827,-0.0032252560228280824,-0.16200902410495574,-0.018172294632295083,-0.21550302843924415,-0.6331746480009682,-0.6201032799451325,-0.6174496644295302,-0.6174496644295302,-0.06893587801288348,0.3589574165073581,0.07402091546469625,-2.0555760406424124,-0.334986738090285,0.10990876299596852,0.011735121542330251,-0.02845528455284552,0.010819165378670892,0.07446808510638303,-0.058168316831683116,0.3333333333333333,0.008180943214629366,0.01791044776119399,0.0,-0.10641563491251403
5,1999-03-31,0.004515971077369896,0.11978925728647405,0.02725919121823206,0.2598401915073658,-0.02517277508396698,0.09846370917131053,0.3876978671589615,0.3399503910309412,0.3333333333333335,0.3333333333333335,-0.2574917932597713,-0.40234236700859627,-0.0938927304457916,-0.13074191232121712,-0.43787086367857664,-0.05792391512139172,0.011735121542330251,-0.02845528455284552,-0.017966360856269015,-0.06930693069306937,-0.058168316831683116,0.2547169811320755,-0.0305489260143198,0.01791044776119399,0.0,-0.11118744990266803
6,1999-06-30,0.034481445796443085,1.0844233196233848,0.09595260754268907,0.31563556965763384,-0.05007830773723854,-0.16745882270827306,-0.6241204209525211,-0.6241204209525211,-0.6052631578947368,-0.6052631578947368,2.015902729059728,0.2334012606037628,1.3219275775746635,-6.215931416324342,4.0629532372224055,-0.04870129870129869,0.01822700911350461,-0.02845528455284552,-0.029194239003503264,-0.03191489361702116,-0.058168316831683116,0.1992481203007519,-0.0834564254062038,0.017595307917888547,-0.020408163265306145,0.5843854676629734
7,1999-09-30,0.022591016883825917,-0.4471781277074333,0.03746112649635247,-0.2052366095535232,-0.0010088974437052476,0.5862816167606777,4.060483749510527,4.060483749510527,4.0,4.0,-0.5638242132306456,2.599086810625272,-1.169350508247929,-1.437418675523901,-0.3510227214178989,-0.07615187713310577,0.004882017900732283,-0.02845528455284552,0.022052927024859503,-0.04395604395604402,-0.08804204993429697,0.16927899686520376,-0.023099650819231817,-0.053794428434197794,0.02083333333333326,-0.3043584322654089
8,1999-12-31,0.01631877470170795,0.3509574927431631,0.041591510575403,0.4163898602576997,-0.02533541855296728,-0.1947039495976326,-0.6382088415087825,-0.6382088415087825,-0.6000000000000001,-0.6066666666666667,-1.870531612685204,-2.1747467612304923,-1.4242585007155901,-3.8974998776848175,1.5672171059595639,-0.11544677903486487,0.012955465587044523,-0.027196652719665315,0.0011769321302472768,-0.13793103448275856,-0.11815561959654185,0.14477211796246636,-0.04179268627990118,-0.050761421319797,0.020408163265306145,-0.046288720046756326
9,2000-03-31,-0.004979887294678242,-0.139631918299977,-0.009030771060106968,-0.010432871611862682,0.0021551869742930663,0.2271462572846545,0.5476210062189464,0.5476210062189464,0.4666666666666668,0.4915254237288136,-1.6040705661853683,-1.3272859458067643,10.473638293541164,-2.389503900577488,-0.8482548190908153,-0.1858522578961107,0.03677058353317353,0.0,0.002742946708463867,-0.18666666666666665,-0.19117647058823528,0.12646370023419196,0.007173601147776321,-0.05240641711229943,0.040000000000000036,-0.1305307022919474
10,2000-06-30,0.036710055065535485,-0.031041441690613288,0.06252109129478667,0.004746044081607614,-0.00824508417348335,-0.11933842579394127,-0.6345921811465172,-0.6345921811465172,-0.625,-0.625,0.473356026146941,1.192355750541456,-1.3657868323938522,-0.9126300899753552,-0.4883973697081681,0.0529015710163514,0.01233616037008467,-0.012903225806451537,-0.008597108245408271,0.049180327868852514,0.014141414141414009,0.1143451143451144,-0.043589743589743664,-0.06207674943566599,0.05769230769230771,-0.035663941358894835
11,2000-09-30,0.030365348261484067,0.2715539616865099,0.030813893962326144,-0.03340664389970727,0.02952837072335468,0.3814522203405271,3.120530649055945,3.0710877723794843,3.0,3.0,-0.13230493481357294,-0.4494282644443178,-0.7135581593553171,-1.9779125403360411,0.9335564053537284,-0.004567600487210943,-0.07844630616907844,-0.09150326797385623,0.03074497437918788,0.0078125,-0.01294820717131462,0.10074626865671643,0.00029788501638372544,-0.12635379061371832,0.03636363636363616,0.315597134921795
12,2000-12-31,0.015707280431549675,0.10919903868796754,0.030655661764904082,0.1573120725094319,-0.012220937027119572,-0.2023029808432352,-0.8493169061319589,-0.8353419968485479,-0.8333333333333334,-0.8409090909090909,-0.16401650964699044,-0.13742983774499284,-0.17455671399888728,-0.3736701371109973,0.3024035160005494,0.09452431936371997,-0.11652892561983474,-0.13669064748201445,-0.013001912045889076,0.0620155038759691,0.1574167507568114,0.09152542372881367,-0.027992852888624083,-0.14876033057851235,0.017543859649122858,-0.04155555555555557
13,2001-03-31,-0.004998137738191355,0.0151781732719507,-0.011934443530774774,0.039323902876074124,0.008523554816293855,0.2827115980564652,3.1962796363977137,2.886769524553523,2.8181818181818183,3.0,-0.22148782848069748,-0.4785513314576028,-3.4520704510154436,-2.6015078572077392,-0.3718521955540558,-0.024315259921744103,-0.020579981290926086,-0.033333333333333326,0.008523827973653697,-0.014598540145985384,0.11072362685265902,0.0854037267080745,0.01378676470588247,-0.07119741100323629,0.05172413793103448,-0.02330164618594943
14,2001-06-30,0.022170487621258058,0.006638861010482833,0.03553158566111958,0.016243558276652248,-0.0033473982664411484,-0.2681837143102641,-0.4379222171354557,-0.4379222171354557,-0.4285714285714286,-0.4285714285714286,0.368399456931664,1.5358223586071689,-1.6307844918252223,-0.4914355396744371,-0.30106100795755963,0.0850759094815241,0.049665711556829084,0.04022988505747138,-0.003841721091048855,0.08148148148148149,0.10125588697017253,0.07868383404864088,-0.02508310667875502,0.048780487804878085,-0.016393442622950838,-0.009376854599406514
15,2001-09-30,-0.0009394065202552592,0.21936118957000209,-0.015566485676469675,-0.08425698883916544,0.028086092650330352,0.274903359743208,1.7885494060153362,1.7547975684373631,1.729166666666667,1.7083333333333337,1.0605305629293849,-1.5221251134491915,-5.397582371776654,-22.77605531701333,9.379818893666082,0.05939809926082362,-0.009099181073703331,-0.013812154696132615,0.02892402622445034,0.061643835616438374,0.0035637918745545782,0.07294429708222805,0.030068195908245388,0.00830564784053167,-0.01666666666666672,0.3315360651809249
16,2001-12-31,-0.0024175779026018858,-0.43071619504835595,-0.0049124782286268385,-0.0221123080169392,0.0007021627975936084,-0.2786086962980018,-0.5180416043314098,-0.54889630852882,-0.5496183206106869,-0.5384615384615385,0.049010984777961175,-3.993355952281316,-0.4993537268418785,-1.232936416481012,-0.21049513702640102,-0.019436830301520103,0.12121212121212133,0.15126050420168058,0.0003748125937033109,-0.051612903225806465,-0.012784090909090941,0.06798516687268252,0.003310261811616089,0.1663920922570017,-0.03389830508474578,-0.4178889588769909
17,2002-03-31,0.011305292134182965,-0.05358175505823037,0.010535069273205357,0.0006667978548471343,0.012999183000838022,0.08055850547690158,0.25644285133587075,0.3316681320438015,0.3220338983050848,0.30000000000000004,-0.7911278394891724,-0.2283777360527713,-1.3281067125645438,1.3993338023833606,-0.6397023263448219,0.04879288437102925,-0.027846027846027854,-0.021897810218978075,0.012364181341326221,0.054421768707483054,-0.07769784172661875,0.06481481481481466,0.0020995800839833656,0.06920903954802271,-0.08771929824561397,-0.05410418921007887
18,2002-06-30,0.020910671745250298,-0.05194951044280327,0.032308965726630445,-0.10249774077220153,-0.0006137440722481237,-0.09473933439314908,-0.4060222466662353,-0.4143032922181207,-0.41025641025641024,-0.41025641025641024,1.414929775555252,-0.11407746017588115,-0.4575093112311808,-0.7713662584248555,-0.4059352781348128,0.037799854615943713,-0.015164279696714413,-0.00497512437810943,-0.0029607698001479217,0.02580645161290329,0.05694227769110771,0.05978260869565233,-0.020951810835079358,0.01981505944517825,-0.03846153846153855,0.05621833632946549
19,2002-09-30,0.03738347102963791,0.28772807047623195,0.04290007111147931,0.0840412832252897,0.026710146320415573,0.3364055784561837,1.8376676107667016,1.9074707931953268,1.9130434782608696,1.891304347826087,0.6994277163252514,0.11581686267847148,-2.7602378765169457,-1.5838877755511025,0.39898118478350186,-0.10086388045762318,-0.0008554319931565192,-0.009999999999999898,0.025612472160356337,-0.10062893081761017,-0.09520295202952034,0.056410256410256425,-0.009477224090492231,0.02849740932642475,-0.020000000000000014,0.18799319201609174
20,2002-12-31,0.0338746015363498,0.03313087494462463,0.049089075945120575,0.07194871380261114,0.0037767381210638273,-0.2348762940590433,-0.6910993850814191,-0.6540846142729749,-0.6641791044776121,-0.6616541353383458,0.7503617393953241,0.6829625911817037,2.4747713351827945,-0.5839854475562878,0.29634306297840673,0.08387431835886794,-0.050513698630136994,-0.09090909090909104,0.0007238508867173367,0.05594405594405605,0.07422512234910282,0.05533980582524256,-0.02901234567901245,-0.04030226700251882,-0.04081632653061229,-0.03620734566293316
21,2003-03-31,0.02373446558531711,0.0257161267646886,0.030860259946531517,0.1434748892827622,0.009188341934530886,0.3226805227315772,0.7398574220735936,0.5691868758915835,0.5999999999999999,0.5999999999999999,-1.073420640445527,-0.4420811545736779,-3.6322862156735645,-5.455077963864368,-0.4110407212485937,-0.011020603737422195,-0.028854824165915224,-0.0527777777777777,0.00795660036166379,-0.013245033112582738,0.03796507213363709,0.05151793928242876,-0.01398601398601407,-0.07086614173228345,0.021276595744680767,-0.10297297297297303
22,2003-06-30,0.000726631027144764,-0.1536264991433467,-0.025556660800367337,-0.22251705837755875,0.05605815831987071,-0.15330739299610896,-0.5714285714285714,-0.5714285714285714,-0.5972222222222222,-0.5972222222222222,-9.0,0.1651651651651651,-1.138138138138138,-0.962962962962963,-0.02564102564102566,-0.001211240310077577,-0.07335190343546892,-0.07624633431085037,0.009329027628274034,-0.0067114093959731455,0.019019751280175527,0.04899387576552927,0.05738233397807858,-0.07909604519774027,0.02083333333333326,0.08858089786080159
23,2003-09-30,0.04128416575903748,0.34480431848852905,0.05096191597958377,0.04729400292540231,0.02264035490286065,0.28722426470588225,2.8939393939393936,2.8939393939393936,3.034482758620689,3.0,-0.5949074074074074,-0.025773195876288683,-5.217391304347826,3.5,-0.11842105263157897,-0.001697792869269965,-0.06613226452905807,-0.07301587301587298,0.02061855670103108,-0.013513513513513488,0.05886575735821964,0.046705587989991804,-0.01707317073170711,-0.07055214723926373,0.0,0.2839745363963464
24,2003-12-31,0.04427952383324208,-0.20120421475163075,0.06754333532576218,-0.11033519553072624,-0.0073298429319371685,-0.1860049982149232,-0.8015564202334631,-0.8015564202334631,-0.8205128205128205,-0.8189655172413793,3.377142857142857,0.13227513227513232,-2.742268041237113,-1.0,0.0,-0.0004859086491738606,-0.10085836909871247,-0.09246575342465756,-0.010101010101010057,-0.020547945205479427,0.06440677966101682,0.04462151394422298,-0.049627791563275465,-0.11386138613861395,0.0,-0.1020694115111015
25,2004-03-31,0.02608985977296574,0.13316582914572872,0.03352463605823064,0.0167451596023025,0.010397830018083143,0.17763157894736836,2.0392156862745097,2.0392156862745097,2.2857142857142856,2.2380952380952386,-0.8015665796344648,-0.1378504672897196,-1.6597633136094676,inf,-0.17910447761194026,0.06003889158969367,-0.017899761336515496,-0.02264150943396226,0.006685432793807067,0.06993006993007,0.1668789808917197,0.0427154843630817,-0.01501305483028714,-0.009310986964618295,0.0,0.11451206337774587
26,2004-06-30,0.0330497838516246,0.15909090909090914,0.014220897948127531,-0.007720020586721609,0.07486950037285611,-0.1921787709497207,-0.4451612903225807,-0.4451612903225807,-0.463768115942029,-0.4558823529411765,2.223684210526316,0.013550135501354976,0.4170403587443947,71.0,7.854545454545455,-0.0658105939004815,0.010935601458080145,0.0,0.012583012932541049,-0.07189542483660137,-0.0496724890829694,0.04169714703730798,0.04274353876739556,0.039473684210526334,-0.04081632653061229,0.16801292407108234
27,2004-09-30,0.007244420446364197,-0.2247728359636537,0.0028042999265540662,-0.2287344398340249,0.016650478701262683,0.2646380820654679,1.8604651162790702,1.8604651162790702,1.7567567567567568,1.7297297297297298,-0.6836734693877551,-0.021390374331550777,-1.6518987341772151,-1.9652777777777777,-0.8562628336755647,0.006627393225331346,-0.043269230769230727,-0.04633204633204635,0.014497756299620248,0.0,-0.02642159678345779,0.0393258426966292,0.009850651414045286,-0.014466546112115732,-0.04255319148936165,0.005163669893960332
28,2004-12-31,0.007817735090462463,-0.9278223318938926,0.015646847326719504,-0.8991257565568258,-0.008188890405350091,-0.21217644914327385,-0.7967479674796748,-0.7967479674796748,-0.8039215686274509,-0.7920792079207921,2.3741935483870966,0.17759562841530066,-0.3398058252427184,-0.8944844124700241,-0.6285714285714286,0.06900755913191925,-0.02386934673366836,-0.020242914979757054,-0.010547805375978324,0.04929577464788748,0.13923303834808265,0.037837837837837666,-0.01604782882315936,0.00917431192660545,-0.022222222222222254,-0.28446931474176684
29,2005-03-31,0.03856382978723394,19.37606837606837,0.05126524190376292,13.733333333333333,0.011696711160038564,0.29615918556223964,2.62,2.62,2.75,2.571428571428572,-0.26003824091778205,-0.7703016241299304,-2.1985294117647056,-11.25,17.346153846153847,-0.021213503649635142,0.02445302445302433,0.028925619834710762,0.009972489683631514,-0.0067114093959731455,-0.02123252200932157,0.037109375,-0.02558362647905321,0.036363636363636376,0.0,0.3829487179487179
30,2005-06-30,0.040162185232607735,0.4496644295302013,0.05824395111000257,0.4475113122171945,0.0009521218715995428,-0.14102106390574798,-0.3646408839779005,-0.3646408839779005,-0.3733333333333334,-0.3733333333333334,-1.9147286821705425,2.080808080808081,5.134969325153374,-0.24390243902439024,0.7148846960167714,0.0337916569564205,0.045226130653266194,0.024096385542168752,-0.004426285325161872,0.0202702702702704,0.0031746031746033854,0.035781544256120464,-0.03774204135214965,0.02807017543859636,0.0,0.0014832668953370651
31,2005-09-30,0.016289852693775364,-0.21701388888888884,0.0122569239835002,-0.08533916849015323,0.02581872537029484,0.4027431421446384,1.4782608695652173,1.4782608695652173,1.4893617021276595,1.4680851063829787,-2.629943502824859,-0.1442622950819672,-2.015,-3.0498533724340176,-0.8545232273838631,0.06965734896302989,0.05769230769230771,0.03921568627450989,0.024281805745554053,0.07284768211920545,0.025843881856540074,0.034545454545454664,0.01023192360163705,0.0017064846416383614,0.02272727272727271,-0.1439414977321115
32,2005-12-31,0.0033107235142118,0.16518847006651893,0.0062288974269413275,0.13568010936431985,-0.0034441647900383954,-0.07911111111111112,-0.5157894736842106,-0.5157894736842106,-0.5213675213675213,-0.5172413793103448,-0.6828422876949739,1.3448275862068964,-1.385221674876847,-0.9456366237482118,-0.3193277310924369,-0.02212855637513178,0.12954545454545466,0.1132075471698113,-0.005676126878130128,-0.043209876543209964,-0.07866323907454997,0.033391915641476366,-0.006752194463200523,0.04770017035775132,0.06666666666666665,0.02595155709342567
33,2006-03-31,-0.015050301810865196,-0.17316841103710756,-0.024645646514318772,-0.26030695154980443,0.006912136115911238,0.06724581724581724,0.3115942028985508,0.3115942028985508,0.3214285714285714,0.3214285714285714,2.180327868852459,-0.4771241830065359,-1.4245524296675192,-3.5263157894736836,1.1851851851851851,-0.020689655172413838,-0.008048289738430636,-0.01016949152542368,0.00570852921423759,-0.012903225806451646,-0.1372767857142857,0.032312925170068015,0.02243371855880349,-0.042276422764227606,0.04166666666666674,0.11783305227655982
34,2006-06-30,0.007272430135643049,-0.07556578442654394,0.009787057358087605,-0.008136696501220508,0.0017161716171616435,-0.22972565571299364,-0.3149171270718232,-0.3149171270718232,-0.32432432432432434,-0.32432432432432434,-0.6202749140893471,0.684375,-2.2289156626506026,-2.1875,-0.6440677966101696,-0.051936619718309866,0.005070993914807254,0.010273972602739656,-0.0010016694490817546,-0.058823529411764726,-0.04915912031047875,0.0318506315211422,-0.005651595744680993,0.0,0.0,-0.0679803884593626
35,2006-09-30,0.060314756226170115,0.02033195020746881,0.05492246240601495,-0.08121410992616895,0.07287822878228778,0.3467710371819961,0.8629032258064515,0.8629032258064515,0.8600000000000001,0.8400000000000001,-1.7104072398190049,-0.10946196660482377,2.9607843137254903,-2.5,2.7142857142857144,0.06429897864438261,-0.0928355196770938,-0.08813559322033893,0.03175133689839571,0.0625,0.05374149659863958,0.030335284725917955,0.014042126379137487,-0.07809847198641763,0.0,0.11057157309054122
36,2006-12-31,0.021345778661872258,0.19438796258641733,0.026838910852497344,0.30223214285714284,0.009335462473897492,-0.1793083405986632,-0.1298701298701299,-0.1298701298701299,-0.15053763440860213,-0.14130434782608692,-5.509554140127388,0.20625000000000004,-1.332920792079208,-1.8187134502923976,-0.5982905982905983,0.03947655398037075,0.06896551724137945,0.07434944237918217,0.006478781988985993,0.006535947712418277,0.13105229180116207,0.02944214876033069,-0.011539729640619887,0.11786372007366475,-0.040000000000000036,-0.08280196757150682
37,2007-03-31,0.0001498183452564028,-0.07048008171603681,-0.010791171845344616,0.07336304422351736,0.0247048801265668,0.21033994334277614,0.2736318407960199,0.2736318407960199,0.2531645569620253,0.2531645569620253,-0.32485875706214684,-0.20898100172711576,-1.1598513011152416,-1.45,0.6702127659574468,0.034410407049937135,0.07284079084287187,0.0795847750865053,0.018023817186997082,0.032467532467532534,-0.046232876712328674,0.029101856497742107,0.02501667778519012,0.09390444810543674,-0.02083333333333337,-0.13407488330519413
38,2007-06-30,0.016739692169419174,-0.028937728937728942,-0.008387238241420847,-0.03736825295432766,0.07114014251781464,-0.1138092451726156,-0.3984375,-0.3984375,-0.4141414141414141,-0.4141414141414141,-0.2824267782426778,0.037117903930131035,2.744186046511628,-0.5396825396825398,0.1847133757961783,-0.010344827586206806,-0.008729388942773975,0.012820512820512995,0.027505532722099213,-0.03144654088050314,-0.08737283064033519,0.02827888834714765,0.05532053368044232,-0.003012048192771122,0.021276595744680767,0.008831287991742265
39,2007-09-30,0.027918968692449253,-0.17427385892116187,0.031731991818232164,-0.21798274717982746,0.02040137487526339,0.20270716408055467,1.0259740259740258,1.0259740259740258,0.9827586206896552,0.9827586206896552,-0.6909620991253644,0.08842105263157896,1.590062111801242,-0.7931034482758621,0.032258064516129004,-0.06046320967411345,0.06262230919765166,0.07594936708860756,0.01876923076923065,-0.0844155844155845,-0.08327868852459007,0.02750118539592239,-0.006783842121492412,0.08006042296072513,0.0,0.05582082764893115
40,2007-12-31,0.01558692847928911,0.19004111466423024,0.01864651985211374,0.6525243954179041,0.009344778876453352,-0.16826791106231132,-0.3365384615384616,-0.3365384615384616,-0.33043478260869563,-0.3478260869565217,4.9245283018867925,0.2301740812379109,-0.9376498800959232,2.0,0.09375,0.03708551483420575,-0.024861878453038774,-0.008823529411764786,0.00724856538810026,0.021276595744680767,-0.031473533619456484,0.026765113059529225,-0.005898789195901921,-0.009790209790209723,0.0,-0.2798535587380209
41,2008-03-31,0.011360829834527129,-0.23454894433781195,0.006995949713323846,-0.27599486521181005,0.02023899235655069,0.1805280528052806,0.463768115942029,0.463768115942029,0.4415584415584417,0.4800000000000002,-0.10828025477707004,-0.10534591194968557,-3.0,-4.388888888888889,-0.24761904761904766,-0.06815313420277669,0.019830028328611915,0.03264094955489605,0.018890554722638564,-0.07638888888888884,-0.05686853766617427,0.026516853932584183,0.00936914428482205,0.03813559322033888,-0.02083333333333337,0.05726674641148333
42,2008-06-30,0.055433455433455465,0.1975927783350051,0.06357083159214373,-0.051063829787234005,0.04389574759945125,-0.11965334078837007,0.8217821782178218,0.8217821782178218,0.8198198198198197,0.8198198198198197,0.3035714285714286,-2.516695957820738,-1.2884615384615383,-27.36065573770492,10.120253164556964,-0.08465011286681713,0.375,0.3706896551724139,0.042672160094173066,-0.10526315789473696,-0.11511354737666403,0.025394045534150592,-0.0099009900990098,0.3945578231292517,0.0,0.2620562862395701
43,2008-09-30,-0.030805843855358006,0.13232830820770514,-0.047885663768970084,-0.08968609865470856,0.004346507631658668,0.22515084153699585,-0.6702898550724637,-0.6702898550724637,-0.6732673267326732,-0.6732673267326732,-2.698630136986301,-1.6743916570104287,7.866666666666667,-2.050373134328358,-0.9612976664769494,0.033045622688039566,-0.11245791245791237,-0.10482180293501042,0.0028224668360146143,-0.008403361344537784,-0.2628318584070797,0.025192143467122063,0.036249999999999886,-0.10829268292682924,0.0,0.24383684446436596
44,2008-12-31,0.1424186617556784,0.2274408284023668,0.2167027751985968,0.3156814449917897,-0.002516103059581276,-0.2226542249870399,-0.12637362637362634,-0.12637362637362634,-0.1060606060606062,-0.12121212121212133,-1.4669354838709676,0.3453608247422681,0.5789473684210527,-1.0035523978685612,0.08823529411764698,-0.05753163046073063,-0.0538694992412746,-0.07962529274004683,-0.0033774275260344266,-0.05932203389830493,0.044417767106842636,0.02415660141607656,-0.12696019300361894,-0.03610503282275712,-0.04255319148936165,-0.06702702702702701
45,2009-03-31,0.02167293569765349,-0.056342271768604964,0.029126213592233,-0.29017160686427457,0.003935021693068253,0.14138046015338454,0.15094339622641506,0.23899371069182385,0.1186440677966103,0.13793103448275867,0.10880829015544036,-0.3282247765006385,1.1952380952380954,95.16666666666669,7.797297297297296,-0.058510638297872175,-0.09943865276664,-0.13994910941475835,0.0019768426998023614,-0.054054054054054064,-0.02183908045977001,0.02399349328995526,-0.01727115716753025,-0.07832009080590241,-0.06666666666666676,0.3293742757821552
46,2009-06-30,-0.015018700327255718,-0.2618135376756067,-0.01285325863063358,-0.046593406593406606,-0.020301507537688446,-0.16885772713993574,-0.2404371584699454,-0.29441624365482233,-0.16666666666666666,-0.16666666666666666,0.23831775700934574,0.12737642585551326,-2.175704989154013,-1.5892547660311958,-0.5222734254992321,0.0002690341673392549,-0.3766696349065004,-0.39940828402366857,-0.02282976324689956,0.0,0.11398354876615754,0.02343129467831617,-0.0056239015817223246,-0.3645320197044335,-0.04761904761904756,-0.22575724558727386
47,2009-09-30,0.014891723524176781,0.3957612456747406,0.012811952257741456,0.6191793453204242,0.020004103405826926,0.2263620386643235,1.4388489208633093,1.4172661870503598,1.2181818181818178,1.2181818181818178,-0.9710691823899372,-0.11129848229342333,-1.4944649446494465,-0.3058823529411765,-0.7588424437299035,0.052178590640129086,0.2271428571428571,0.19211822660098526,0.018748197288722238,0.07619047619047614,0.6845991561181435,0.02289483896003097,0.005302226935312904,0.2616279069767442,-0.05000000000000005,-0.13800544141101426
48,2009-12-31,-0.009908803928446177,0.004958165478772925,-0.026577114837858958,-0.15945330296127558,0.030775419893392275,-0.06133562625394096,-0.3569321533923304,-0.35119047619047616,-0.4016393442622951,-0.4180327868852459,42.73913043478261,0.3548387096774193,-1.3992537313432836,-1.7838983050847457,2.466666666666667,0.10557259713701428,0.061699650756693813,0.06611570247933883,0.009909399773499585,0.07964601769911518,-0.10018785222291804,0.022382397572078938,0.04184247538677921,0.04915514592933934,0.0,0.19569003047453212
49,2010-03-31,0.017004694004074006,0.04409497378970095,0.01155604470030469,0.1917344173441735,0.029563859888769525,0.0570992366412213,0.05045871559633031,0.05045871559633031,0.09589041095890427,0.12676056338028174,-0.9990059642147118,-0.35574229691876746,-3.6728971962616814,-1.9351351351351351,-0.6653846153846155,0.023583815028901837,0.019736842105263053,0.054263565891472736,0.02803476310625186,0.016393442622950838,-0.018789144050104345,0.02189239332096471,0.012824839689503877,0.03221083455344065,0.0,-0.12388494447478605
50,2010-06-30,-0.0017417051293215913,-0.067336089781453,-0.004226471942084809,-0.2396247868106879,0.0038855193328279905,-0.12853841709994218,-0.18777292576419213,-0.20087336244541487,-0.1875,-0.20000000000000007,793.0,0.1891304347826086,-1.5454545454545454,-1.5260115606936415,1.0459770114942528,-0.013553196295459702,0.02580645161290329,0.0441176470588236,0.0016362148895554538,-0.040322580645161366,-0.05602836879432616,0.02178649237472774,0.0056647784071977006,0.03404255319148963,0.02631578947368429,0.2265974025974027
51,2010-09-30,0.030911047137165863,0.2317922735908804,0.03416540595057982,0.17644859813084102,0.023600490890210542,0.2287040106065628,0.8817204301075269,0.9125683060109288,0.9076923076923076,0.921875,-0.778337531486146,0.01645338208409508,-3.5641025641025643,-0.7802197802197802,0.1123595505617978,0.046942981451797434,-0.007337526205450695,0.003521126760563265,-0.003811598148652173,0.04201680672268915,0.019534184823440937,0.020966595593461257,-0.0066269052352551094,-0.001371742112482921,0.0,0.047009994917838194
52,2010-12-31,0.019575764413855445,-0.09845758354755783,0.010687146978747508,-0.2481728630441691,0.03974914691506037,-0.15322363096843805,-0.31999999999999995,-0.31999999999999995,-0.3387096774193549,-0.34959349593495925,7.011363636363638,0.1007194244604317,-2.645,6.0,0.7070707070707071,0.07764654418197736,-0.0042238648363253075,0.0035087719298245727,0.03525553429898886,0.08870967741935497,0.07442888725128949,0.0205360250609119,0.02068045363575721,0.030219780219780112,-0.02564102564102566,0.19909392443977025
53,2011-03-31,0.0011066231394898374,0.023666951810664468,-0.005226761016403958,0.13102282333051574,0.01507894270001775,0.0669002867155144,0.3193277310924369,0.3067226890756303,0.30487804878048785,0.325,-0.7432624113475177,-0.1895424836601307,-1.4741641337386018,0.2714285714285713,0.5266272189349113,0.009133346864217406,0.0593849416755039,0.06993006993006977,0.013463569165786726,-0.029629629629629676,-0.01714677640603568,0.020463847203274318,0.014379084967320209,0.09200000000000008,-0.02631578947368418,-0.0948589933882068
54,2011-06-30,-0.004615044492345065,-0.1061281337047354,-0.007557998544984291,-0.07585949177877427,0.001747640685075158,-0.10630038817557473,-0.4649681528662421,-0.4694533762057878,-0.4672897196261683,-0.4716981132075472,2.389502762430939,0.2762096774193548,-2.9807692307692313,-1.1348314606741572,-0.046511627906976716,0.047465808527755504,-0.03603603603603611,-0.02614379084967311,0.0007814535035166602,0.03816793893129766,-0.025819958129797538,0.020053475935828846,0.006443298969072142,-0.014652014652014713,0.0,-0.032796660703637286
55,2011-09-30,0.014325772508953616,0.0775942661265192,0.012746894726125113,0.19652244237767905,0.01770760642009761,0.21249582358837293,1.2976190476190474,1.3212121212121213,1.2982456140350882,1.3214285714285712,-0.5338223308883456,-0.23854660347551335,-0.7022653721682848,2.9166666666666665,-0.19105691056910568,0.036482334869431636,0.012461059190031154,0.02348993288590595,0.017699115044247815,0.02941176470588225,0.059455587392549976,0.019659239842726217,0.003521126760563265,0.0371747211895912,-0.027027027027027084,-0.0994143033292232
56,2011-12-31,0.07332694676337748,0.05205320994794671,0.10845262988579707,0.009462656302805073,-0.0015428130624839387,-0.1824193992835492,-0.4974093264248705,-0.4986945169712794,-0.5114503816793894,-0.5,0.7062937062937062,0.1182572614107884,0.016304347826086918,-3.6595744680851054,0.6281407035175879,0.08799555390885505,-0.04923076923076919,-0.059016393442622876,-0.0012787723785167016,0.0714285714285714,0.06761325219743064,0.019280205655527016,-0.0698564593301435,-0.02986857825567502,-0.02777777777777779,0.04218723258600021
57,2012-03-31,0.012419034018462892,0.0731170973062123,0.021440232178487232,0.28557080682959496,-0.008927804961799346,0.03741152679474213,0.4432989690721649,0.4427083333333333,0.484375,0.4461538461538461,-0.5881147540983607,-0.09090909090909094,-2.117647058823529,-0.516,0.18672839506172845,0.015324365741529178,-0.03991370010787498,-0.05574912891986061,0.009475032010243469,0.020000000000000014,0.05763141228625712,0.01923076923076916,-0.002743484224965731,-0.011083743842364545,-0.05714285714285705,-0.16520239756958702
58,2012-06-30,0.008765522279035709,0.05071721311475419,0.011152152294360064,0.140625,0.00294499783456037,-0.09974009096816117,-0.23571428571428574,-0.22743682310469315,-0.23157894736842102,-0.22340425531914887,1.1019900497512438,0.2551020408163265,0.8277511961722488,4.0578512396694215,0.7958387516254877,0.011739057521381824,0.04157303370786525,0.01845018450184499,0.0027904616945713108,0.0,0.04730538922155692,0.018558614290133058,-0.0058459422283355655,0.06724782067247825,-0.03030303030303028,-0.07888265958493157
59,2012-09-30,-0.010387275587405376,-0.2101413944417357,-0.023849666315419737,-0.1497716894977169,0.022713533120304108,0.2407073258751353,1.05607476635514,1.05607476635514,1.0547945205479454,1.041095890410959,-0.5372781065088758,0.23902439024390246,-3.4633507853403143,-3.1437908496732025,-0.9500362056480812,0.035968838057351286,0.04422869471413149,0.028985507246376937,0.022767518340500947,0.03267973856209161,-0.012578616352201144,0.018524142119647813,0.033552404012452415,0.06884480746791133,-0.03125,-0.0710090763481046
60,2012-12-31,0.03976484242928868,0.06512345679012355,0.05573746896477272,0.059344790547798176,0.002280020266846927,-0.15619546247818494,-0.5295454545454545,-0.5295454545454545,-0.5333333333333334,-0.5302013422818792,1.4578005115089514,-0.13910761154855644,-1.0212539851222104,-1.2477134146341464,4.710144927536232,-0.08432000000000006,0.004132231404958553,0.0,0.00247341083353958,-0.10126582278481022,-0.13028372900984364,0.017889087656529634,-0.036144578313252906,0.01965065502183405,-0.03225806451612912,0.0055172413793103114
61,2013-03-31,0.01278846853842608,0.13995943204868144,0.01728016359918194,0.07553865652724978,0.0016850619260257993,0.09755256807997248,-0.07246376811594203,-0.07246376811594203,-0.05714285714285705,-0.07142857142857129,-1.0874089490114465,0.010670731707317138,23.25,-1.8061538461538464,-0.6649746192893401,0.01625021841691421,-0.08127572016460892,-0.08802816901408461,0.001480384900074183,0.007042253521126751,0.0033288948069241093,0.01786760398359699,-0.010763888888889015,-0.08244111349036397,0.0,0.059899405578417886
62,2013-06-30,0.004456584243818229,0.042958820538891766,0.006432807317318322,0.06151308036766445,-0.0005046681806711861,-0.11494974874371855,-0.10416666666666664,-0.10416666666666664,-0.1060606060606062,-0.09230769230769242,-13.583333333333336,-0.17194570135746612,-0.7793814432989691,-3.3473282442748094,4.659090909090909,0.026822558459422385,-0.04591265397536404,-0.050193050193050204,-0.0004927322000493062,0.027972027972027916,0.11015262110152624,0.017841726618704982,-0.004914004914004955,-0.04434072345390894,0.0,-0.017471958584987183
63,2013-09-30,0.001001860598253801,-0.0972459176212528,-0.00802290355870705,-0.0290852575488455,0.02381553479761012,0.2363378282469837,1.6976744186046508,1.6976744186046508,1.6779661016949157,1.6779661016949157,-0.7492904446546831,0.2440801457194899,-3.383177570093458,-2.094308943089431,-0.9009370816599732,-0.035331547220361685,0.016431924882629012,0.008130081300812941,0.02390929258072472,-0.034013605442176915,0.004184100418409997,0.017246253887475138,0.022574955908289285,0.020757020757020683,0.0,-0.07025246981339184
64,2013-12-31,-0.031384043465827904,0.0504859611231101,-0.046848781797436116,0.08163731991767675,0.006493506493506551,-0.17680826636050515,-0.4956896551724138,-0.4956896551724138,-0.5,-0.5,3.9584905660377365,0.11859443631039525,-1.196078431372549,-1.8915304606240717,8.108108108108109,-0.017878840479083502,0.018475750577367167,0.028225806451612767,0.006499759268175254,-0.0422535211267604,-0.04345238095238102,0.01695386325736536,0.039323904794756885,0.028708133971291794,0.0,-0.02880755608028329
65,2014-03-31,-0.004083942234359261,-0.1046003598046774,-0.012217449475389051,-0.2439746300211416,0.014781543487137672,0.3211297071129706,0.5427350427350428,0.5427350427350428,0.5569620253164556,0.5569620253164556,-0.8295281582952816,-0.17015706806282727,-4.24,-1.9533333333333331,-0.8486646884272997,-0.03764581124072097,0.14625850340136035,0.16862745098039222,0.014589811049988022,-0.0441176470588236,-0.06160547604231492,0.017217819076250196,0.018918021905077964,0.10465116279069786,0.03333333333333344,0.1844152686603453
66,2014-06-30,-0.004199501000469397,-0.007749712973593614,-0.007093209766530052,0.07354586129753904,0.0023338161918557976,-0.2317234098706783,-0.4127423822714681,-0.4127423822714681,-0.4065040650406504,-0.41463414634146345,3.6116071428571432,-0.055205047318611984,-2.4691358024691357,-2.174825174825175,6.588235294117648,0.02332415059687776,0.01978239366963397,0.043624161073825496,0.002593116454502553,0.007692307692307666,-0.11803713527851455,0.016926383664696454,0.006514657980456029,0.02526315789473688,0.032258064516129004,-0.07574668993123279
67,2014-09-30,0.008831336359802489,0.01793462539774371,0.003410396323951792,0.008856473039854151,0.020232838217583368,0.16454826520096175,1.056603773584906,1.056603773584906,1.041095890410959,1.0555555555555558,-0.5217812197483058,0.27378964941569284,-2.260504201680672,-1.8467261904761905,-0.7351421188630491,0.011306532663316604,-0.03200775945683798,-0.012861736334405016,0.0202210204561486,0.007633587786259444,-0.019548872180451204,0.01664464993394965,0.011326860841423871,-0.015400410677618104,0.0,0.008995002776235328
68,2014-12-31,0.0895320530159589,0.095197499289571,0.13527244105756495,-0.023754195713916904,-0.011017549382230318,-0.1654867256637168,-0.8096330275229358,-0.8096330275229358,-0.8120805369127517,-0.8108108108108107,1.1862348178137654,0.0,-1.59,-1.868189806678383,2.4097560975609755,0.11197870452528824,-0.12725450901803614,-0.14006514657980462,-0.011062456787278241,0.09090909090909084,0.13880368098159512,0.016632016632016633,-0.0924799999999999,-0.11887382690302395,-0.03125,0.12183579132731692
69,2015-03-31,-0.007470434233095569,-0.11831862999481058,-0.016544812807260834,-0.09891563078550647,0.015437256306198853,0.27819017320607986,3.4578313253012047,3.4578313253012047,3.5,3.5,-0.4824074074074074,-0.12581913499344688,-3.6779661016949152,-2.1781376518218623,-0.8326180257510729,0.04452601340568152,0.0011481056257176547,-0.015151515151515138,0.015381030062922463,0.0625,0.187878787878788,0.016615541922290644,0.02327221438645988,0.022485207100591653,-0.03225806451612912,-0.021485333071716076
70,2015-06-30,0.017600109147963616,0.08269570335491473,0.0239369372256224,0.15497505136483716,0.0021158216440717577,-0.2289823008849557,-0.40810810810810816,-0.40810810810810816,-0.4047619047619048,-0.4126984126984127,0.6583184257602863,0.5862068965517242,-2.5253164556962027,-2.0171821305841924,5.05982905982906,-0.08403361344537819,0.0,-0.019230769230769273,0.002065641496442394,-0.0980392156862746,-0.09126984126984128,0.016092532059341025,-0.01516195727084779,0.01620370370370372,-0.033333333333333326,-0.0626629236013635
71,2015-09-30,0.004916091260530386,-0.0472954607230226,-0.0010014395693810352,0.1255400254129606,0.019705974350954003,0.23493543758966995,0.9543378995433788,0.9543378995433788,0.9466666666666664,0.9594594594594594,-0.2308522114347357,-0.09073724007561433,-1.5076071922544951,-2.0405405405405403,-0.8688293370944993,0.04320266889074231,-0.013761467889908284,-0.031372549019607836,0.018781493357764575,0.03623188405797095,0.03742981908920751,0.016085127443702163,0.014695591322603231,-0.011389521640091105,-0.0344827586206895,-0.15349235212322165
72,2015-12-31,0.01492072669053379,0.09443651925820262,0.02064406992043111,0.06570331903364203,0.0009202453987731117,-0.21376706360731926,-0.5887850467289719,-0.5887850467289719,-0.589041095890411,-0.5862068965517242,0.5119214586255258,0.008316008316008316,-3.0354223433242513,-2.387987012987013,9.193548387096774,0.025263831148065297,0.07441860465116279,0.07692307692307687,-0.00044964028776972587,0.006993006993007089,0.033674082982561686,0.01583049196298103,-0.01379310344827567,0.09447004608294927,0.0,0.02691432903714941
73,2016-03-31,-0.001358397966784941,-0.16970802919708028,-0.006199932475982939,-0.060169491525423724,0.01080294207784238,0.16586627262652387,0.7613636363636365,0.7613636363636365,0.7500000000000002,0.7500000000000002,-0.5139146567717996,0.15257731958762874,-1.3842034805890229,-2.030409356725146,-0.9335443037974684,0.09560199625701804,-0.058441558441558523,-0.06015037593984951,0.009221772379667035,0.09722222222222232,0.009307737056428069,0.01606329417405905,0.011888111888111784,-0.013684210526315743,-0.0357142857142857,-0.11652516303679095
74,2016-06-30,0.037077665642825774,0.09858712715855568,0.028814972667469574,-0.12015329125338148,0.05737891305995601,-0.114702154626109,-0.25161290322580643,-0.25161290322580643,-0.2571428571428571,-0.2666666666666667,1.1125954198473282,0.6708407871198571,-6.435540069686412,-1.9069239500567536,12.682539682539682,0.07302491103202846,-0.010344827586206915,0.0,0.02139514151994648,0.06329113924050622,0.13141210374639756,0.015809344030202732,0.01969592259847963,0.01067235859124871,-0.03703703703703709,0.2486072423398329
75,2016-09-30,0.0009731330653690584,-0.09859959988568168,-0.008135206532180583,-0.07993850883935437,0.02272401433691762,0.2229778095919828,1.1422413793103448,1.1422413793103448,1.0897435897435894,1.103896103896104,-0.3631436314363144,-0.6086723768736617,-1.4423076923076923,-1.8961201501877347,-0.8306264501160092,0.026930220217564305,0.03600464576074347,0.048000000000000036,0.021601571023347255,0.005952380952380931,0.01884870096790636,0.015795586527293848,0.021687563537783783,0.06230200633579708,0.0,-0.020301171221416614
76,2016-12-31,0.019845295460309442,0.07989854153455922,0.027481008444054437,0.07017543859649122,0.002172846428821762,-0.2074919520046825,-0.5855130784708249,-0.5855130784708249,-0.5766871165644172,-0.5802469135802469,0.5929078014184397,0.7222982216142271,-2.104347826086957,-1.8743016759776536,4.287671232876712,-0.06472032037204489,0.0022421524663676085,0.007633587786259444,0.0010679196924390233,-0.08284023668639051,-0.10399999999999987,0.015321289732449063,-0.017247097844112713,0.0248508946322068,0.0,0.009108505066605987
77,2017-03-31,0.0022795565226401138,-0.11421021726365232,-0.00265103537659428,-0.10460577673692427,0.01398797034550281,0.19202363367799125,0.883495145631068,0.883495145631068,0.8405797101449277,0.8676470588235292,-0.6010685663401603,-0.33518665607625103,-1.4199475065616798,-2.1325878594249197,-0.9132124352331606,0.043646408839778994,0.03803131991051445,0.04924242424242431,0.013014721570300923,0.03870967741935494,0.0234375,0.01554054054054066,0.011812352345595743,0.0562560620756547,-0.03846153846153855,-0.010718718266952476
78,2017-06-30,0.015176263827147762,0.0871726881007624,0.02191440975811454,0.25806451612903225,-0.0005518002483101414,-0.18432465923172248,-0.5489690721649485,-0.5489690721649485,-0.5511811023622047,-0.5511811023622047,1.5133928571428572,0.0346475507765831,-2.528125,-2.0564174894217206,11.17910447761194,0.07371625198517727,-0.05172413793103448,-0.054151624548736337,-0.0016849199663016012,0.06211180124223593,0.01908396946564883,0.015080949212685768,-0.0156771180787193,-0.03030303030303028,0.0,-0.1358348540145985
79,2017-09-30,0.0029939509969654217,-0.056097560975609806,-0.013438917950348241,-0.09563409563409564,0.042236024844720436,0.2195214584124572,1.6114285714285712,1.6114285714285712,1.5964912280701755,1.5964912280701755,-0.4200710479573713,0.0034642032332563573,-2.085889570552147,-1.997329773030708,-0.9154411764705882,0.02415875754961183,-0.0454545454545453,-0.03816793893129777,0.02763713080168784,0.023391812865497075,0.07383627608346699,0.015075376884422063,0.03930870891223304,-0.014204545454545412,-0.040000000000000036,0.04368483568694725
80,2017-12-31,-0.02304755716200302,0.1424418604651163,-0.04247715022263887,0.2521072796934867,0.02092438087670501,-0.07785736530675802,0.10503282275711157,0.10503282275711157,0.10810810810810813,0.08783783783783794,0.7457886676875958,0.3014959723820483,-2.3540489642184563,-1.9745649263721556,10.55072463768116,0.022746419545071502,0.22023809523809512,0.2420634920634921,0.019708478751796262,-0.005714285714285672,0.05879422022919777,0.014851485148514863,0.044995109227258016,0.21709894332372734,0.04166666666666674,-0.08763277693474948
81,2018-03-31,0.01639957598054509,0.06672321176137963,0.01691855840420975,0.15279477764177885,0.01530678427811649,0.13610266801756166,-0.1524752475247525,-0.1524752475247525,-0.1585365853658537,-0.1490683229813664,-0.8745614035087719,-0.1962864721485411,-0.15855354659248955,-1.2211538461538465,-0.14303638644918448,-0.06636855730760183,0.006829268292682933,0.022364217252396124,0.014294342661566262,-0.08045977011494243,-0.24282352941176466,0.01527041357370096,-0.0012480499219968966,0.01499605367008661,0.0,-0.07456687456687461
82,2018-06-30,0.003353783231083929,-0.08931884442088522,0.005114473961310485,-0.03450716687311983,-0.0003832886163280813,-0.19857312722948872,-0.5607476635514019,-0.5607476635514019,-0.5652173913043478,-0.562043795620438,5.2727272727272725,0.05280528052805278,-0.5074380165289256,-2.4782608695652173,0.34846266471449483,-0.04247542223342582,-0.010658914728682191,0.009375000000000131,-0.0015879317189362308,-0.05625000000000002,-0.0615288999378496,0.015040735324838296,-0.003748828491096479,0.0031104199066875893,0.0,-0.056762018870750275
83,2018-09-30,0.009783140388064604,-0.02328288707799764,0.007093896854141191,-0.010080645161290371,0.015273517382413003,0.2344213649851632,1.3138297872340423,1.3138297872340423,1.3333333333333337,1.3166666666666664,-0.3756967670011149,0.12957157784744,-1.520134228187919,-3.8403361344537816,-0.7339847991313789,0.025799657759641992,-0.026444662095984284,-0.015479876160990782,0.014115308151093409,0.02649006622516548,0.019867549668874274,0.01481786375797478,0.005644402634054524,-0.023255813953488413,0.0,-0.013337567481740307
84,2018-12-31,0.0883255288228646,0.15137067938021453,0.10209237353623024,0.1492316237733753,0.052810473972430216,-0.11388221153846155,-0.2390804597701149,-0.2390804597701149,-0.2499999999999999,-0.2374100719424459,0.9553571428571428,1.334875115633673,-15.129032258064516,-2.1257396449704142,3.1061224489795918,0.01475683305530584,-0.1297786720321933,-0.13836477987421392,0.021172319153107244,0.0,0.0331168831168831,0.014195903467856262,-0.032740879326473404,-0.11111111111111104,-0.040000000000000036,0.0017701963308660586
85,2019-03-31,0.021253709198812976,-0.021480331262939908,0.013052506674577248,0.022716288061865653,0.03844314241300961,0.1915903696168193,0.2809667673716012,0.2809667673716012,0.24761904761904766,0.23584905660377364,-0.5762557077625571,-0.6481774960380349,-1.0493150684931507,-1.6990801576872536,-0.5288270377733598,0.0064491654021245895,-0.028901734104046062,-0.029197080291970882,0.019581493568823216,-0.012903225806451646,0.13199245757385292,0.014797040591881585,0.01676337846550635,-0.014285714285714348,0.0,-0.04321285140562259
86,2019-06-30,0.009733774016634555,-0.019571541920126997,0.004578730200984982,-0.059703843730308785,0.019575105072255242,-0.21912350597609564,-0.6415094339622642,-0.6415094339622642,-0.6488549618320612,-0.6488549618320612,1.3146551724137931,0.11261261261261254,-4.796296296296296,-1.932330827067669,1.0464135021097047,0.09197135318507343,-0.05595238095238109,-0.056390977443608985,0.003954057616268214,0.07189542483660127,0.10660744031093827,0.014581280788177331,0.009828788839568723,-0.02989130434782605,-0.04166666666666663,0.042646071188717334
