,Quarter end,Assets,Current Assets,Liabilities,Current Liabilities,Shareholders equity,Revenue,Earnings,Earnings available for common stockholders,EPS basic,EPS diluted,Cash from operating activities,Cash from investing activities,Cash from financing activities,Cash change during period,Cash at end of period,Price,ROE,ROA,Book value of equity per share,P/B ratio,P/E ratio,Cumulative dividends per share,Equity to assets ratio,Net margin,Asset turnover,Current ratio
0,1993-12-31,0.017515988180226483,0.1159633656337753,0.014259026956780609,-0.06097384864415145,0.02296883370190783,-0.2807857341117264,-0.8334112599356418,-0.8334112599356418,-0.8285714285714286,-0.8888888888888888,-0.14634638675817524,0.4682575601728038,-0.8170168865721887,-1.615951843491347,-0.44190995544324,-0.06769230769230772,-0.14532019704433485,-0.021929824561403573,0.02272727272727271,-0.06976744186046502,0.2149532710280373,inf,0.005349023803155939,-0.1195402298850574,-0.02816901408450712,0.18835171966255704
1,1994-03-31,0.017515988180226483,0.1159633656337753,0.014259026956780609,-0.06097384864415145,0.02296883370190783,-0.2807857341117264,-0.8334112599356418,-0.8334112599356418,-0.8285714285714286,-0.8888888888888888,-0.14634638675817524,0.4682575601728038,-0.8170168865721887,-1.615951843491347,-0.44190995544324,-0.06769230769230772,-0.14532019704433485,-0.021929824561403573,0.02272727272727271,-0.06976744186046502,0.2149532710280373,inf,0.005349023803155939,-0.1195402298850574,-0.02816901408450712,0.18835171966255704
2,1994-06-30,-0.019464828276903327,-0.1616779789547571,-0.03654822581388817,-0.11266480590546844,0.008892893204717867,-0.2807857341117264,-0.8334112599356418,-0.8334112599356418,-0.8285714285714286,-0.8888888888888888,-0.14634638675817524,0.4682575601728038,-0.8170168865721887,-1.615951843491347,0.4877264061010487,-0.047304730473047285,-0.14532019704433485,-0.021929824561403573,0.007407407407407306,-0.06976744186046502,0.2149532710280373,1.0,0.02899707368981108,-0.1195402298850574,-0.02816901408450712,-0.0552901023890785
3,1994-09-30,0.010409024895891685,0.019310200465747274,0.022478032431234363,0.11942676806870513,-0.008722675095657939,-0.058237009762053926,-0.6069011061581642,-0.6069011061581642,-0.6111111111111109,-0.8888888888888888,-0.9472688578860252,0.1147228605055204,-7.036498516320474,-0.1793305643782067,0.26904285142170603,-0.06697459584295617,-0.14532019704433485,-0.021929824561403573,-0.009191176470588314,-0.06875000000000009,0.2149532710280373,0.4999999999999998,-0.018872802481902703,-0.1195402298850574,-0.02816901408450712,-0.08945086705202321
4,1994-12-31,0.028763907089736977,0.1288261891577709,0.042101347706238856,0.15285339273665044,0.006956033731594591,0.15517009727521902,5.691306173876523,5.691306173876523,5.571428571428571,-0.8888888888888888,11.910313901345294,0.13645047762694815,-0.4811483065427912,1.253944626376898,0.4778465034082302,-0.12376237623762375,-0.14532019704433485,-0.021929824561403573,0.003710575139146632,-0.12080536912751673,0.2149532710280373,0.3809523809523809,-0.02134387351778655,-0.1195402298850574,-0.02816901408450712,-0.02079035073797808
5,1995-03-31,-0.047722227780193534,-0.08480522897899112,-0.0832860564800807,-0.1132703274236062,0.012457300113866364,0.1767420356606999,0.7420286216419785,0.7420286216419785,0.7391304347826086,-0.8888888888888888,0.9402254570715842,-0.3346973986904973,-2.8036949313121737,-1.8860124157971208,-0.2864830237027547,-0.0028248587570621764,-0.14532019704433485,-0.021929824561403573,0.01109057301293892,-0.007633587786259555,0.2149532710280373,0.2413793103448276,0.06327409800753903,-0.1195402298850574,-0.02816901408450712,0.03209076175040515
6,1995-06-30,0.030833201145225694,-0.03837170503837173,0.05119475339946011,-0.053177661991251964,-0.0003634711494775456,-0.21783780711703493,-1.0418678388700728,-1.0418678388700728,-1.0375,-0.8888888888888888,-0.6061843925461795,-0.19672839711407386,-0.7739783590713311,0.27728085867620744,-0.5128389297899084,0.04249291784702569,-0.1412103746397695,-0.021929824561403573,0.0,0.03846153846153855,0.2149532710280373,0.1944444444444444,-0.030134211192707094,-0.14099216710182771,0.0,0.01570351758793964
7,1995-09-30,0.014130824146716847,0.0740251303025381,0.028997179841714567,0.09238886501456343,-0.00982124154721109,-0.14387711904566336,-2.449225473321859,-2.449225473321859,-2.666666666666667,-0.8888888888888888,-0.27758492437391524,-0.02789735099337753,-4.206483848477807,-3.5198412698412698,2.6526600319449565,-0.038043478260869616,-0.016778523489932917,-0.021929824561403573,-0.018281535648994485,-0.044444444444444516,0.11692307692307692,0.18604651162790709,-0.0237597911227152,0.0060790273556230465,-0.02898550724637672,-0.01685219542362404
8,1995-12-31,-0.02400428246349107,0.2982760635409434,-0.009309115065906814,-0.14922479773056094,-0.04860872735207167,0.6006856290960618,-16.871733966745847,-16.871733966745847,-16.4,-0.8888888888888888,9.106858875350381,-0.32815294217831903,-6.814785287189706,-0.9796201945345068,0.014800363281644247,0.062146892655367214,-0.9641638225255972,-0.9641255605381166,-0.05027932960893866,0.0852713178294573,0.07897153351698805,0.13725490196078427,-0.025140411874832846,-0.9667673716012084,0.07462686567164177,0.5260261047334487
9,1996-03-31,0.05698671837407133,0.28976913241332203,0.07313217226839197,0.2229454966746216,0.02883737321330937,0.476066975122933,-2.4488925471415746,-2.4488925471415746,-2.441558441558442,-0.8888888888888888,-0.616273673009656,0.16648710311173076,-0.8515944883116559,57.12954545454546,0.8477907786138088,-0.014627659574467988,7.047619047619048,6.749999999999999,0.027450980392156987,0.03571428571428581,24.225531914893608,0.12068965517241392,-0.026611796982167316,5.8181818181818175,0.15277777777777768,0.05461665292662832
10,1996-06-30,-0.059689767337559485,-0.24483332614955802,-0.0937196587201632,-0.21406650744538055,0.0021951882560826697,-0.38812984359918656,-0.9760367711614936,-0.9760367711614936,-0.972972972972973,-0.8888888888888888,-1.2807835270517436,0.2372595892643703,-1.508797715533532,-2.1609258318020097,-0.5326480823736233,-0.01484480431848856,0.17751479289940852,0.17741935483870974,0.00190839694656475,-0.04137931034482767,-0.8631747638326586,0.12307692307692307,0.0656708004509583,0.11999999999999987,0.04819277108433751,-0.03918311510650785
11,1996-09-30,0.015324397178833937,0.04605298920429224,0.03162924726003835,0.12793559922706255,-0.011488983677261366,-0.08871599700842593,-4.973060344827585,-4.973060344827585,-4.333333333333334,-0.8888888888888888,-2.0721264971632696,0.6885346682474859,1.5897160779135031,-1.4490283905297543,0.5117644800982613,-0.05616438356164388,-0.36180904522613067,-0.36986301369863017,-0.017142857142857126,-0.05755395683453224,-0.19097521883861407,0.09589041095890427,-0.02618354932557521,-0.3928571428571428,0.057471264367816126,-0.07251093257398544
12,1996-12-31,0.05889088917984031,0.26214962012949905,0.08246113898508868,0.23313547775605706,0.018438787998529268,0.3241692832993941,-7.349877949552481,-7.349877949552481,-7.5,-0.8888888888888888,-1.1764417658875983,-0.31157516968767063,-0.8271345252892246,-2.848721218030451,-0.6258315137358452,0.06386066763425258,5.354330708661417,5.369565217391305,0.013565891472868241,0.08396946564885477,0.6548308442548003,0.08749999999999991,-0.038294405214557285,5.254901960784314,0.0,0.0234649122807018
13,1997-03-31,-0.02139341763746494,-0.0969653800943262,-0.041264652707205814,-0.09412314042281722,0.014854172869377404,0.16886976644815466,0.18699812062190332,0.18699812062190332,0.2,-0.8888888888888888,-17.176617606220493,-0.2589906316107585,-1.9743731563421831,-2.353036634346221,2.2630793241500986,0.03137789904502042,-0.18959107806691444,-0.1808873720136519,0.01338432122370925,0.021126760563380254,-0.8352518648125978,0.09195402298850563,0.03699519909630045,-0.1442006269592475,-0.0434782608695653,-0.0031069209342190485
14,1997-06-30,0.0017977510563249586,-0.03592995926220599,0.028030810164981768,0.08650258468365468,-0.04340848177839374,-0.2747409853865991,-1.3333213386110112,-1.3333213386110112,-1.3333333333333333,-0.8888888888888888,-0.7727460001373343,0.6437092169657423,-3.3243140964995272,-1.201523192707865,-0.13976459823656628,-0.023809523809523725,-0.2048929663608563,-0.22083333333333333,-0.016981132075471694,-0.04137931034482767,0.21352711011738407,0.0736842105263158,-0.04520697167755994,-0.2124542124542126,-0.011363636363636355,-0.11273508866200965
15,1997-09-30,0.07407913816090382,0.3047661611074066,0.0648999536166639,0.1645415658781244,0.0910785183088194,0.2678460924243937,-2.833855122530497,-2.833855122530497,-2.8076923076923075,-0.8888888888888888,-0.5262124187943797,-2.483608845330769,2.2113318137414524,-14.919952388037494,2.2616094954915757,0.0013550135501354532,0.5096153846153846,0.4973262032085562,0.0249520153550864,0.021582733812949728,0.2726853984339013,0.06862745098039214,0.01597261836851116,0.4186046511627908,0.057471264367816126,0.12039728682170557
16,1997-12-31,0.09224815086462113,0.2409479813622384,0.11705234241194762,0.25014459564352176,0.04741421523426026,0.3571645063392783,1.5044445752634368,1.5044445752634368,1.4468085106382975,-0.8888888888888888,4.805484693877551,-2.4078518270758424,-1.875760494828635,-1.6999123519603232,-0.4853212573097248,0.10148849797023017,0.2904458598726114,0.2785714285714285,0.0393258426966292,0.07042253521126772,-0.2815779949330437,0.07339449541284382,-0.04098820887142052,0.1901639344262296,0.07608695652173902,-0.007351351351351344
17,1998-03-31,-0.07184748300504773,-0.14488838001326065,-0.11125802367259008,-0.08176612578785036,0.004123761414416061,-0.5658692707713993,-0.5287591378135064,-0.5287591378135064,-0.5304347826086956,-0.8888888888888888,0.30879929693507635,-0.5594838594719805,0.5707007844385911,-0.4460377819520166,-0.5223639872123499,-0.0036855036855037993,-0.1204343534057256,-0.11731843575418988,0.0036036036036037893,-0.039473684210526334,-0.236272040302267,0.05982905982905984,0.08167447306791553,0.02203856749311295,-0.14141414141414144,-0.0687214114571989
18,1998-06-30,-0.009666254801064422,-0.09447605905137957,-0.01719862014120377,-0.9992325072620184,0.0031853295860764237,-0.39172654300574217,-0.8865722266560255,-0.8865722266560255,-0.8888888888888888,-0.8888888888888888,0.4124349504784288,1.0813698722486262,-1.027071853749332,-1.1938578596239728,0.2120115774240232,-0.04438964241676935,0.12457912457912455,0.1424050632911391,0.003590664272890453,-0.047945205479452135,0.07651715039577844,0.05645161290322576,0.012990527740189606,0.3126684636118597,-0.12941176470588234,1178.8749853818267
19,1998-09-30,0.019483754287833888,-0.016065453804747554,0.03717716089092482,1098.2401854914058,-0.01009101319992767,-0.12509267038995694,-0.10422163588390497,-0.10422163588390497,0.0,0.0,-1.2814993091768059,0.04458443998186179,46.66848196051736,-2.908987485779295,-0.3339303482587065,-0.1806451612903226,-0.19061876247504986,-0.18836565096952906,-0.01073345259391767,-0.17985611510791366,-0.2990196078431373,0.061068702290076216,-0.02885386053967409,0.032854209445585265,-0.21621621621621626,-0.9991048765347116
20,1998-12-31,-0.1792945086005472,-0.14693264939964112,-0.20326474077185053,-0.24351193402530136,-0.1373147632854712,0.5179891788749544,-34.617083946980856,-34.617083946980856,-32.33333333333333,-32.33333333333333,0.6635001055520371,-6.01770515185811,-4.0911674401999285,-6.636769964243148,2.8259635494472657,0.08188976377952772,-1.6831072749691738,-1.7030716723549488,-0.056057866184448524,0.08771929824561409,0.3269230769230769,0.050359712230215965,0.05116918844566709,0.0,-0.2931034482758621,0.1276713542243384
21,1999-03-31,0.0037708029189207353,-0.003956992146685101,0.02513117151963473,0.04336792485211838,-0.030778395271724768,0.7368830191487865,-1.4342854639446243,-1.4342854639446243,-1.4468085106382982,-1.4468085106382982,-1.6528553299492386,-1.0699280388818682,-1.0131618458922935,-0.9894935772056881,-0.9046503455546444,-0.017467248908296984,-0.18411552346570406,-0.18446601941747576,-0.036398467432950055,0.040322580645161255,0.0,0.04794520547945202,-0.034545930384715984,0.0,0.19512195121951212,-0.045365278868813814
22,1999-06-30,-0.06251427140737975,-0.2292667740494593,-0.08419970986460346,-0.2303309303289565,-0.025415990038085368,-0.5485545871592394,-0.7566158915901677,-0.7566158915901677,-0.75,-0.75,2.5735251239187478,-4.1474019088016965,-19.434538434538435,115.03522012578615,9.443898443898442,0.13037037037037025,-0.09734513274336276,-0.0892857142857143,-0.017892644135188873,0.17829457364341073,0.0,0.052287581699346435,0.03957712117104917,0.0,0.061224489795918435,0.001337173421106952
23,1999-09-30,-0.045789837152591766,-0.25195084970993364,-0.06068859862362086,-0.17572434859917474,-0.021839190392788588,0.010393870200547273,-0.20834484664271904,-0.20834484664271904,-0.19047619047619035,-0.19047619047619035,-0.3511069408181027,-2.9243598382749325,0.8906511805026656,-3.045095828635852,-0.9330399153074028,0.2280471821756225,-0.07107843137254899,-0.05228758169934633,0.002024291497975561,0.25,0.0,0.04347826086956519,0.02503259452411988,0.0,0.13461538461538458,-0.0924499229583976
24,1999-12-31,0.07482761126663462,0.27886902898641464,0.011210001217295096,0.4848859880802578,-0.017935986555648875,0.3645577812340164,3.6113438045375217,3.6113438045375217,3.5882352941176467,3.5882352941176467,-0.3385166712073265,-0.5028743178966413,-1.4811827144828142,-1.0593673140530913,1.6395842482799003,-0.053361792956243326,-3.74934036939314,-3.7034482758620686,-0.010101010101010057,-0.05789473684210523,0.0,0.04166666666666674,-0.08623759857542601,0.2922465208747516,0.016949152542372836,-0.13876627051499713
25,2000-03-31,0.3991039208213798,0.04119777993990903,0.6666187103871344,1.5806765534421343,0.051491109348018815,0.44997552131940094,0.4798849487189192,0.4798849487189192,0.5384615384615383,0.5128205128205128,1.3812254467114435,9.579596149330829,12.194788614483047,-2.3685714285714283,-0.8500915090677167,0.10259301014656153,0.14011516314779282,0.04081632653061229,0.04897959183673462,0.11731843575418988,0.2885375494071145,0.04571428571428582,-0.24832962138084635,0.18153846153846145,-0.1166666666666666,-0.5965304244973059
26,2000-06-30,-0.03083952392363609,0.2681610212075709,0.031839970967020285,-0.04472799640588265,-0.009521991865768964,-0.10726221910371693,-0.5850701992174514,-0.5850701992174514,-0.5833333333333333,-0.5847457627118644,-0.5745532922659358,-1.222955990545624,-1.1519636067742411,-7.322351252609604,35.85238623751388,0.20858895705521485,0.1144781144781144,0.022058823529411686,0.0,0.1499999999999999,0.033231083844580844,0.0382513661202184,0.02185185185185179,-0.02734374999999989,0.05660377358490565,0.32768729641693817
27,2000-09-30,-0.005047836794440208,-0.12482418394703855,-0.012103959283164212,-0.04298525448154589,0.01347179049789915,0.016916049120069943,0.17972265023112488,0.17972265023112488,0.17999999999999994,0.18367346938775508,-1.3707039434593615,-1.2462158681573003,-0.5505245028965084,-1.9750590760404092,-0.9486106091635546,0.16582064297800336,0.142749244712991,0.05995203836930463,0.011673151750972943,0.16521739130434798,0.041068777832755865,0.04210526315789487,0.01848495831823138,0.021419009370816644,0.03571428571428559,-0.08562315996074588
28,2000-12-31,0.01719521110367861,0.6274510842225105,0.015158052888423644,-0.1350568048937172,0.022407043856080836,0.71583067227257,0.6563397941591349,0.6563397941591349,0.6610169491525424,0.5862068965517244,-23.428631685507003,-6.982590458863957,9.583182388184477,-1.4963700630741226,9.162727095135768,0.11175616835994197,0.03304692663582287,-0.020361990950226398,0.024999999999999908,0.10074626865671643,-0.03897338403041828,0.03535353535353525,0.005338078291814653,-0.15727391874180874,0.15517241379310365,0.8816742688489403
29,2001-03-31,-0.029644725858663963,-0.10255876304760914,-0.07248284061277244,-0.11518088069027756,0.07917456519075383,0.4413637425870671,1.2478551602321477,1.2478551602321477,1.2448979591836735,1.3369565217391304,-0.6581173435037556,-0.9242588705351676,-0.8376286114896222,-0.2573822569984863,0.6695307844607192,0.02741514360313313,0.2687140115163149,0.3210161662817552,0.07504690431519713,0.0,-0.017804154302670572,0.034146341463414887,0.11185840707964599,0.012441679626749693,0.31343283582089554,0.014259232853272463
30,2001-06-30,-0.029680488886706824,-0.14621341764074602,-0.07516325273229972,-0.19708236252818934,0.06962028698214584,-0.5940302435390885,-0.5588780063424355,-0.5588780063424355,-0.7772727272727273,-0.7813953488372093,-0.5835460306284105,-2.485808286399376,0.27872374929052146,-3.3948207056932045,-0.9603933037050684,0.14803049555273184,0.060010085728693825,0.12237762237762227,0.08900523560209428,0.06779661016949133,-0.12084592145015095,0.03773584905660377,0.10251512257242924,0.10599078341013812,0.011363636363636465,0.06326444538169529
31,2001-09-30,0.0347119361229451,0.11871305544231547,0.028153984572434117,-0.021841627723980683,0.04709161684797869,-0.29453846688120755,-0.21112065400642555,-0.21112065400642555,-0.20408163265306126,-0.1914893617021276,-1.3458022930205529,-0.2012760367798837,-1.3290214852625684,-0.961169587838972,-0.9415697674418604,-0.133923630326508,-0.016650808753568058,0.0389408099688473,0.049679487179487225,-0.20317460317460326,-0.21878579610538373,0.03636363636363616,0.01183944556742711,0.08888888888888903,-0.0449438202247191,0.14372603464233769
32,2001-12-31,0.05273173500427575,0.16409021289194836,0.07621979272097623,0.005058207972628903,0.00919440154094775,0.3292228676446458,-0.01995967741935489,-0.01995967741935489,-0.05128205128205132,-0.1578947368421053,-2.0854851031321617,3.4999060238699373,2.5646741399800854,-10.083359061438717,146.37313432835822,0.019808306709265144,-0.09143686502177073,-0.05247376311844065,0.03053435114503822,-0.027888446215139414,-0.019061583577712597,0.035087719298245716,-0.041381278538812793,0.09693877551020402,-0.14117647058823535,0.15826589595375729
33,2002-03-31,-0.07590361397949064,-0.2968676631710753,-0.09612499872951764,-0.1520099968963884,-0.03593199346691023,0.06183222126892617,1.1547829664678049,1.1547829664678049,1.2162162162162162,1.5,5.585192483637131,-0.6335376486681216,-1.7711098496111877,-1.9212127391998912,-0.9149618526770644,0.018170426065162948,-0.14217252396166136,-0.11867088607594944,-0.04592592592592582,-0.012295081967213071,0.08221225710014934,0.033898305084745894,0.04346531705864831,0.2290697674418607,-0.273972602739726,-0.17087533685996606
34,2002-06-30,-0.03801182781146817,-0.2497924695428765,-0.04394453025006362,-0.11649468053342993,-0.02701685565430589,-0.21920495731811884,-0.2708126479798365,-0.2708126479798365,-0.2682926829268293,-0.2625000000000001,-0.11314644807575157,-1.350705228665052,0.06765836614978316,-1.1447441242666865,1.557364033346566,0.09353846153846156,0.05276225946617008,0.0574506283662477,-0.006211180124223614,0.14522821576763478,0.2458563535911602,0.03688524590163933,0.01141226818830243,0.11920529801324498,-0.056603773584905766,-0.1508366437943902
35,2002-09-30,0.0472647370136976,0.19508802729835328,0.07663733871877199,0.27061298797571154,-0.0062239278528331,-0.3948324511052048,-0.30121239100264474,-0.30121239100264474,-0.2833333333333333,-0.288135593220339,-0.8419657275071702,-6.5607734806629825,-1.6078343384372915,-0.9469793525363244,0.032288109282831316,-0.08272369161508153,0.028891509433962126,0.018675721561969283,-0.014062500000000087,-0.07608695652173914,-0.1352549889135255,0.03162055335968384,-0.05105782792665725,0.08875739644970415,-0.06000000000000005,-0.0593989225971081
36,2002-12-31,0.039221380686761176,0.11223729742870893,0.06561261164580001,-0.05325057955670565,-0.012845299839877478,0.8072226903937356,0.3812485947687927,0.3812485947687927,0.34883720930232553,0.2857142857142858,0.7806923898124143,0.11681423687209612,0.1557008066839527,52.355769230769226,1.6688721804511275,0.05828220858895694,0.11174785100286533,0.09833333333333337,0.0015847860538829028,0.07058823529411762,0.03846153846153855,0.034482758620689724,-0.05023781212841849,0.11956521739130445,-0.021276595744680767,0.17467972871137905
37,2003-03-31,0.1631037251973928,0.4434892605760712,0.17839749326399135,0.05354333562910063,0.130532891365575,0.16514523386498392,0.6528214867064568,0.6528214867064568,0.6896551724137931,0.7777777777777777,2.3410842754367933,-0.07767180815573604,0.8823364442297805,10.563795278428543,7.230955600631057,0.04869565217391303,0.03453608247422668,0.0015174506828528054,0.11550632911392401,0.04761904761904767,-0.0493827160493826,0.02962962962962945,-0.027856025039123652,0.05686546463245513,-0.0652173913043479,0.370156530664614
38,2003-06-30,-0.04128802405624976,-0.32214300212315594,-0.04050448292802755,0.09394235500153104,-0.043027365249802,-0.3617237571643073,-0.4846773796431562,-0.4846773796431562,-0.4795918367346938,-0.4791666666666666,-0.13507901718768026,-0.18035460992907806,-2.0980681046898537,-1.9581563875793824,-0.8417474997090695,0.09286898839137647,-0.05580468360737412,-0.08636363636363642,-0.03971631205673765,-0.020979020979021046,0.02272727272727271,0.03597122302158273,-0.0019317450096586477,0.005249343832020914,-0.09302325581395343,-0.3803726940724788
39,2003-09-30,0.0316052657533199,0.13062386524586733,0.009833961889797571,0.053238851434763035,0.08006163335513605,-0.15094555506736962,-0.10138557095078836,-0.10138557095078836,-0.11764705882352945,-0.09999999999999998,-1.9492160872528967,0.07680193821926108,-1.8639700894001296,-0.9051600048794372,-0.504455402716498,0.005563985837127028,-0.02585751978891826,-0.03316749585406309,0.07976366322008865,0.05000000000000005,0.0431746031746032,0.05208333333333326,0.047096774193548414,-0.012402088772845987,0.0,0.07359830739005613
40,2003-12-31,0.048757604663789415,0.15616842034462608,0.04287753734216637,0.04939805268588104,0.0609939055553419,0.6222084467563269,0.7535445909542038,0.7535445909542038,0.7777777777777779,0.6222222222222222,-1.617937709780657,-0.6170547868151648,-0.9116702729112864,-3.2190018864688734,2.258903631284916,0.0482897384305836,0.023835319609967653,0.032590051457976,0.07113543091655282,-0.030612244897959107,0.03530127814972617,0.04950495049504955,0.011706715958102354,0.07270323859881045,-0.05128205128205132,0.10163288288288276
41,2004-03-31,-0.014493049404535998,-0.17769483748166115,-0.029813345001802993,-0.037363390990955085,0.016843806327304426,0.3305698070072838,0.4163853570778839,0.4163853570778839,0.4124999999999999,0.5068493150684934,2.6775049264817343,0.484472049689441,-15.047412090082972,-2.2375376767910966,-0.8577971821931751,0.044145873320537536,0.024867724867724927,0.048172757475083205,0.0025542784163472554,-0.02456140350877201,-0.0311581422692534,0.0471698113207546,0.03166869671132755,-0.0012322858903266456,0.05405405405405417,-0.14579606440071555
42,2004-06-30,0.012998035401431185,0.11949999778916598,0.05696503181109192,0.08016796562646422,-0.07280766096169522,-0.39904152317401176,0.8670900528043386,0.8670900528043386,0.8672566371681416,0.8727272727272726,-0.8290774441307199,0.2519506954653399,-1.1323057883782417,-0.981639344262295,-0.11075532115275943,0.10018382352941167,0.5271037687145068,0.5261489698890649,-0.06242038216560498,0.09712230215827344,0.04490291262135915,0.057057057057056985,-0.08471074380165289,0.5243676742751389,0.0,0.036499626028421835
43,2004-09-30,0.04695661891900449,0.13830795663250184,0.10796118748860994,0.3201547332671051,-0.08876294867118173,-0.14458527260638301,-0.7272504911065758,-0.7272504911065758,-0.7251184834123223,-0.7233009708737864,-2.490032154340836,-0.7451223918345227,1.3191964285714284,7.028911564625852,-1.0,0.09022556390977443,0.0493576741041244,0.0031152647975078995,-0.08288043478260876,0.16393442622950816,-0.3013937282229965,0.053977272727272714,-0.12963560141889718,0.008498583569405138,0.0,-0.13782652619425595
44,2004-12-31,0.0402856326466321,0.13227504966126258,0.03497440505800986,0.052385162581612084,0.054652702249724516,0.6745203962166075,0.21273435529523851,0.21273435529523851,0.22413793103448287,0.2280701754385965,-2.1596892533448417,4.932134313812352,-0.4508455932902517,-1.0,inf,0.09693486590038304,0.002899484536082575,-0.04244306418219468,0.06074074074074076,0.1943661971830988,0.06733167082294278,0.05121293800539073,0.013708781030011163,-0.0573836276083467,0.0,0.07599598259122864
45,2005-03-31,0.10111288872426673,0.1310689206602631,0.19331755297660425,0.5509825995231046,-0.14365041981451332,0.27581485081013657,0.7656329435688867,0.7656329435688867,0.7746478873239437,0.7571428571428573,-0.1764049125418683,0.5188033932731944,1.882490402270072,inf,inf,0.022004889975550283,0.0934789592033407,-0.027027027027027084,-0.1410614525139664,-0.03537735849056611,0.028816199376947123,0.04871794871794877,-0.22222222222222232,-0.010217113665389466,0.0,-0.2706907280647169
46,2005-06-30,-0.1354482325205313,0.06634868211614607,-0.1447126085407724,-0.16043611036495575,-0.10117819832448847,-0.3882419553991091,-0.15819438264010674,-0.15819438264010674,-0.15873015873015872,-0.1544715447154471,-3.789567329417081,-4.712949760553824,-5.076654699171926,-2.0,-1.0,0.06937799043062197,-0.17420681551116324,-0.2388888888888888,-0.09918699186991876,0.2444987775061125,0.03860711582134746,0.05134474327628369,0.039473684210526334,-0.2498924731182796,0.0,0.2700511945392492
47,2005-09-30,0.1916781163931931,0.6506366485468813,0.4176686965376009,0.8059971530012238,-0.6037980512150198,-0.016737848054685145,-0.27718092632037195,-0.27718092632037195,-0.6415094339622642,-0.6346153846153846,2.9314691261782064,-0.9755045937163151,-2.346148246265079,-1.0,inf,0.18088846276765747,0.2792600498043398,0.005839416058394109,-0.6010830324909747,0.3104125736738703,0.5218658892128278,0.04883720930232549,-0.6672694394213381,0.002866972477064245,0.0,-0.0859926100100773
48,2005-12-31,-0.07831884470417716,-0.15554708965389852,-0.11065043474533663,-0.12363456350007418,0.328894537356742,0.0599936490655053,0.5667333462390569,0.5667333462390569,0.6052631578947367,0.5263157894736841,-1.3598190166433612,5.769272353767974,-1.336000358769,inf,inf,0.024086603518267857,0.4154616240266964,0.11611030478954998,0.33936651583710403,1.5667166416791605,-0.028256704980842876,0.04656319290465638,0.4415760869565217,0.1858204688393368,-0.05128205128205132,-0.03638368246968038
49,2006-03-31,-0.10959807437127587,-0.3663585251129442,-0.2100470008705353,-0.3638305640727628,0.7370876919778373,0.5339588727451694,-0.006589876302530272,-0.006589876302530272,0.0,0.01724137931034475,1.1894779783290153,-2.1795748215112845,1.3712520314990302,-1.933076327935331,-0.9330763279353308,-0.03461945031712477,0.05324165029469552,0.024707412223667014,0.7263513513513515,-0.2792056074766356,-0.14046328240512562,0.044491525423728806,0.9500471253534402,-0.007714561234329786,0.027027027027026973,-0.004004576659038861
50,2006-06-30,0.005079676355025597,-0.05789317737894217,-0.023207011166261005,-0.064899465287241,0.1135069558353985,-0.41595930428555816,-0.3931784574137288,-0.3931784574137288,-0.3934426229508197,-0.3898305084745762,-0.6994511762610034,0.11695011644911445,-0.9520766561597752,-0.9282763156013668,-1.0,-0.061045715849986415,-0.08561835478455515,-0.07487309644670037,0.11154598825831696,-0.4562398703403565,-0.04988532110091748,0.04462474645030445,0.10778153697438377,-0.06656948493683201,0.0,0.00746697300402066
51,2006-09-30,0.03322028662422505,0.035276551307183546,-0.036513738467057084,-0.14256633051866618,0.26770298395788994,-0.07327025122707563,-0.2758887699560455,-0.2758887699560455,-0.2972972972972973,-0.2777777777777777,0.6594849150588389,0.21454981876371404,2.6200082907282023,-1.0,inf,0.020991253644315092,-0.28620971032231746,-0.021947873799725737,0.267605633802817,-0.0804769001490313,0.10681955340977667,0.042718446601941684,0.22687609075043635,-0.0374804789172305,0.02631578947368429,0.20733561383504373
52,2006-12-31,0.05385996060779319,0.03443139822622565,0.04022500540229057,0.011669371249967142,0.08870554856939705,0.5196798982822239,1.2715206793520992,1.2715206793520992,1.2692307692307692,1.2692307692307692,-0.5488881461237489,0.509207781448691,-2.5720856553935416,inf,inf,0.13249571673329494,-0.1920548728208059,0.004207573632538431,0.08055555555555549,-0.10696920583468393,0.20828789531079608,0.040968342644320144,0.03307254623044087,-0.06057328285559771,0.0512820512820511,0.022509050842121736
53,2007-03-31,-0.021124310734926488,-0.2882001568180198,-0.0015575831883152258,0.02839747763199685,-0.0689024390243902,0.29046901631791244,-0.21606690389488115,-0.21606690389488115,-0.2033898305084746,-0.22033898305084745,2.2877295443979544,0.058735607097742726,-1.803887290429884,inf,inf,0.13161875945537085,-0.14432260346657233,-0.08798882681564246,-0.06812339331619544,0.047186932849364815,0.125,0.039355992844364966,-0.048537005163511227,-0.09038572251007483,0.0,-0.3078817733990147
54,2007-06-30,0.07882285152555846,0.3442194146912028,0.0473981288512686,0.014206054886252597,0.1611058713236837,-0.35769889562059465,0.8959164929880956,0.8959164929880956,0.8723404255319149,0.8913043478260869,-0.6110666766828251,-0.5917643237300417,-1.7264297687904917,inf,inf,0.13257575757575754,0.19140140553947926,0.2649310872894335,0.15999999999999992,0.21490467937608315,0.22101885278780584,0.037865748709122286,0.0759768451519538,0.26898734177215194,0.0,0.3254003558718861
55,2007-09-30,0.06818413755627062,0.07970701384770806,0.06790857898650926,0.10025155010091312,0.0688350051709341,-0.2265516300641113,-0.6932729660993264,-0.6932729660993264,-0.6931818181818181,-0.6896551724137931,-0.6871591528812944,1.6022156934753338,2.8341648995883753,-0.4078229658310488,0.5921770341689512,-0.026165650206570912,-0.05308813324080508,-0.03874092009685237,0.06896551724137923,-0.15977175463623394,-0.25394218134034163,0.036484245439469376,0.0006724949562877391,0.008977556109725615,-0.04878048780487798,-0.018627286457459258
56,2007-12-31,0.07159954490026997,0.024277793264095626,0.10037884512690297,0.22611655672322814,0.003681937653985612,0.6966658730368684,0.8404555808656036,0.8404555808656036,0.8518518518518516,0.8148148148148147,2.082186308334846,0.1445489827119839,-0.5726694536167998,-1.7388202166754163,-0.2747887673956262,0.09373737373737367,-0.07841700256504203,-0.0894206549118387,-0.0011123470522802492,0.022071307300509213,0.08850726552179644,0.0351999999999999,-0.06317204301075262,-0.06524962926347022,-0.02564102564102566,-0.16467168262653895
57,2008-03-31,0.02746476923502872,-0.1033469990447924,0.060137721478331185,-0.20667961993223227,-0.057070248717051575,0.3922934196780783,0.16375398122019247,0.16375398122019247,0.15999999999999992,0.16326530612244894,0.24938728378187314,0.04301229950370433,-0.8062502379049141,1.6391589418946415,-1.0,0.03620243812338386,0.01590457256461231,-0.005532503457814642,-0.056792873051224935,0.03820598006644516,0.08576051779935279,0.034003091190108366,-0.08249641319942602,-0.00370174510840815,0.0,0.13039918116683724
58,2008-06-30,0.1841875810703273,0.6703178481168619,0.14124294911403013,0.4195858617536907,0.3091099195140501,-0.3765860232112794,-0.2145348837209302,-0.2145348837209302,-0.2413793103448275,-0.2280701754385964,-1.163053011798214,0.5857083747918863,32.25173542894564,-3.0626843387059264,inf,0.20392156862745114,-0.2500978473581213,-0.2573018080667594,0.22195985832349446,0.2751999999999999,0.14381520119225044,0.03288490284005974,0.10555121188428453,-0.21390658174097665,-0.05263157894736848,0.17656646142701926
59,2008-09-30,0.03255551593726791,-0.2323570156342767,-0.11279580653180175,-0.4404187200179541,0.4011528598571805,-0.10832642234191292,0.7367081294795184,0.7367081294795184,0.6818181818181819,0.659090909090909,-14.773324078894095,0.4314909558556293,-0.8723988388077691,-1.9369066831213213,-0.9369066831213214,-0.223127035830619,0.09603340292275564,0.19475655430711591,0.4028985507246377,-0.3638644918444165,-0.034527687296416865,0.0318379160636757,0.3571428571428571,0.22957461174881846,-0.02777777777777779,0.3718639372017853
60,2008-12-31,0.07754793572797336,0.08650999932033221,0.07599702749566517,0.08893454223009489,0.08003826849797724,0.3728708276952728,-0.6518118879810391,-0.6518118879810391,-0.6621621621621622,-0.6575342465753424,-0.2345009175775952,-0.15318763874512564,2.045439110973916,-0.9326578430751694,-1.0,-0.4528301886792453,-0.23190476190476186,-0.1614420062695925,0.0792011019283747,-0.6094674556213018,-0.5657894736842106,0.03085553997194945,0.0023449713392391662,-0.10982976386600772,-0.05714285714285705,-0.002243913384943341
61,2009-03-31,-0.002012697990979584,-0.1903089145388931,-0.04237172628476482,-0.23103505823857096,0.0625503330824504,0.14802703985051768,1.1493655769517837,1.1493655769517837,1.2000000000000002,1.2000000000000002,0.16655146308548094,-0.4484975681257912,-0.9869801433248528,-1.0,inf,0.15639150121908751,-0.1475511469311841,-0.05794392523364489,0.06190172303765151,0.07070707070707072,0.2960372960372961,0.02993197278911564,0.06446581752014557,0.04996915484268971,-0.09090909090909094,0.05296300461036774
62,2009-06-30,0.06715216486007057,0.1648713054343034,0.12090970920280394,-0.44189370722525945,-0.010352899266271807,-0.49288777447097704,-0.6298945730834942,-0.6298945730834942,-0.6363636363636364,-0.6363636363636364,0.20138634161940505,0.08563064842134605,121.03931490852472,inf,inf,0.059036144578312966,-0.1978181818181819,-0.14880952380952386,-0.010216346153846256,-0.004716981132075526,0.07014388489208634,0.02906208718626146,-0.07252747252747238,-0.05111633372502933,-0.09999999999999988,1.0871422469030327
63,2009-09-30,0.0023819117061270045,-0.1650636645873952,0.016266335789347552,0.1053190300592246,-0.02029107861441937,-0.08268778356578721,-0.8908237943328955,-0.8908237943328955,-0.9,-0.9,-0.6693584373899089,-0.1585189433497115,-1.0979302689789137,-1.4259523774023766,-0.4259523774023767,0.06427758816837326,-0.4233907524932004,-0.4289044289044289,-0.020643594414086253,0.07582938388625604,0.21176470588235285,0.02824133504492932,-0.022643496577146042,-0.3733746130030961,-0.11111111111111116,-0.24462750716332385
64,2009-12-31,0.04703712875681077,-0.04792126614038639,0.06390483455253948,0.238788859121468,0.018464682353297682,0.5755254010633961,18.038157442420076,18.038157442420076,20.5,20.0,1.0499354792882598,0.7296128825525032,-0.16600983617236098,0.3476802878725296,-1.0,0.15285943345804376,0.14779874213836466,0.1306122448979592,0.018598884066955982,0.17621145374449346,0.9551548774849744,0.027465667915106184,-0.0272090517241379,0.22134387351778664,-0.08333333333333326,-0.2314570209307051
65,2010-03-31,0.10114990842261797,0.6081569006539445,-0.011798297894476615,-0.22987592096286116,0.3010106786051334,0.2692027079269941,0.5901375898306309,0.5901375898306309,0.5348837209302326,0.5476190476190477,0.5905484072166138,-0.3581107706423098,-20.36616418027025,-3.8728026430619615,inf,0.010894761242466357,0.028767123287671392,0.04693140794223827,0.18624467437614126,-0.0074906367041198685,-0.1333648616694254,0.02673147023086253,0.18139019662143466,0.13106796116504849,-0.045454545454545525,1.08822492508373
66,2010-06-30,0.03265357517485579,-0.206883041605244,0.0014938904427168607,0.01683215530852955,0.07453351118969254,-0.4102349761817515,-0.6593425310849941,-0.6593425310849941,-0.696969696969697,-0.6923076923076923,-0.2695842244193266,0.39883267591180016,-1.0469015305813791,-1.2304141215783706,-0.2304141215783706,-0.06145379500114656,-0.06657789613848207,-0.027586206896551783,0.03437660338635196,-0.2075471698113207,-0.13424283765347875,0.02603550295857993,0.040553211439287466,0.0042918454935620964,-0.04761904761904756,-0.2199805849829063
67,2010-09-30,0.02241898661580577,-0.1336902557254578,0.02653241796588679,0.07999341360673817,0.017266159776741397,-0.0006989884084421805,0.21740000000000004,0.21740000000000004,0.2,0.2,-0.28184683296382096,0.11403287558174192,0.39956144122452497,0.7911241907004121,-0.5362628377282948,-0.12387002198876128,0.08701854493580607,0.13475177304964547,0.01736111111111116,-0.1523809523809524,-0.12385754806177117,0.02537485582468291,-0.004956071187204425,0.15455840455840453,0.0,-0.1978789026567828
68,2010-12-31,0.02491170103186557,0.07788266631255403,0.03952975069080145,0.1521317904260493,0.00643311233641386,0.4425476518934464,1.001889272219484,1.001889272219484,1.125,1.0833333333333337,0.16768419303928894,0.10441539198767602,-1.2951675831771678,-0.1352427771497673,-1.0,0.13273842721695472,0.0013123359580053948,0.04062500000000013,0.006338371526084741,0.1123595505617978,-0.03237410071942448,0.02474690663667034,-0.018111840615802618,0.0616903146206047,-0.05000000000000005,-0.0644225580140313
69,2011-03-31,-0.008687263310604432,-0.2566659419764717,-0.033889239657669545,-0.32116271122844164,0.024218045562147017,0.22750243792057503,0.6721376499391354,0.6721376499391354,0.6078431372549018,0.6399999999999999,0.34868666749657673,-0.9896850410468818,-9.8479392173189,-1.7023869238525184,inf,0.1469719350073857,0.11664482306684132,0.129129129129129,0.0222868217054264,0.1414141414141412,0.08921933085501865,0.024149286498353458,0.03320267465990323,0.13422428820453236,0.0,0.09495998269521944
70,2011-06-30,0.0364253666311769,0.2988921675040135,0.044551895756319786,0.1647851352851908,0.02641682121591149,-0.23409653017198814,-0.28220522678009075,-0.28220522678009075,-0.2804878048780488,-0.29268292682926833,0.03321114305053752,66.6294193548387,-0.6187669830963052,-1.4285065066220388,-0.4285065066220388,0.0725477570294053,0.198356807511737,0.19946808510638306,0.026540284360189403,0.0486725663716816,-0.031058020477815695,0.02357984994640949,-0.009596072305289027,0.14241803278688514,0.05263157894736836,0.11517186882655085
71,2011-09-30,0.058562976538473636,0.21204801190915526,0.0556936044416243,0.2555001218130011,0.06215930209744625,-0.03518624641833812,1.0388130455591766,1.0388130455591766,1.0338983050847457,1.0517241379310347,0.06670778916918363,-1.1786891751633188,0.2926039063223178,-5.3042775617393065,3.2273524771221203,0.1388833299979988,0.4025465230166503,0.4057649667405765,0.06186518928901207,0.10970464135021096,-0.06340260655160268,0.023036649214659644,0.0033799008562416244,0.3699551569506725,0.049999999999999815,-0.03460289341600231
72,2011-12-31,0.13633400922308425,0.744396956113833,0.20932656183121034,0.3581769708423326,0.04540574220773719,0.4805862437633641,-0.4922364935108488,-0.4922364935108488,-0.5,-0.4957983193277311,-0.19470311185199665,-9.653433842999917,-17.700873675164708,0.9411976361723512,1.4819982562583602,0.07749077490774914,-0.0013966480446927498,-0.017350157728706628,0.04521739130434788,0.01520912547528508,-0.2538548326438511,0.022517911975435068,-0.07994610375028066,-0.04222585924713573,0.0,0.2843598996880543
73,2012-03-31,0.009833895283776872,-0.05059007155645645,-0.005026946899228779,-0.11054403597917783,0.0312491130632222,-0.09744996921027872,-0.2070647029038153,-0.2070647029038153,-0.2,-0.2,0.1000103996949422,-0.34061985622731183,-1.05856070253976,-1.1733553075619687,-0.10351025141623893,-0.16340508806262233,-0.1398601398601398,-0.1556982343499197,0.030782029950083386,-0.202247191011236,-0.18951612903225806,0.022022022022022192,0.02099096900170849,-0.10184552289815464,-0.04761904761904756,0.06738737022573571
74,2012-06-30,-0.012509102336621059,-0.2437178664240355,-0.009837653106869905,-0.026988596682366528,-0.016223374546090352,-0.24925771179660414,-0.5634622058721455,-0.5634622058721455,-0.5625,-0.5625,-0.11619185680070587,0.4647599514962799,-0.14312562544238605,1.675057819927246,-0.3088667861858703,-0.03606237816764124,-0.15609756097560967,-0.16730038022813687,-0.016545601291363954,-0.06103286384976525,0.07898009950248785,0.021547502448579614,-0.00358594310303606,-0.1248097412480973,-0.05000000000000005,-0.22272788114040956
75,2012-09-30,0.028523562239467063,0.011844558910900416,0.009361911800936262,0.17560471425905466,-0.021944548668022645,0.07771666410107647,0.16720727596514662,0.013578833555937251,0.0,0.0,0.28126225708682484,-0.07995084036404697,-7.62295268749822,-1.5385410783334057,0.2406735037026395,0.12901921132457028,-0.3998073217726397,-0.40410958904109584,-0.022158391464915942,0.14500000000000002,0.2974063400576368,0.021093000958772867,-0.049184261036468335,-0.4039130434782609,0.0,-0.13931462028586186
76,2012-12-31,-0.01643064338664324,-0.3054595265027969,-0.03667409783707698,-0.30340880506216583,0.010606287496515598,0.34535800712525777,0.5318766346992154,0.5072632008282874,0.5714285714285716,0.523809523809524,-0.40008587410696894,0.04386439943680287,-1.9976001238645749,-4.6862999774113385,-0.715091221513817,0.06734730431667567,-0.189406099518459,-0.14942528735632188,0.005874947545111198,0.09170305676855883,0.7649933362949797,0.020657276995305063,0.027504415846580917,-0.1852662290299052,0.0,-0.002934507136187814
77,2013-03-31,-0.0053535298064534284,-0.2295387790278421,-0.01725679592667695,-0.12464743674020318,0.00946134934597187,0.1406182687576436,0.9436026037776116,1.0868633042609437,1.0303030303030305,1.0625,1.0228367694520104,-0.19055182211438693,-0.9020797227036396,-0.9524444181827334,-0.11935953420669575,0.05118308441013597,0.16039603960396032,0.18918918918918906,0.008760951188986343,0.04400000000000004,0.2922225018877425,0.002759889604415866,0.014980353634577613,0.0823634735899732,0.05263157894736836,-0.11979933110367892
78,2013-06-30,0.028604539355027606,-0.12125694736137238,0.0157117868963017,-0.007918166926333403,0.04759839215683037,-0.06903662334872729,-0.13875239062600087,-0.13364919455388755,-0.14925373134328368,-0.12121212121212133,-0.00541868693487091,0.6458520264118821,-3.3577246510808787,5.609526000920386,-0.8958365819429284,0.18694125159642394,0.2474402730375427,0.2575757575757576,0.046732837055417635,0.17624521072796928,0.03447604207245813,0.0027522935779815683,0.018388579724171183,0.14309346567411074,0.09999999999999988,-0.11429439927046135
79,2013-09-30,0.069356961214454,0.6163458074706274,-0.0010341171837925376,0.09139611307135187,0.02624718058627007,-0.02594540965829117,0.09022716164814383,0.016118633139909692,0.035087719298245716,0.0,0.3118984406395551,-0.09215355797764202,7.656010158540457,-3.8351401218450825,24.38305389221557,0.16341627437794215,0.1833105335157319,0.1987951807228916,0.0252864480442514,0.1140065146579805,-0.07983430615703258,0.002744739249771477,-0.04038964124495137,0.12735166425470346,0.04545454545454541,0.4809952809952809
80,2013-12-31,0.011340440219899328,0.34515922686493283,-0.0038415752479973313,-0.0319448400353628,0.0316232799622409,-0.4538845396152373,0.284533671182146,0.3053503444525019,0.2881355932203391,0.2931034482758621,-0.5146607611845111,-1.489033577862587,-0.9867885696534048,0.035724722922811265,0.99492093598209,-0.0039306358381503426,0.1734104046242777,0.17839195979899491,0.030443159922928675,-0.0292397660818714,-0.1761817065684469,0.0027372262773721623,0.020054468927952485,0.34659820282413345,-0.13043478260869568,0.3895486935866983
81,2014-03-31,0.046389965413790035,0.09140171655017217,0.06166388490084573,0.4489234061252174,0.035561224034571286,1.391464644456573,0.6003444456246301,0.6682696063538909,0.6710526315789473,0.6799999999999999,1.3878208776086662,-3.2134741501066024,14.464728935336382,-0.8478626844720968,0.0758749871399329,0.09656453110492123,0.193103448275862,0.18763326226012803,0.029543754674644877,0.06325301204819267,-0.08693492300049678,0.0027297543221109772,-0.010194174757281682,0.1706387035271688,0.0,-0.2467375442985199
82,2014-06-30,0.1112234984978977,0.4335248176690096,0.023740012997438772,0.2513037642029534,0.023531748785980744,-0.20473379935764213,-0.3445184535520421,-0.42286659763883183,-0.4251968503937008,-0.4206349206349207,-0.27834890729502715,1.0812653422853704,10.145798576647731,4.6802362732415865,0.4005928749488901,0.09684589331075344,0.019818331957060176,0.019748653500897717,0.025426807119506067,0.06515580736543902,-0.11071817192600653,0.002722323049001885,-0.07896027464443356,0.046416938110749095,-0.05000000000000005,0.14562461947196548
83,2014-09-30,0.03317390858336111,-0.053436630201860624,0.04339037898223741,-0.3500339843935235,0.0307480816500616,0.09988254701920307,-0.04317826766186428,-0.11148475040794804,-0.1095890410958904,-0.12328767123287665,0.042667659403277325,-0.4294351000147433,-0.8727450657177991,-1.2819149374007095,-0.08063236453955812,-0.047187107980314565,-0.00890688259109318,0.0,0.03081827842720508,-0.06914893617021267,-0.09024166411746716,0.002714932126696823,-0.0023961661341853624,-0.015564202334630406,0.0,0.4563242825393759
84,2014-12-31,0.025608373998142756,0.02426019971837623,0.01850886890384773,0.3513063497596447,0.039637584449860215,0.21507871641527987,-0.7770344838012306,-1.1491958804728324,-1.1538461538461535,-1.15625,-0.21451606401418954,-0.4121261798991054,-1.1738220908678076,-0.08426523402143128,-0.08031374677981895,-0.11373303625683605,-0.2753267973856208,-0.2077464788732395,0.038831615120274776,-0.14,-0.12945527908540674,0.002707581227436861,0.013610888710968938,-0.3806324110671937,0.1578947368421053,-0.2420130710280993
85,2015-03-31,0.0830025943024808,0.3246098482242772,0.041167025689597285,0.2664686212849994,0.05257554581627222,0.007933799207615609,6.497982845713122,-12.794545701849835,-12.4,-12.4,0.6610006708284915,0.9850234472560452,-41.04034434022871,-8.504479801039443,0.655346199146301,-0.11564392640841048,-0.08229988726042847,-0.039999999999999925,0.0473040026463778,-0.14950166112956798,0.1815372730784086,0.0027002700270029045,-0.02790942601369151,-0.06636885768985312,-0.045454545454545525,0.04591211484593827
86,2015-06-30,0.038726441526985685,-0.012756468323894876,0.00015794394778545495,-0.022975155720815654,0.06540417960350009,-0.3888395861580506,-0.7117711422990668,-0.9680787881933032,-0.9649122807017544,-0.9736842105263158,-0.5521875193107284,0.0044418113909219245,-0.29758841033605665,-0.752667156689879,0.09791827164065636,0.12197958392557172,-0.3181818181818181,-0.1805555555555556,0.06506632975363225,0.0703125,0.1778358940830338,0.0026929982046677288,0.02573131094257852,-0.2590567327409433,-0.09523809523809523,0.010461564213081198
87,2015-09-30,0.012361621033381898,-0.09134857670158736,0.010248538532152908,-0.03898584633524127,0.006277955181424265,0.3320628661923384,0.5723563461809968,6.367593930635837,5.5,8.000000000000002,0.20343894613894764,-0.11193241045436364,-0.8955117057467343,-2.691958840808754,-0.15089801277425666,-0.16641713693423932,-0.25045045045045045,-0.10734463276836148,0.005338078291814874,-0.2153284671532848,0.17485428809325554,0.0026857654431511327,-0.006073409030895038,-0.21863468634686345,-0.05263157894736848,-0.05449952375036226
88,2015-12-31,0.01718079904187064,-0.005215613607969849,-0.006630612443600192,-0.19704757061736464,-0.01812350225282056,0.07588190948242257,-3.992796783494458,-4.299556231152083,-4.384615384615385,-4.25925925925926,0.2970256889074536,-0.09511597283528063,1.5105806225953131,-0.7920583994964159,-0.03695430556182056,-0.13871235147830885,-0.59375,-0.8006329113924051,-0.018289085545722616,-0.1441860465116278,0.0989841719820459,0.00267857142857153,-0.03480340063761955,-0.5702479338842975,-0.05555555555555547,0.23892952564495615
89,2016-03-31,0.005255587867693645,-0.04205251044082703,-0.06389840168254557,-0.4705479512301164,0.08140626504714342,-0.12198936855670105,-1.2947725992326078,-1.0418787477986908,-1.0454545454545454,-1.0454545454545454,-0.10041929515474136,-0.27931384678551896,-0.6109156769182543,-0.2717640740198233,-0.027944108036811688,-0.06512672441450118,-1.9349112426035504,-1.5396825396825395,0.02734375,-0.04891304347826087,1.2371023215821149,0.0026714158504006487,0.07569501789154964,0.0,-0.058823529411764726,0.8093049565155908
90,2016-06-30,0.052212140893440166,0.21217766252171488,-0.0076006805968477096,0.2514050143824107,0.10317592564770073,-0.766027787307662,-3.0447497879558947,-46.89158977998581,-39.75,-39.75,-0.2682535615635431,0.16761787601339084,13.251529257303135,-16.65605095541401,0.4500712180699229,0.23627316403568965,3.0253164556962027,5.0882352941176485,0.02573852003509813,0.20571428571428574,0.0,0.002664298401420906,0.048618219037870995,0.0,-0.1875,-0.031361131736292965
91,2016-09-30,0.007224288458523188,-0.1789747001498534,0.016282364710708874,0.17324669955260694,-0.0018960960494972532,3.3654170358579485,-1.3877283512253398,-0.9690077132749522,-0.967741935483871,-0.967741935483871,0.3156455798203246,0.7478410121335117,-0.9626610749531784,-1.7131785933507486,-0.22135544393329776,0.022345593337959716,0.09748427672955963,0.07729468599033829,-0.001996007984031989,-0.004739336492890933,0.0,0.0026572187776794376,-0.009028794533918916,0.0,0.0,-0.3002037399390798
92,2016-12-31,0.03914967269273095,-0.14810800584696948,0.13141181739425425,0.3006889461483999,-0.03075357446234217,-0.3191947205627185,-7.1438006390505535,22.946856287425145,21.4,21.4,0.0813941194699137,0.5959780869973381,8.576162839599629,0.3087871770185526,-0.3720660015226919,-0.05756177029595432,0.10744985673352424,0.3721973094170403,-0.03114285714285725,-0.05714285714285716,0.0,0.0026501766784452485,-0.06747106623984245,0.0,-0.15384615384615385,-0.3450462656020293
93,2017-03-31,0.011225546150882115,-0.31520621982377384,-0.0027758738053174077,0.11197927023265053,0.02714238446927708,1.3679971083472728,-1.380752487201217,-1.8543118807239083,-1.8482142857142856,-1.8482142857142856,0.7356053684668313,-0.5032073111834854,-1.225739489918109,-0.6877609447691757,-0.18500915236420967,-0.1159608182080093,-0.3648124191461837,-0.1895424836601307,0.024181657328221858,-0.08585858585858586,0.0,0.002643171806167466,0.015843675732770013,0.0,0.18181818181818188,-0.3841820342414507
94,2017-06-30,0.00494656543581895,-0.2037616428092748,0.0016418777791420425,0.515212748241674,0.007115892880668273,-0.23022251240358185,-0.7492194741206888,-0.7492194741206888,-0.7473684210526316,-0.7473684210526316,-0.4285794758137358,-0.141638624041877,-0.08896007885657964,0.6017975656944139,-0.36362029186935374,-0.07055564608114706,-1.0183299389002036,-0.592741935483871,0.007198387561186292,-0.09392265193370176,0.0,0.002636203866432263,0.0020795425006499,-0.9450549450549449,0.23076923076923084,-0.4744854202401373
95,2017-09-30,0.01657573248963007,-0.13883190400189396,0.03364562910141289,0.058664508905191814,0.004205420627840573,-0.0442615571441598,-0.4324758060594272,-0.4324758060594272,-0.4583333333333333,-0.4583333333333333,0.36780917610826136,-0.049545796919949536,-1.462722264140199,-0.7285089181147965,-0.1551269865675189,0.09870266479663403,5.777777777777778,0.27722772277227725,0.0040022870211549036,0.09146341463414642,29.109541654655523,0.002629272567922891,-0.012191958495460398,5.949999999999998,0.0625,-0.18659050727594184
96,2017-12-31,0.8469348840212183,0.3548187564213974,0.6932987965952899,-0.1414532150643194,1.187966496212837,0.7102283311096405,53.84451585261353,53.84451585261353,41.92307692307692,41.769230769230774,0.059516176331708026,3.6032268598174033,49.70267359936007,2.787117338319105,-0.6953519536436167,-0.046912398276687466,30.409836065573767,-7.0852713178294575,0.4339407744874717,-0.05027932960893855,-0.9046912398276687,0.002622377622377714,0.18487394957983166,31.1294964028777,0.0588235294117645,0.5781641865908711
97,2018-03-31,-0.06402748212860898,0.024526785061755433,-0.03055521020857865,-0.1002737298100933,-0.12037101964936235,0.2694596408704262,-2.2389890873240628,-2.2389890873240628,-2.0734767025089607,-2.077338129496403,1.121409437848032,-0.6476185182020097,-0.9950903798508364,-1.187563755974102,0.4281098326714863,-0.1347731458228696,-1.1356993736951984,-1.1388535031847131,-0.12212073073868145,-0.39411764705882346,-0.9748535074501924,0.0026155187445509047,-0.060283687943262436,0.0,0.0,0.13867994490941848
98,2018-06-30,0.04816391630301675,0.4944951287407235,0.1385534996987534,1.1252764558807082,-0.0031613163243550124,-0.26431116998457715,-1.0112270286016214,-1.0112270286016214,-1.011686143572621,-1.011686143572621,-0.29599341892854136,0.07459773308406993,93.39377085650723,6.732253000776953,2.3179264385736422,-0.007546439628483005,-0.04999999999999993,-0.04587155963302758,0.0006785795068988687,0.12621359223300965,0.0,0.002608695652173809,-0.049056603773584895,0.0,-0.05555555555555547,-0.2967994045403796
99,2018-09-30,-0.010423527377542263,-0.3066881849403531,0.014952601457235868,0.12300641317555105,-0.05814637765006636,0.0987976345229935,-3.229192407053802,-3.229192407053802,-3.1428571428571432,-3.1428571428571432,0.4202119639648696,0.048663346486970786,-1.8382708775237648,-2.4214641648723467,-0.9930447314736288,-0.010528368102943995,0.11336032388663965,0.09615384615384626,-0.022603978300180797,-0.008620689655172377,0.0,0.002601908065915204,-0.048115079365079416,0.0,0.0,-0.3826409102937285
100,2018-12-31,-0.2770278028628749,0.5953114141729936,-0.2154319810522988,-0.11000250937614796,-0.0038132120625353756,-0.21411029709976093,15.040284181089866,15.040284181089866,15.733333333333334,15.733333333333334,-0.4129315931374176,0.31593715982290416,-2.136185785845825,-0.9980264780856838,-0.28177136972193617,-0.3686699507389163,6.2,6.4298245614035086,-0.005319148936170359,-0.3565217391304347,0.0,0.0025951557093424338,0.3778009379885359,0.0,0.0,0.7925417916845263
101,2019-03-31,-0.01841864118466452,-0.2993520722316091,-0.05766786522539169,-0.07197916264154458,0.016550028293805585,0.2552078300817793,-1.299505094339919,-1.299505094339919,-1.2988047808764942,-1.2988047808764942,0.641255985502933,-0.7060034422424113,-1.6373255797968134,-28.309210526315788,10.713794092342988,-0.39169787765293385,-0.7888888888888891,-0.7756788665879575,0.014647756335735897,-0.3918918918918919,0.0,0.0025884383088869978,0.035741301059001314,0.0,0.0,-0.2449784791965568
102,2019-06-30,0.006866478020677302,0.1580025520980899,0.0033450734269431237,-0.2984236944575358,0.009774778025901876,0.14615373176238422,-0.3415210995799487,-0.3415210995799487,-0.3466666666666667,-0.3466666666666667,-0.4909300838873988,0.06471777949996094,-0.8707411825356937,-1.2857678203378031,-0.26137198256867256,-0.0728578758337608,-0.22248803827751185,-0.1578947368421052,0.008936755270394059,-0.08888888888888903,0.0,0.0025817555938039143,0.002921307285010055,0.0,0.17647058823529416,0.6505146476642916
