,Quarter end,Assets,Current Assets,Liabilities,Current Liabilities,Shareholders equity,Revenue,Earnings,Earnings available for common stockholders,EPS basic,EPS diluted,Cash from operating activities,Cash from investing activities,Cash from financing activities,Cash change during period,Cash at end of period,Price,ROE,ROA,Book value of equity per share,P/B ratio,P/E ratio,Cumulative dividends per share,Equity to assets ratio,Net margin,Asset turnover,Current ratio
0,1995-12-31,0.03274135788935184,,0.07730696334949673,,-0.032149559182806375,0.017310022503029154,-56.42105263157895,-56.42105263157895,-52.0,-52.0,-0.5824407374890255,-2.0380339844370337,-3.2259744925453564,-3.2965465465465464,-0.3344212904845594,0.08813928182807396,0.13677811550151994,0.3234501347708893,-0.0318518518518518,0.08108108108108114,-0.2537977028529084,inf,-0.0626614987080103,0.3658675799086759,-0.0625,
1,1996-03-31,0.03274135788935184,,0.07730696334949673,,-0.032149559182806375,0.017310022503029154,-56.42105263157895,-56.42105263157895,-52.0,-52.0,-0.5824407374890255,-2.0380339844370337,-3.2259744925453564,-3.2965465465465464,-0.3344212904845594,0.08813928182807396,0.13677811550151994,0.3234501347708893,-0.0318518518518518,0.08108108108108114,-0.2537977028529084,inf,-0.0626614987080103,0.3658675799086759,-0.0625,
2,1996-06-30,-0.032308399971693436,,-0.05562885914857396,,0.005999634168648349,0.017310022503029154,-56.42105263157895,-56.42105263157895,-52.0,-52.0,-0.5824407374890255,-2.0380339844370337,-3.2259744925453564,-3.2965465465465464,1.153904187099208,0.04700000000000015,0.13677811550151994,0.3234501347708893,0.0061208875286917755,0.08108108108108114,-0.2537977028529084,1.0,0.03928325292901436,0.3658675799086759,-0.0625,
3,1996-09-30,0.20829356939401575,,-0.07846031016379162,,0.8513642920348619,0.09094776246384216,-0.2934472934472935,-0.2934472934472935,-0.4705882352941176,-0.4705882352941176,2.688393608074012,-5.541191769295494,-5.125564880568109,-0.8273945733899968,0.09246935201401052,0.10458452722063027,0.13677811550151994,0.3234501347708893,0.31939163498098866,0.09999999999999988,-0.2537977028529084,0.5119047619047621,0.5324933687002653,0.3658675799086759,-0.0625,
4,1996-12-31,0.26242302280189445,,0.10977946967708063,,0.4588102034937014,0.13561569055603218,0.5891577060931901,0.5891577060931901,0.2222222222222221,0.2222222222222221,-0.624786227340098,-0.5602270621725874,0.2416477583913621,76.0094696969697,6.518275088169285,0.16731517509727634,0.13677811550151994,0.3234501347708893,0.10720461095100853,-0.11363636363636365,-0.2537977028529084,0.3464566929133859,0.15556036347901347,0.3658675799086759,-0.0625,
5,1997-03-31,0.3016846687473333,,0.4041020545757781,,0.25850624082726315,0.2739321521768987,0.3724274034395263,0.3724274034395263,0.15151515151515138,0.15151515151515138,2.851109085384381,0.9871686839282978,-0.917703771385362,-1.8357639999016253,-0.7245996716347897,0.09962962962962972,0.13677811550151994,0.3234501347708893,0.0733992712129099,-0.006410256410256388,-0.2537977028529084,0.2573099415204678,-0.03313986144916692,0.3658675799086759,-0.0625,
6,1997-06-30,-0.02149793104972297,,-0.1378099016907175,,0.071325658692458,0.055468707886367374,0.2847165160230074,0.2847165160230074,0.10526315789473673,0.10526315789473673,-0.19685971279785386,-0.25093965035369403,5.813552833078102,-1.2033663890768913,0.5350727779498297,0.010778039744021584,-0.05481283422459904,0.3234501347708893,0.07032007759456826,-0.0580645161290323,-0.2537977028529084,0.20000000000000015,0.09488768396591807,0.07814458838278315,-0.06666666666666654,
7,1997-09-30,0.12502940595270573,,0.07297651150975115,,0.1643619925167441,0.12231869254341166,0.7535976974736169,0.7535976974736169,0.6904761904761905,0.6904761904761905,-0.21544356027114653,0.017214759919715883,-0.025313255042984758,-0.5444942844740269,-0.052756342361426345,0.09230256581139627,0.25742574257425743,0.3234501347708893,0.04893520616221103,0.02054794520547953,0.16236345580933453,0.17829457364341073,0.034842589317297445,0.3306201550387595,0.0,
8,1997-12-31,0.2359440606232959,,0.4174991121593197,,0.14047727279224875,0.1132195676905574,-0.3410230692076228,-0.3410230692076228,-0.3943661971830986,-0.14084507042253513,1.010894064613073,2.3587564190129267,1.9463292306805409,-5.605781448538755,-0.7720036206804749,0.0726052471018912,-0.007874015748031593,-0.010183299389002087,0.03628509719222461,0.020134228187919545,-0.1836821870995301,0.14802631578947367,-0.0772517518372926,0.009903874162540129,0.0,
9,1998-03-31,0.14438947802960067,,0.15612643777844148,,-0.0005489891330233698,0.13788169889220447,0.09658226096582267,-0.02449149024491493,-0.023255813953488413,-0.3114754098360656,-0.14795441808331775,-0.2919751459235549,-0.20153203478873385,-1.0891095937650872,0.3017281644091545,-0.030432309442548162,-0.013605442176870873,-0.01851851851851849,-0.0008336807002917722,-0.06578947368421062,-0.15855572998430145,0.1289398280802292,-0.12669012780144484,-0.03201615229304877,0.0,
10,1998-06-30,0.06895205880439725,,0.1128277647817124,,-0.004221261311876723,0.13823825262250322,-0.04757097791798104,-0.05347517730496454,-0.04761904761904756,-0.04761904761904756,0.06263246364101449,-0.6086822398093779,-0.7347856451474569,-1.465170278637771,-0.10782203085755293,-0.05133470225872694,-0.04942528735632179,-0.08595387840670854,-0.004589069670421386,-0.049295774647887265,-0.06902985074626855,0.12690355329949246,-0.06829268292682923,-0.102502979737783,0.0,
11,1998-09-30,0.01816632828620901,,0.047030450706405436,,-0.0057378473752748285,0.030520136346420926,-0.11526232114467405,-0.13037614266446873,-0.1250000000000001,-0.15000000000000002,0.4100412654745529,-0.2239649876315003,-0.7161600295666636,2.1647254575707158,-0.38246531268851797,-0.06555349412492284,-0.18621523579201935,-0.20871559633027514,-0.005448449287510425,-0.05925925925925935,-0.05678022712090858,0.11261261261261254,-0.023446391987252516,-0.2383798140770253,0.0,
12,1998-12-31,0.012564195628503194,,-0.01865341558035893,,-0.012502058342938938,0.013383969863097532,-0.3745133273435161,-0.43098397380665177,-0.4285714285714285,-0.5,-0.4971710077065652,-0.2798795011909766,0.5830078125,-0.7250262881177707,-0.1703028329534354,-0.0029781601588352307,-0.14115898959881135,-0.15362318840579714,-0.01896333754740831,0.0,0.20538243626062336,0.10121457489878538,-0.024941724941724863,-0.20575414123801214,0.0,
13,1999-03-31,0.02534353012891244,,0.06014860386233978,,-0.0024243201641868106,0.024238394584139344,1.0239406272444338,1.3086008479709266,1.2999999999999998,1.6470588235294117,0.8236492385294403,0.4392450627492948,0.07803824799506476,-0.4206500956022945,-0.11891679748822605,-0.13806837039495526,0.031141868512110763,-0.010273972602739769,-0.026632302405498298,-0.11811023622047236,0.14747356051703894,0.09191176470588223,-0.027014104709538574,-0.021953896816685026,0.0,
14,1999-06-30,0.06428018936353053,,0.14546237958924554,,-0.020280052976045067,0.029743287105340913,0.04991719895907254,0.1334120425029517,0.08695652173913038,0.0888888888888888,0.011968085106383029,0.26787886981208603,0.7204577968526467,0.4851485148514851,-0.20044543429844094,0.3442433577204467,0.09563758389261734,0.02076124567474058,-0.06751985878199472,0.375,0.3143881208397337,0.09259259259259256,-0.07936117936117948,0.05836139169472498,0.0,
15,1999-09-30,0.11083618125046102,,0.012685403982096277,,0.009047980281860156,0.08158060633847207,0.4728481297881928,0.4958333333333334,0.44,0.4489795918367348,0.2353745072273325,1.8485898597856798,3.7620156327956096,-6.651111111111112,1.4167130919220057,-0.010885133199656116,0.2894333843797856,0.16271186440677954,0.007572172266919086,0.05844155844155829,-0.07245812232177651,0.0847457627118644,-0.09180677875633836,0.233828207847296,0.0,
16,1999-12-31,-0.059505491684122336,,-0.1379021470895645,,0.008524619162573854,0.04681414756921454,0.006731431194064053,0.009285051067780879,-0.01388888888888895,-0.02816901408450712,-0.0538229162234608,-1.4976792498736688,-1.7847430793229493,2.149823043649233,1.8464730290456437,-0.019982623805386512,0.3016627078384799,0.21865889212827996,0.0065758572099576815,-0.024539877300613355,-0.2192356152876942,0.07670454545454541,0.07258301498677633,0.2428018908465837,0.0,
17,2000-03-31,-0.005601927115642891,,-0.022863376656712453,,0.009706133461269584,0.0006074104069648811,-0.03122863004330978,-0.031508739650414015,-0.014084507042253502,0.0,-0.009263422969691515,-0.7218472068142076,-0.613015679933542,0.3405742821473159,0.8696145124716552,0.017730496453900457,0.11587591240875915,0.07416267942583743,0.009332711152589823,0.012578616352201257,-0.20817643894566973,0.0725593667546176,0.015342465753424685,0.07676348547717837,0.0,
18,2000-06-30,0.09136451330131146,,0.2262926434543984,,-0.0003218752554565718,0.07274382840955074,-0.1942745098039216,-0.19702366817066408,-0.19999999999999984,-0.2028985507246376,-0.3480846042120552,-5.379233421212736,-2.248514585809024,-2.6622276029055687,-0.7731525599930694,0.16144018583042974,0.025347506132461284,-0.0022271714922049712,-0.014794267221451718,0.14906832298136652,0.05298913043478248,0.07503075030750295,-0.08418780356179167,-0.01669877970456002,0.0,
19,2000-09-30,0.06618144535925796,,0.14602475728526731,,0.0005391868755271201,0.11661793831934353,-0.002336221162270058,0.010350946372239768,0.0,-0.018181818181818188,1.165703543827891,0.28416844185113144,0.6448265274792755,-1.083309989355146,0.28394118770288324,0.23125,-0.059011164274322285,-0.07812499999999989,-0.015016424213984081,0.2486486486486485,0.20387096774193547,0.06979405034324926,-0.06157925751325865,-0.10875244937949068,0.0714285714285714,
20,2000-12-31,0.042853133199096886,,0.0882217953446609,,0.00034223746682982004,0.04383631065501081,0.08117865157576354,0.08117865157576354,0.0714285714285714,0.11111111111111094,-0.2071304571465312,-0.4179658857328317,-0.5588553722093631,-1.0833893745796908,-0.01844140392623439,0.0990862944162436,-0.04491525423728815,-0.08958837772397099,-0.0023820867079560326,0.1168831168831168,0.17416934619506974,0.06524064171123012,-0.040502354788069184,-0.09563942836203733,0.0,
21,2001-03-31,-0.002196826615303405,,-0.020543092183963,,-0.002244207570051726,0.01367479872152777,-0.0028878260084830303,-0.0028878260084830303,0.0,-0.01666666666666672,-0.07241616997121192,-1.1335192069392812,-2.0203952100875897,-43.153225806451616,0.791969696969697,-0.049510437834841985,-0.03549245785270616,-0.08244680851063824,0.01098376313276028,-0.046511627906976834,-0.013235965312642595,0.07028112449799195,-0.0003272251308900076,-0.08995137763371153,0.0,
22,2001-06-30,0.06246046818182172,,0.1245519839536271,,-0.002210872168599498,0.01865895030931952,0.04326183365010405,0.04326183365010405,0.03333333333333344,0.033898305084745894,0.1989334265856537,-13.221191028615625,-3.173792245490359,-0.8394872775970921,0.07093937600405842,-0.09368318756073857,0.033118675252989734,-0.011594202898550844,-0.0028341993386868936,-0.105691056910569,-0.054116558741905685,0.06566604127579723,-0.060883797054009814,-0.012466607301869992,0.0,
23,2001-09-30,0.011094823691131685,,0.0163312419764019,,0.007991136916180253,0.014066020178274076,0.29253058037650725,0.29253058037650725,0.30645161290322603,0.2950819672131149,0.1326381799620826,-0.6810150613846349,-1.118044295225196,-1.3873659117997617,-0.02565924522343277,0.09028522410465367,0.10507569011576147,0.0762463343108506,0.010895310279488424,0.09545454545454546,0.06259168704156481,0.06161971830985924,-0.002788428023701495,0.08205590622182135,0.0,
24,2001-12-31,-0.032417054160883696,,-0.05280556990257879,,-0.016407665221550568,0.01841083399339305,-0.2569971139002618,-0.2569971139002618,-0.2592592592592593,-0.2784810126582279,-0.43668319062640826,-2.3466650795540214,8.266483516483516,17.15692307692308,-0.4781622234827,-0.05055074744295829,0.0024174053182917103,-0.008174386920980936,-0.07450796626054358,-0.06224066390041505,-0.14219972388403124,0.05804311774461012,0.016427822439706308,-0.016249999999999987,0.0,
25,2002-03-31,0.008300375040053877,,0.020327490421317318,,-0.006821021264928229,-0.05269747325290231,-0.999944896115628,0.02041553748870828,0.01666666666666661,0.07017543859649122,0.5286285714285714,-1.4787271655863288,-0.8242967510158525,-1.0725300796475177,0.06645962732919264,0.03542573026724671,0.009646302250803762,-0.2362637362637363,0.04506329113924057,0.11946902654867265,0.047210300429184386,0.06034482758620685,-0.01513067400275103,0.0059296908089792036,0.0,
26,2002-06-30,0.01927649006746024,,0.02399377403665559,,0.021728712737197897,0.02092594817573801,35012.114754098366,0.890757790368272,0.8852459016393441,0.8688524590163933,-0.3043998355201675,0.016678975873953616,-0.9709181141439206,3.1962616822429912,0.2615026208503204,0.058823529411764726,0.19984076433121034,0.25899280575539585,0.043120155038759655,0.011857707509881577,0.05071721311475419,0.05691056910569125,0.0024441340782124232,0.2016842105263157,0.0,
27,2002-09-30,-0.007075873890186379,,0.01704415671432069,,-0.05493684760581685,-0.042916266206382565,-0.5030433561194869,-0.5030433561194869,-0.4956521739130435,-0.5,0.2109307824591573,-0.7307343059507234,82.96587030716724,-4.628619153674833,-0.7521929824561404,-0.07029478458049887,-0.05972130059721304,-0.08857142857142875,-0.05712958662331635,-0.10546875,-0.22866894197952226,0.053846153846153884,-0.04806687565308265,-0.05956552207428156,0.0,
28,2002-12-31,0.19390859202529745,,0.17860920058094032,,0.3251787578252907,0.03301567783584392,0.9692283776144714,0.9692283776144714,-0.1206896551724137,-0.1228070175438596,-0.20836107043003596,9.904451438848922,-2.50719453702951,-1.9843486266687127,2.9878900791802514,-0.015447154471544766,0.10585744530698672,0.16614420062695934,0.15270935960591125,0.04366812227074246,0.059418457648546134,0.05109489051094896,0.1097694840834249,0.19485842026825614,-0.06666666666666654,
29,2003-03-31,0.005679944978620011,,0.011211585767245236,,-0.005536174422060003,0.1703963813831686,-0.5105110234295422,-0.5105110234295422,-0.03921568627450989,-0.040000000000000036,0.6637515416526516,-0.6895243593179803,-1.3455771305285869,-0.7186282151208105,0.21081523008642836,0.07246077621800184,-0.07594128908742814,0.1370967741935485,-0.006410256410256388,-0.07112970711297073,0.0990453460620524,0.04924242424242431,-0.011210023079459286,-0.05924540068599926,0.0,
30,2003-06-30,0.005700660677473657,,0.016283728377634477,,-0.009044319005145351,-0.009288922790066987,0.04095396344443358,0.04095396344443358,0.04081632653061229,0.04166666666666674,-0.31188085450502057,0.10312769772229237,-0.5845949742469174,-1.8382271468144045,-0.14594386032603454,0.07410972088546662,-0.21132596685082886,-0.2056737588652482,-0.011182795698924776,0.08108108108108092,0.12595005428881634,0.04693140794223805,-0.014671557185728656,-0.1982101425256878,0.0,
31,2003-09-30,0.012733942938066845,,-0.0007933867951668282,,0.04558888831517538,-0.003592998785224233,-0.1305164319248826,-0.1305164319248826,-0.13725490196078427,-0.14,0.15796689844285572,0.6182277871418251,-1.8979898553447303,-2.0218109715796433,0.17461034560650554,0.09014336917562726,-0.09281961471103327,-0.0714285714285714,-0.03392779469334484,0.10416666666666674,0.430568948891032,0.04482758620689653,0.03248730964467006,-0.06655642827614716,0.0,
32,2003-12-31,0.04188041451864022,,0.0066512961817466465,,0.16484608334255155,0.009169428370280121,-0.1570194384449244,-0.1570194384449244,-0.3636363636363635,-0.3023255813953488,0.25050744248985124,2.1463060784167847,10.24539748953975,-1.8111254851228982,-0.12057692307692305,0.0396186092388624,-0.2915057915057915,-0.2692307692307692,0.16208914903196758,0.07547169811320753,0.1159420289855071,0.04290429042904287,0.11832186168469372,-0.2829937998228521,0.0,
33,2004-03-31,0.20897808817029628,,0.3744894219854669,,-0.03307947586997484,0.1877626720661552,-0.17371252882398158,-0.23622854214706634,-0.07142857142857151,-0.1333333333333333,0.21587988637900726,0.2516818595632486,0.35529179766710706,-3.345295055821372,0.9362562869013776,0.006325110689437086,-0.14713896457765674,-0.15789473684210542,-0.0344827586206895,-0.1333333333333333,0.12413168227121707,0.04166666666666652,-0.2004689331770223,-0.15194564546016054,0.0,
34,2004-06-30,0.030389569125407467,,0.06361684072258122,,-0.01984061565011208,0.04141477809930372,-0.1142635658914729,-0.1236162361623616,-0.11538461538461542,-0.11538461538461542,-0.3466459005451107,-0.6974288251185461,-0.9662736269920796,-3.068344100646039,-0.3434976565588119,0.004714016341923255,-0.18849840255591066,-0.203125,-0.022471910112359602,0.040485829959514115,0.1528747984954324,0.040000000000000036,-0.04875366568914952,-0.20684632192279684,0.0,
35,2004-09-30,-0.0019407385116082527,,0.02012806825415869,,0.03503071315718365,-0.0036452673425313438,5.13162961666375,5.610909090909091,5.565217391304348,5.478260869565216,0.2097309722458709,-3.5512924575424574,-43.95645095645096,-1.755877034358047,0.3954928608291759,0.09634031904910856,0.8346456692913387,0.7712418300653594,0.034893267651888486,0.12062256809338524,0.3390817991144257,0.038461538461538325,0.03737957610789966,0.7961432506887052,-0.07142857142857151,
36,2004-12-31,0.031683592159599934,,0.038169574464419036,,0.02215887383548365,-0.05362270819527282,-0.07222380816443053,-0.07324416652191534,-0.07947019867549676,-0.07382550335570481,0.19184348499243464,-1.8428961247139728,-1.2788694762373989,-2.213571117877338,-0.3439349112426036,0.12039942938659087,0.4517167381974248,0.3653136531365313,0.017453391511304872,0.08333333333333348,-0.4004524886877827,0.0370370370370372,-0.00928677563150071,0.4018404907975461,0.0,
37,2005-03-31,0.006210939208927124,,0.004766165635981867,,0.025636038607962156,0.1279833109645796,-0.17301538461538454,-0.1756528801699363,-0.17266187050359716,-0.1811594202898551,0.1361341560627085,-0.8453632193252425,-1.88190126728502,-1.335663082437276,0.17596768132281104,-0.02673796791443861,0.2431633407243161,0.23783783783783785,0.025341130604288557,-0.04487179487179493,-0.339622641509434,0.03661844484629295,0.019122609673790647,0.2301239970824216,0.0,
38,2005-06-30,0.0068884279072769505,,-0.002769289328253377,,0.030141729946325583,0.020369627914796684,0.4465156081407895,0.4547728220091705,0.4434782608695653,0.4513274336283186,-0.2685671222909413,-3.113969207660533,0.15984127595638942,9.97650827549386,1.6424862187425102,0.011381475667189944,0.300832342449465,0.3165938864628821,0.02889733840304176,-0.013422818791946291,-0.19648351648351647,0.0353249018752726,0.023178807947019875,0.3101096946338573,0.0,
39,2005-09-30,-1.3800127851459896e-05,,0.0058470687957803405,,-0.00999497369996516,0.03706144798215383,-0.7750141468182521,-0.7848658504818964,-0.7831325301204819,-0.7865853658536586,0.4219277365260952,-2.3803623767652544,-0.2476250581279479,-1.66690986915706,-0.41453017293505867,0.13827447936877513,-0.21343692870201086,-0.2056384742951908,0.0,0.1054421768707483,-0.1466083150984684,0.034119629317607585,-0.010068320747932513,-0.22471147318397824,0.0769230769230771,
40,2005-12-31,-0.003131781910453713,,0.020356159401093255,,-0.0606383494753181,0.09085798093375708,-0.4039099119698182,-0.4278968398111152,-0.4166666666666666,-0.4285714285714285,-0.5513329835344677,-0.625969179294148,-0.4985210365988256,-0.633287141711035,-0.2596436870642912,-0.012613636363636329,-0.25624636839047066,-0.25678496868475986,-0.061714708056171415,-0.012307692307692351,0.2378205128205129,0.03299389002036657,-0.057755176171449214,-0.3064798598949212,0.0714285714285714,
41,2006-03-31,0.02566885039454481,,0.0444604588140276,,-0.006311890348333016,-0.03548300356286549,0.9796701189106252,1.0812698412698412,1.0476190476190474,1.15,1.4125410703346883,5.294856356442456,-3.1950875957390616,-0.019888623707239428,-0.3437260235753644,0.1692945103003798,-0.2031250000000001,-0.2134831460674157,-0.006695549428909042,0.2461059190031152,0.5846711548420509,0.033123028391167215,-0.030840400925212005,-0.23358585858585856,0.0,
42,2006-06-30,0.013703592436334457,,0.006246682835394646,,0.04067555863502514,0.016251001893433425,1.1809726797132338,1.2394752898108603,1.2325581395348837,1.2093023255813953,-0.40143576012187804,-0.6067719720157412,-0.9013395363760328,-0.921469155844156,-0.041130832181953465,0.04724409448818912,-0.26078431372549016,-0.2678571428571428,0.02934179222839028,0.05499999999999994,0.3271241830065359,0.032061068702289974,0.026252983293556083,-0.2855573860516201,0.0,
43,2006-09-30,0.05637123944053979,,-0.0030959400921904967,,-0.013475769913213087,0.04636170358685954,-0.4457622601279317,-0.5147800027244245,-0.5208333333333333,-0.5263157894736842,1.6319077551964831,4.595142122454654,45.29634146341464,-55.57364341085271,2.3409443582354243,0.1283834586466166,0.06631299734748007,0.05853658536585371,-0.022342064714946156,0.09478672985782001,0.5318886973651811,0.03106508875739644,-0.06589147286821695,0.02536510376633361,0.0,
44,2006-12-31,0.010713603226685242,,-0.0010260318753009257,,0.03293987035293555,-0.09376024120076032,0.39753145788250377,0.4093206064008983,0.4130434782608696,0.37777777777777777,-0.67128707068339,-0.6901134662799581,-0.9386859134771576,-1.9696969696969695,-0.6794506004910092,0.05680493086789928,0.20273631840796025,0.20737327188940105,-0.0035460992907800915,0.08225108225108224,0.004661629963028435,0.03012912482065988,0.0219917012448132,0.24062968515742145,0.0,
45,2007-03-31,0.03640258423711895,,0.05149440298632535,,0.0319221050327585,0.12337419689244088,1.1532373688134427,1.344156706507304,1.3230769230769228,1.3548387096774197,1.6714362128911473,-0.4861815339599576,-5.141056852355722,-1.2625,0.5564065410888015,0.07708070617906683,0.4095139607032059,0.39312977099236623,0.02293396599446429,0.08000000000000007,-0.10751999999999996,0.03238161559888586,-0.004466098254161555,0.41329305135951655,-0.06666666666666654,
46,2007-06-30,0.0842842010595688,,-0.012295270108288124,,0.3398833719560841,0.05222439212824859,-0.6754114952325148,-0.7202220774438433,-0.7350993377483444,-0.7328767123287672,-0.3372211376416212,6.433224120446213,-6.131963896669779,-1.4559151785714286,-0.16298709934831754,-0.09410215132445487,-0.22450476889214965,-0.1534246575342465,0.3003478933127175,-0.11296296296296306,-0.3623162423807816,0.03136593591905568,0.2357259380097878,-0.17101325352714836,0.0,
47,2007-09-30,0.05760746024217145,,0.11551237989986607,,-0.026088220075277,0.03257156259879057,0.009928612455895712,0.01214943808848834,0.0,0.0,0.4726718864076938,-0.11018874656955603,-0.26732299647576496,-0.04202366381068956,-0.1865416699769603,-0.0892568659127625,-0.08798486281929996,-0.04854368932038844,-0.026753864447086717,-0.3006263048016702,0.08546527973010963,0.03041203400915649,-0.07920792079207928,-0.03506962351727694,0.0,
48,2007-12-31,0.008774370430544298,,0.01971335602149682,,-0.04133111593891736,-0.05177028294899022,3.3546473838154043,4.130239071721516,4.1,4.153846153846153,-0.4404916575492341,-1.0466757875617725,-1.3764094546123424,-0.8794718909710392,-0.02763941791190549,-0.0180044345898005,0.4284232365145226,0.3911564625850341,-0.054062309102015926,0.008955223880596995,0.002590002590002527,0.02951443986036173,-0.049462365591397835,0.4644575093532872,0.0,
49,2008-03-31,0.0070304460288364,,0.032285304230724954,,-0.04092403311072257,0.06968847968504255,-0.6638990988301584,-0.6938015481506035,-0.6911764705882353,-0.6865671641791045,0.4432154969598827,-4.286923562855338,-0.4913382363720771,-2.4169611307420498,0.04027721976697474,-0.08733742774566478,-0.21641249092229486,-0.19804400977995096,-0.041330319664191095,-0.035502958579881734,-0.3856884525962283,0.031442663378545184,-0.047511312217194616,-0.2036496350364964,0.0,
50,2008-06-30,0.02086879047445156,,0.035821407524034836,,-0.006801015864639326,0.020340006231500233,-0.3339069612523593,-0.3830871115639327,-0.3809523809523809,-0.3968253968253969,-0.10028580501746588,1.6848477859778597,-2.8248150638870215,25.528678304239406,1.0271314087090857,0.1352795645719942,0.027803521779425463,-0.024390243902439046,-0.008083529808016188,0.18404907975460127,0.4104289318755257,0.030484160191273087,-0.027315914489311144,-0.018790100824931263,-0.07142857142857151,
51,2008-09-30,0.03114224345435845,,-0.010880572173418313,,0.15539039876730154,-0.0054870077199813405,0.2239353279439953,0.277456647398844,0.28205128205128194,0.2894736842105263,0.2545296249235258,1.1203453163252155,1.8218168417173393,0.16647866140251932,0.5910454870207191,0.003312412831241174,0.012623985572587816,0.006249999999999867,0.10220713073005094,0.012953367875647714,0.006261180679785428,0.02958236658932734,0.1204721204721204,0.02008407286314795,0.0,
52,2008-12-31,0.0017399280732661724,,0.040505279063016715,,-0.028607693024036537,-0.0291504346657967,0.4064415089200599,0.4823044602456368,0.3999999999999999,0.4489795918367348,-0.28363499953108884,-0.7228028952627883,-0.8939719024608668,-0.314610363445886,0.25461022632020125,-0.22441355343179847,-0.3802315227070348,-0.3447204968944099,-0.029574861367837383,-0.2966751918158568,-0.24651851851851855,0.028732394366197237,-0.030148928441699918,-0.3777472527472529,0.0,
53,2009-03-31,-0.0009188507540548453,,0.02032413834358171,,0.01790706317062729,0.04644198458193327,-0.10936819172113288,1.3038975197601528,1.3000000000000005,1.154929577464789,0.4417039771685911,-0.9123836897744434,-3.477828611648777,1.7399176954732511,0.5560380825121096,-0.2888988461969306,0.4281609195402301,-0.004739336492890933,-0.0053968253968254,-0.2654545454545455,0.1293747542272905,0.028203723986856444,0.018726591760299668,0.4621044885945549,0.0,
54,2009-06-30,0.024373204213269384,,-0.005573682997537689,,0.10073158707420983,-0.019475061154714316,-0.29337899543379,-0.7299183721755591,-0.7329192546583851,-0.7189542483660131,-0.3794199371628861,24.311092577147626,-3.0273408372687567,-0.9904304166845471,0.003419616021591132,0.0023629489603025355,-0.03521126760563387,0.0,0.0718161506543249,0.004950495049504955,-0.2876044568245125,0.0276964047936088,0.07463235294117633,0.0231504781077001,0.0,
55,2009-09-30,0.008039874269098801,,0.023725881245565628,,0.08044834485075247,-0.018975697621776755,-1.0953150242326333,0.9044240035041612,0.8372093023255816,0.7209302325581395,0.7098709431974481,-0.4632924739686306,-0.8783977861846715,73.02242152466367,0.2522656070910063,0.11928335690711922,0.06465067778936384,-0.24761904761904766,0.04615842763549738,0.04433497536945818,0.10166177908113384,0.026690852552474498,0.07184399589462886,0.11756025577963602,0.0,
56,2009-12-31,-0.003180683009180285,,-0.018612994095037468,,0.029579377439895364,-0.019647117735426708,-6.610976594027441,-0.6880721284327707,-0.7088607594936709,-0.6351351351351351,-0.5562915040733895,0.5441429273084479,-2.6929281290508427,-4.712485612164537,-0.7478704449488662,0.13465318730693632,-0.17042115572967675,-0.2721518987341773,0.010532308568175221,0.08490566037735836,0.051464063886424105,0.02599697122665323,0.03287583785509085,-0.12059859154929575,0.0,
57,2010-03-31,0.016528417762103675,,0.03088103839287482,,-0.00856332186239428,0.013400636980950729,0.9661967779056386,0.9358501695915056,0.9565217391304348,0.6666666666666665,1.0433944069431051,0.02706320490901626,-3.2266462480857583,-1.0269573447341798,0.0799612778315586,0.05382997153817581,-0.38370720188902,-0.13913043478260856,-0.023098591549295836,0.04347826086956519,0.20970464135021105,0.02533825338253393,-0.024721878862793645,-0.3468468468468469,-0.07692307692307697,
58,2010-06-30,0.004760867009165447,,0.024177651191903404,,-0.023469510898611046,-0.005415876027830446,-0.26658863120930576,-0.2776719737944694,-0.2888888888888889,-0.2888888888888889,-0.3121472392638037,-0.4107877927608233,-1.1804600336237199,-9.441283292978211,-0.625,0.1875293565054017,-0.05363984674329514,-0.1010101010101011,-0.030565167243368,0.2166666666666668,0.8664108824555283,0.024712092130518167,-0.02820025348542465,-0.029118773946360088,0.0,
59,2010-09-30,0.05401960542473305,,0.08019366956388407,,0.01869113963282709,0.04118804403990617,-0.30972568578553616,-0.3274625606412149,-0.34375,-0.34375,0.6155767172534921,1.8111955498127503,-17.047639212365027,-1.451846539978487,0.7530775666308116,0.026896074359735067,-0.30364372469635625,0.2584269662921348,-0.013979773944080898,0.058219178082191674,0.09026350214913116,0.02411613205338337,-0.033583306162373594,-0.3054459352801895,0.0,
60,2010-12-31,0.06539673316012863,,0.05282712385264743,,0.1071747328935877,0.041515160191256006,-0.23121387283236994,-0.2507448643562804,-0.19047619047619035,-0.19047619047619035,-0.5371836249363003,1.0204577678752278,2.0502684944519944,-1.1452150452309158,-0.06238069266430324,0.07231584015406843,-0.07558139534883712,-0.07142857142857151,0.07843137254901955,0.08737864077669899,0.5270826191292424,0.023548239597622308,0.039473684210526334,-0.07727272727272727,0.0,
61,2011-03-31,0.035843303052034425,,0.05113577954130655,,0.012535371226127134,0.042536034673924084,0.6843984962406016,0.7618250313938886,0.588235294117647,0.588235294117647,1.1033179182265287,-0.6753961827646038,-0.5206995142502455,-92.72677595628416,6.102668508689012,0.052352729885057465,-0.16352201257861645,-0.16346153846153846,-0.0005594405594406826,-0.02380952380952384,0.1437871815018521,0.023229841411659624,-0.022719896137617712,-0.1650246305418719,0.0,
62,2011-06-30,-0.01055968858086742,,-0.04815511347968016,,0.1395641042597613,0.030103803187047976,0.5343153665885503,0.2265383701591828,0.18518518518518512,0.18518518518518512,-0.17908806952030298,-0.21681752310360392,-1.6315822721981066,-2.0589062313832955,-0.9098205419571472,0.1134909121938732,-0.022556390977443552,0.08045977011494254,0.0372236216064934,0.11280487804878048,0.3202158979391561,0.022702466710325275,0.08767851212221855,-0.008849557522123908,0.0,
63,2011-09-30,0.02073000675665959,,0.008354128469727717,,0.04630919220055718,0.02440314681137901,-0.3414793803185686,-0.2554963680387409,-0.28125,-0.28125,0.4554672221749851,0.6762622662399709,-1.603857969564907,-1.0023741476697348,0.0239527755704394,0.013717526247222,-0.015384615384615332,0.03191489361702127,0.03939557474365896,-0.021917808219178103,0.013677246710770865,0.022198505869797103,0.02778625954198466,0.008928571428571397,0.0,
64,2011-12-31,0.033749918377328436,,0.03520180673709472,,0.035451015983462016,0.03724033383864467,0.6905235255135851,0.8131911018602835,0.826086956521739,0.826086956521739,-0.3610579661462517,0.4942228173831218,1.9640330328198576,17.33649289099526,0.4289356984478936,-0.018445721197459908,0.21874999999999975,0.2371134020618557,0.07217030114226364,-0.05602240896358535,-0.03827821368336149,0.021716433493422338,0.05793226381461691,0.25221238938053103,0.0,
65,2012-03-31,0.0035705049636309827,,-0.002141283567988373,,0.013992780657337223,0.027214544403311614,0.5738925911407291,0.6302195436934999,0.5952380952380953,0.5952380952380953,0.6494091293515281,-0.7332554210593243,-1.2175742238330551,-0.7790126647712587,0.06633563503762896,0.10898028342575472,0.3012820512820513,0.3083333333333331,-0.048426150121065326,0.035608308605341366,-0.11460160121997708,0.02248109544246879,-0.0407188991856221,0.31448763250883394,0.0,
66,2012-06-30,0.07102225465014622,,0.06097763604881834,,0.0930152945647833,0.036296690067074255,0.5959319219593193,0.6318105800545726,0.5970149253731343,0.5970149253731343,-0.2068736141906874,5.177544210120088,-8.532215454612167,-12.242105263157894,-0.699359720605355,0.06806028196402525,0.41871921182266014,0.3566878980891721,0.06183206106870221,0.12034383954154725,-0.1924733034791596,0.021986807915250983,0.025175644028103017,0.4444444444444444,0.0,
67,2012-09-30,0.04506816595822749,,0.047561129883570086,,0.04548510097443858,0.04210137219845955,-0.5425531914893618,-0.5625707966988511,-0.5700934579439252,-0.5794392523364487,0.5715508806262231,-0.25811110253668323,-0.4653429655646109,-0.7722638368705784,-0.5297676669893514,0.0014305221405812587,0.05381944444444442,0.05633802816901401,0.0443326144260725,-0.05626598465473154,-0.3127866055241548,0.021513788382554244,0.0025699600228441533,0.06699751861042169,0.0,
68,2012-12-31,0.06892472046489795,,0.07766750859876502,,0.05950136069491796,0.04822573873260838,1.5678626258031498,1.700104815340033,1.6304347826086951,1.7111111111111108,-0.4645052977997176,0.4566096053257251,1.3923156820583842,-8.61215166742805,8.575913535769429,-0.0679176676839165,0.2767710049423395,0.2533333333333334,0.02363469481413505,-0.10840108401084003,-0.14649286157666042,0.021060693088263527,-0.006266021076616446,0.28197674418604657,0.0,
69,2013-03-31,0.01840971624371313,,-0.005016609523963767,,0.05987123782584348,0.03133891328968818,-0.4116383605323177,-0.4244970657411001,-0.4380165289256198,-0.4426229508196721,0.7791711651856159,-0.6404383960390653,-0.8770503977971672,-0.2655584228530277,0.6577448135010211,0.05684430512016725,-0.04387096774193544,-0.02836879432624106,0.05985205110961678,0.033434650455927084,-0.1910909090909091,0.022688918057378604,0.04327887646890227,-0.01814058956916098,0.0,
70,2013-06-30,0.024823258939251858,,0.046375464526382304,,-0.006581251186202342,0.027199314325507817,-0.009672199013962546,-0.010197198746180969,-0.014705882352941237,-0.014705882352941237,-0.2427064370069552,0.663977604811939,2.1107084223894934,-1.868360843275045,-0.34454026715082353,0.05029332278689602,-0.1336032388663968,-0.12773722627737227,-0.00761421319796951,-0.008823529411764675,0.047201618341200284,0.022185551888522115,-0.03104395604395593,-0.1311778290993072,0.0,
71,2013-09-30,0.0052587488668705,,0.000954417178212541,,0.011863918779649651,0.016283799640165908,1.6661092954320895,1.7574761484807184,1.7462686567164178,1.7462686567164178,0.1479643726692761,-0.8448028918292184,-1.576541230594585,0.007622094664533784,-0.5296532621061483,-0.02158905485126139,0.4330218068535827,0.414225941422594,0.012148337595907943,-0.014836795252225587,0.10796308220648188,0.021704035874439587,0.0070881769208959175,0.433811802232855,0.0,
72,2013-12-31,0.01990659119608651,,0.03132031264928914,,0.002350281884905936,-0.005432900155225685,-0.5261702491590171,-0.5366342966796535,-0.532608695652174,-0.5380434782608696,0.07254080756013748,4.299531238555629,-2.274499982728246,-1.8388121031004856,0.9445788200652014,-0.028287363694676108,-0.08913043478260874,-0.08875739644970404,-0.012213097494209402,-0.03915662650602403,-0.3345602479659047,0.02124297752809001,-0.017173423423423432,-0.08898776418242492,0.0,
73,2014-03-31,0.27882164840666923,,-0.035475521409737636,,0.07395393976182985,0.042501048015220366,-0.2996811262860237,-0.3125431386082701,-0.32558139534883723,-0.3176470588235294,0.0380851063829788,-0.6431528101223836,-1.404886774809936,-0.8411266978401247,0.07717267860040011,0.039012476071027764,-0.0417661097852029,-0.0941558441558441,-0.3348966105308037,0.053291536050156685,0.13420669577874822,0.02080110022348292,-0.15783443139501585,-0.04070004070004074,-0.08333333333333326,
74,2014-06-30,0.7108836337837149,,0.742791056133109,,1.894498699106816,0.6050604720220236,-0.7292525773195877,-0.7723165388828039,-0.8620689655172413,-0.8620689655172413,0.15957947023859753,12.064350587734078,-15.597382602001538,-100.73721093202522,-0.09900592428958732,0.11423125794155008,-0.4408468244084682,-0.3261648745519713,1.9205128205128208,0.6726190476190477,0.14245379876796704,0.02189289323004373,0.7336734693877554,-0.2605006364022061,-0.09090909090909084,
75,2014-09-30,0.02803919825264667,,0.03718967271137563,,0.021310080758589974,0.04250915397957211,7.7202919244804065,9.757265985167367,9.625,9.625,0.6829661360588071,-0.3939003601974416,-0.4337462109573839,-0.9995151940980151,-0.00384486793714478,0.06557190101493893,-0.3518930957683741,-0.2819148936170213,0.01426690079016679,-0.6352313167259787,0.25342619636036856,0.021423862887277382,-0.00627820286443026,-0.2380952380952381,0.0,
76,2014-12-31,-0.008887622591814082,,-0.026681487413622973,,0.006581661065513833,0.026811693329241937,-0.3158612910268539,-0.3238056197361556,-0.3176470588235294,-0.3294117647058824,-0.06098254111425505,-0.9706671427488364,-1.5369212578657099,-108.30434782608695,0.41416345024332935,0.04644691780821919,-0.1786941580756014,-0.11851851851851848,-0.011577580610257598,0.034146341463414887,0.4852124036565693,0.020974507905776152,0.015794669299111552,-0.0918674698795181,-0.10000000000000007,
77,2015-03-31,0.04516913355624208,,0.06585244885306872,,0.02723624995682972,0.01851431781111934,0.6136212536233812,0.6357949848443096,0.5862068965517244,0.6140350877192984,0.06943649462153356,22.91662497915625,-3.3838397550472483,25.14667747163695,7.670543095605396,0.15161587236653706,0.08786610878661083,0.15126050420168058,0.023973727422003318,0.16509433962264164,0.3066618392469225,0.022756005056890016,-0.016909620991253482,0.1733001658374791,0.0,
78,2015-06-30,-0.0033226703926692025,,-0.014385732370476243,,0.0076526979538549264,0.046978679478069774,-0.22758211513423546,-0.2326027997237337,-0.2391304347826088,-0.2391304347826088,-0.23408326104743804,0.005026912457818611,-1.0865481350248347,-1.9760731442739807,-0.8620346715328467,-0.021446649793526062,0.24230769230769256,0.2335766423357664,0.001710498182595721,-0.04453441295546568,-0.15886210399926115,0.02224969097651419,0.01107156979043089,0.22190812720848066,0.11111111111111116,
79,2015-09-30,-0.002680530450633323,,-0.003563618221964271,,-0.002087085574518755,0.028578953410633327,-0.06893829478535463,-0.07094720667325216,-0.07142857142857129,-0.07142857142857129,0.6133462919380879,-0.7045869204781163,3.030668567459882,-1.02871537590364,0.17941935057205205,-0.006443415917959827,-0.06811145510835925,-0.06508875739644948,-0.006510138740661642,-0.008474576271186418,-0.20906994619523436,0.021765417170495738,0.0005866249511148336,-0.08617698091382298,0.0,
80,2015-12-31,-0.0006348272418305045,,-0.005956008383564915,,0.0026831522248447204,0.02009020897756586,0.8548021174691203,0.8813411147602959,0.8923076923076922,0.8769230769230769,-0.35526237180125464,-0.23403430906336964,-0.3628918896859441,-2.1030224843346845,-0.16779746551530786,0.048136645962732816,0.22591362126245865,0.22151898734177203,0.012246213341927216,0.0555555555555558,0.12189365542135233,0.02130177514792919,0.0033222591362125358,0.2018987341772152,0.0,
81,2016-03-31,0.005197211749581987,,0.02799853306717015,,-0.015348685171359566,0.011121623448089537,0.011094912154982815,-0.02063448206570884,-0.0325203252032521,-0.024590163934426257,0.5490880449722784,0.2379704146547099,0.4429482434663783,-4.087886382623225,0.6226122696492942,-0.05925925925925924,0.08130081300812986,0.08808290155440424,-0.00382043935052534,-0.07287449392712553,-0.23450068060883555,0.023174971031286073,-0.008570315543435791,0.05476566614007372,0.0,
82,2016-06-30,0.011535710343597794,,0.028899968010607457,,-0.0038824537706985134,0.023513535878193048,-0.12003274842367663,-0.07653146279221856,-0.07563025210084018,-0.07563025210084018,-0.2535616370071283,0.24287076363005974,-1.8383249482095292,6.269682376494777,2.7894485507848183,0.029874942102825264,0.11027568922305764,0.09999999999999988,-0.0049003941621391656,0.03493449781659397,-0.043970255415454185,0.022650056625141524,-0.01532416502946965,0.08537194208686971,0.0,
83,2016-09-30,-0.002416297750143737,,0.0003532823817520292,,-0.004826298685909114,0.02357349420069021,-0.08959493424798304,-0.08959493424798304,-0.09090909090909094,-0.09090909090909094,0.5354440608242121,-0.16627977643390154,-2.5719631447029334,-0.9058287619742316,0.06932032983590397,0.020283337081178358,0.08803611738148986,0.07359307359307365,-0.005138636120329609,0.025316455696202445,-0.07795062563408861,0.02214839424141757,-0.0023942537909017463,0.06439742410303584,0.09999999999999988,
84,2016-12-31,0.0033022380521756656,,-0.011547464064405431,,0.01700878590182531,-0.0004040453138338673,1.983008190845167,1.983008190845167,1.99,1.98,-0.4248136324492654,0.8713119749530969,-0.20728064856610293,-11.294498893455579,-0.6673566740278838,-0.04328660848100163,0.3900414937759338,0.375,0.01657161304207455,-0.0370370370370372,-0.11754997249220622,0.021668472372697645,0.013600000000000056,0.37294727744165934,0.0,
85,2017-03-31,0.01882715220773501,,0.022535888609225733,,0.011602218153289543,0.01934730942930596,-0.0849060945241833,-0.0849060945241833,-0.08695652173913049,-0.08724832214765088,0.6882901820821488,-0.4225559876625989,0.0710785008073882,-1.1491255009750778,0.2991790021718703,0.05275525248802082,0.24029850746268644,0.22580645161290325,0.01079707843759925,0.03418803418803429,-0.2427265170407316,0.023197242841993537,-0.007103393843725382,0.225684608120869,0.0,
86,2017-06-30,0.006228114452890621,,0.004795269722696283,,0.008421427705941564,0.010906250372684891,-0.6046188060168525,-0.6046188060168525,-0.6043956043956044,-0.6029411764705883,-0.3320598549757472,-0.07302103377347224,-1.3017967978558331,4.124903464964218,1.18017879161529,0.09002582169898021,-0.010830324909747224,-0.00956937799043056,0.0024086291758300678,0.07851239669421495,-0.12376509330406138,0.022671330483223118,0.0021860095389507612,-0.015665125834617433,0.0,
87,2017-09-30,-0.0009922593709148495,,0.0077363811009323324,,-0.008115694516804717,0.015652004648117446,0.1266835314235646,0.1266835314235646,0.12037037037037025,0.12037037037037025,0.6688526348963677,1.6263436049771542,-5.852648184394263,-2.3801147265950706,-0.7470864942763141,0.042921384405364194,0.020681265206812682,0.021739130434782483,-0.008775595486836596,0.03831417624521083,0.045725023488881966,0.022168735748669958,-0.007138607971445388,0.01617531959300811,0.0,
88,2017-12-31,-0.0013440135135016627,,-0.004748229678981253,,0.0018989681283625441,0.002018183982878785,0.2996625816890985,0.2996625816890985,0.2975206611570249,0.2892561983471076,-0.4179386935925201,-0.6236986027581446,-0.6152632878015303,-0.9862641762145322,-0.0405745371664481,-0.0348411934552455,-0.17878426698450536,-0.17966903073286045,0.0017917369308599886,-0.02583025830258301,-0.06019766397124893,0.02168794150452347,0.003395246654683381,-0.18485237483953787,0.0,
89,2018-03-31,0.011760920111276718,,0.008197469336226781,,0.014554897357284213,0.0063495467507477255,-0.06730815631243181,-0.1225232355013367,-0.12101910828025485,-0.11538461538461553,0.8524823282527061,0.19491320827599526,0.4304245098499429,-42.3100158982512,2.116943074854325,-0.08484244116473871,-0.20609579100145148,-0.19308357348703176,0.01451867438190435,-0.08712121212121215,0.11281070745697908,0.02256186317321696,0.002786624203821697,-0.2100787401574803,0.0,
90,2018-06-30,-0.006882487690295092,,-0.010579686968284152,,-0.002290551099874305,0.004227440929576165,0.1011082482227672,0.10473173628984367,0.10144927536231883,0.10144927536231883,-0.4218059457888344,-1.4038933618886946,0.7135324939562664,-0.5061319786535303,0.27680869727778656,0.03181798369873157,0.08409506398537481,0.10000000000000007,-0.002385149849631896,0.016597510373443924,0.29610538373424955,0.022064056939501864,0.004565303691941081,0.07854864433811802,0.0,
91,2018-09-30,-0.0029875783451821514,,0.00012175927595592383,,-0.005858186376380248,0.006291526512446799,-0.19077154402781693,-0.1937972919155715,-0.1907894736842105,-0.19736842105263164,0.6602927244252819,-2.9213126234961613,0.17302708016802226,-1.0766273572653124,-0.01661260530702346,0.00958898322983992,0.0016863406408094141,0.016233766233766156,-0.0060291060291060026,0.012244897959183598,-0.0687140963323023,0.021587743732590425,-0.0029638411381148755,-0.0014787430683919078,0.0,
92,2018-12-31,-0.010748159691097992,,-0.0150812594595936,,-0.007897468418753939,0.0063861254940627,0.17284868191847647,0.4550169805495523,0.4471544715447156,0.459016393442623,-0.43552807279050987,-1.9884789627161008,0.33104217687074833,6.874915254237287,-0.13303288170146488,0.05531380753138082,0.03872053872053871,-0.006389776357827559,-0.002300773896674269,0.06451612903225823,0.053380782918149405,0.0211315610088616,0.0029726516052317464,0.031840059237319585,0.0,
93,2019-03-31,0.01569859029638887,,0.04523807004611968,,-0.012097513464419564,0.008678834969050753,0.24269758599520766,0.008810049227635286,0.01685393258426959,0.01685393258426959,0.7587971145051817,-3.8874636182850217,-0.7392253627662227,0.1738194653695493,-0.1801182337593712,0.050907937514868,0.07941653160453832,0.07717041800643099,-0.012473794549266335,0.05303030303030298,0.01193693693693687,0.021695594125500598,-0.02746492787986554,0.0645855758880518,0.0,
94,2019-06-30,0.007405310271481058,,0.010534354751088548,,-0.005871182540152953,0.015192730396409003,-0.26477032787538346,-0.2236534351915731,-0.2265193370165747,-0.2265193370165747,-0.3193827001200349,-0.4881640881558783,1.0540921919096895,1.5360299240896258,-0.5571354913555581,0.0880555345959404,-0.012012012012012184,-0.035820895522388096,-0.0060503131302408475,0.1007194244604317,0.01402181170710004,0.021234890558641032,-0.013206013815522109,-0.028311425682507663,0.0,
