,Quarter end,Assets,Current Assets,Liabilities,Current Liabilities,Shareholders equity,Revenue,Earnings,Earnings available for common stockholders,EPS basic,EPS diluted,Cash from operating activities,Cash from investing activities,Cash from financing activities,Cash change during period,Cash at end of period,Price,ROE,ROA,Book value of equity per share,P/B ratio,P/E ratio,Cumulative dividends per share,Equity to assets ratio,Net margin,Asset turnover,Current ratio
0,1993-12-31,0.1349291692157406,0.2760485872968379,0.09891176570822192,0.1168023640056608,0.21721850029739545,0.14538078895947915,0.4606505088202748,0.4606505088202748,0.46774193548387105,0.4596774193548388,-3.8702928870292888,1.6200707164956047,-1.2900162293541648,-2.1750531762913106,0.8126572154641969,0.021043771043770976,-0.09754115017272913,0.058490566037735725,0.21333333333333335,-0.15327564894932022,0.035548686244204035,inf,0.07263294422827493,0.011682242990654236,-0.008130081300813052,0.14264354066985652
1,1994-03-31,0.1349291692157406,0.2760485872968379,0.09891176570822192,0.1168023640056608,0.21721850029739545,0.14538078895947915,0.4606505088202748,0.4606505088202748,0.46774193548387105,0.4596774193548388,-3.8702928870292888,1.6200707164956047,-1.2900162293541648,-2.1750531762913106,0.8126572154641969,0.021043771043770976,-0.09754115017272913,0.058490566037735725,0.21333333333333335,-0.15327564894932022,0.035548686244204035,inf,0.07263294422827493,0.011682242990654236,-0.008130081300813052,0.14264354066985652
2,1994-06-30,0.03831916970173066,0.021943849045996,0.02141723088461434,0.07352667796515644,0.2742941127449867,0.14538078895947915,0.4606505088202748,0.4606505088202748,0.46774193548387105,0.4596774193548388,-3.8702928870292888,1.6200707164956047,-1.2900162293541648,-2.1750531762913106,-0.5268042044136381,0.0272052761747732,-0.09754115017272913,0.058490566037735725,0.2692307692307692,-0.15327564894932022,0.035548686244204035,inf,0.2273276904474004,0.011682242990654236,-0.008130081300813052,-0.04806769606560246
3,1994-09-30,0.013888281385509904,-0.02430667137459652,-0.005378229738459139,-0.004174023217237477,0.16669738351872446,-0.04520524240873936,-0.4846027006551094,-0.4846027006551094,-0.489010989010989,-0.4861878453038674,2.084027488546439,0.4529965793542945,-0.8622148441683624,-1.6491097722421852,0.7226474967289791,0.1685393258426966,-0.09754115017272913,0.058490566037735725,0.16450216450216448,-0.08029197080291972,0.035548686244204035,inf,0.15073891625615765,0.011682242990654236,-0.008130081300813052,-0.020252932551319658
4,1994-12-31,-0.0028458241658522176,-0.06728328212190171,-0.005098191948856634,-0.08061917099947258,0.06118975550595685,0.028652758899198275,-0.2707594754287361,-0.2707594754287361,-0.3655913978494625,-0.3763440860215055,-0.7378082601418974,-0.4174030262767509,-6.0359502526233975,-1.3355393228028554,-0.14094147227266374,0.041208791208791284,-0.09754115017272913,0.058490566037735725,0.0594795539033457,-0.10476190476190483,0.035548686244204035,inf,0.06421232876712324,0.011682242990654236,-0.008130081300813052,0.014498176035918188
5,1995-03-31,0.06253021035357298,0.13375499527719234,0.04914441897372601,0.03565371581684928,0.13696758703481393,-0.01167616220615697,1.0725663017272042,1.0725663017272042,1.3728813559322033,1.3965517241379308,-2.2325012416990115,-0.1453275321886036,6.354813814393209,-3.952304161756497,0.4837398373983739,-0.027044854881266508,-0.09754115017272913,0.058490566037735725,0.13684210526315788,-0.08156028368794321,0.035548686244204035,inf,0.06999195494770727,0.011682242990654236,-0.008130081300813052,0.0947814862622165
6,1995-06-30,0.14107192501130286,0.10050391345223963,0.13928101896936607,0.3187747737875921,0.2103656025695444,0.10427590403001097,0.4819405774438384,0.4819405774438384,0.4714285714285715,0.4820143884892088,-2.251686567164179,4.001968911917098,0.4823504721930745,-1.394264705882353,-0.12876712328767126,0.06983050847457628,-0.07700968250394058,0.058490566037735725,0.2098765432098764,-0.059845559845559726,0.035548686244204035,inf,0.06090225563909767,0.03695150115473456,-0.03278688524590168,-0.16548762001010608
7,1995-09-30,0.02455236786001613,0.018221396076896657,0.0026832377893355464,-0.028534565530484838,0.06637879144748893,0.03208148905275987,-0.2658731180028311,-0.2658731180028311,-0.2669902912621359,-0.27184466019417475,-2.6497740362257494,-1.2599442706498996,-0.9565683665090466,0.4077902701550593,-0.2077044025157233,0.16032953105196454,-0.0004879238838740863,0.058490566037735725,0.061224489795918435,-0.041067761806981566,0.10223880597014913,inf,0.04039688164422395,0.07795100222717144,-0.016949152542372947,0.048037137955394105
8,1995-12-31,0.033122566177396166,0.03219784707137885,0.027077497665732864,0.06479908577076321,0.06902526296156307,0.03566707555823045,-0.5021297481112728,-0.5021297481112728,-0.5960264900662251,0.0,-1.1307650608940771,-2.2216421925123035,4.508353027463125,0.13221044663133985,-0.29648739829331217,-0.02676133260513369,-0.08933365877471322,-0.04456327985739738,0.06490384615384602,-0.08351177730192716,-0.12728503723764384,inf,0.03474114441416898,-0.02479338842975209,-0.017241379310344862,-0.03062108810784792
9,1996-03-31,0.041361512171305126,0.08521719858156017,0.030226628083545926,0.07357617002287054,0.08004285277012557,-0.06074654356697973,0.9434566771115728,0.9434566771115728,1.377049180327869,0.0,-4.797258456776476,-0.21794725425276865,1.9929134673708817,-2.2268913181559857,0.5176304654442878,0.006172839506172867,-0.07960332350576249,-0.04104477611940305,0.06997742663656893,-0.053738317757009435,0.0007757951900697613,inf,0.037524687294272496,-0.010593220338983023,-0.0350877192982455,0.010926790503625885
10,1996-06-30,0.07110962268363474,0.059889717144899324,0.081428333055231,0.15707159929335954,0.08913135893439139,0.10705234641265404,0.01992753623188404,0.01992753623188404,0.020689655172413838,0.0,0.4861717612809315,0.35036496350364965,0.19179436480474527,-0.7275204359673024,0.09293680297397766,-0.036252091466815295,-0.16249271986022118,-0.13618677042801552,0.09282700421940926,-0.09876543209876544,-0.046511627906976716,inf,0.0164974619289342,-0.1220556745182012,-0.018181818181818188,-0.08401297042350397
11,1996-09-30,0.011443460135487138,0.00231225010838676,-0.0007714858818083092,-0.06089182271318872,0.07390059849076236,0.004973160719924152,-0.030195381882770825,-0.030195381882770825,-0.027027027027027084,0.0,-3.237022526934378,-0.20540540540540544,-1.523019493985898,-1.1,-0.008503401360544172,-0.05497685185185197,-0.08379694019471495,-0.0495495495495496,0.0714285714285714,-0.136986301369863,0.0536585365853659,inf,0.0617977528089888,-0.03170731707317076,-0.01851851851851849,0.06726024458270753
12,1996-12-31,0.028315884922924806,0.05402028163598782,0.028052295655754508,-0.033424185913068394,0.03683062757450939,0.09685020815332646,-0.1831501831501832,-0.1831501831501832,-0.26388888888888884,0.0,-0.8975481611208407,0.051506316812439217,-1.3084853291038858,40.8,-0.3584905660377359,0.08940600122473974,0.01366223908918407,0.04502369668246442,0.03603603603603611,0.01904761904761898,0.1026234567901234,inf,0.008230452674897082,0.04534005037783384,0.0,0.09046135289978884
13,1997-03-31,-0.01262575654334841,-0.011262596324836949,-0.019451259199919857,-0.04279212427030765,0.009932227155877492,-0.07068175307934688,-0.10538116591928247,-0.10538116591928247,-0.009433962264150941,0.0,3.2606837606837606,-0.5536044362292052,-2.840616966580977,-0.4545454545454546,-0.3048128342245989,-0.06295671725688579,-0.11718457506551848,-0.09523809523809534,0.008695652173912993,-0.09657320872274144,-0.14065780265920225,inf,0.02274052478134103,-0.10120481927710843,0.009433962264151052,0.03299843303530281
14,1997-06-30,0.013416416335146451,0.02559490868843395,0.003038116878143482,0.006822057987492913,0.0643295152146246,0.13901518070432295,0.8245614035087718,0.8245614035087718,0.8095238095238093,0.0,1.3510531594784352,0.4513457556935818,0.5027932960893855,-3.3508771929824563,1.0307692307692309,0.04019196160767824,0.03731976251060232,0.07518796992481214,0.06551724137931036,0.031034482758620863,0.12296416938110745,inf,0.05017103762827824,0.042895442359249365,0.02803738317757021,0.018649058624074174
15,1997-09-30,-0.12145246249674535,-0.2388596609559782,-0.13388311952759113,-0.24726656742467026,0.006196325687574777,-0.2729179351870644,-0.13598901098901095,-0.13598901098901095,-0.14210526315789473,0.0,-0.7717576791808873,-0.4707560627674751,-0.6765799256505576,-1.3675373134328357,-0.18655303030303028,0.2202998846597464,0.009811937857726829,0.06293706293706293,0.017799352750809128,0.14381270903010024,0.1261783901377811,inf,0.14549402823018465,0.0796915167095118,-0.00909090909090915,0.011124737210932212
16,1997-12-31,-0.06232759603328397,0.013528681987357459,-0.031826730927471465,-0.0012956901254773667,-0.1782627484874676,-0.5700195403368382,-1.209856915739269,-1.209856915739269,-1.2392638036809815,0.0,9.360747663551402,1.2345013477088949,13.097701149425287,0.17766497461928932,-0.270081490104773,-0.09168241965973543,-0.2421052631578947,-0.22587719298245626,-0.12877583465818754,-0.10526315789473684,-0.12234385061171915,inf,-0.12369668246445498,-0.10238095238095246,-0.13761467889908266,0.014900805683097929
17,1998-03-31,0.014222848946050526,0.058405222662625274,0.029048414023372212,-0.041447593035165535,-0.04549040231396262,1.248431075524778,-0.2954545454545454,-0.2954545454545454,-0.3076923076923077,-1.1733333333333331,-1.2570810030669313,-0.4125452352231605,-1.3850387280880554,-0.8060344827586207,-0.0717703349282297,-0.08376690946930276,-0.2740384615384616,-0.27478753541076484,-0.045620437956204414,0.0490196078431373,0.23330887747615536,inf,-0.05895078420767996,-0.25994694960212195,-0.021276595744680767,0.10413999146393517
18,1998-06-30,-0.008150349985617034,-0.02720563938759779,-0.025544215680490808,-0.03234078928622308,0.06969696969696959,0.1117420596727623,-8.268817204301076,-8.268817204301076,-8.222222222222221,-8.269230769230768,-2.1031578947368423,-0.18275154004106772,-1.5547908946532556,-3.6222222222222222,0.20274914089347074,0.05565019875070987,-0.0029433406916848925,0.00390625,0.0745697896749522,0.1059190031152648,0.5359904818560381,inf,0.07873563218390811,0.03584229390680993,-0.03260869565217395,0.0053343641283338785
19,1998-09-30,0.006308004640371179,-0.035212862318840576,0.008263712313839378,0.0569051825677267,-0.02214782384754055,-0.02285516405506016,-0.18047337278106512,-0.18047337278106512,-0.15897435897435894,-0.15343915343915338,0.7659033078880406,3.4698492462311554,-0.2442748091603053,0.7711864406779659,0.2985714285714285,-0.19311457772996232,-0.01845018450184499,-0.05836575875486383,0.021352313167259718,-0.247887323943662,-0.19016266460108444,inf,-0.02823654768247208,-0.07958477508650519,0.022471910112359602,-0.08720393725007691
20,1998-12-31,0.0006484617047337603,-0.013202675742283732,0.009787144615569288,-0.01657727937591413,-0.039504872267579705,-0.06476477363338351,-1.1299638989169676,-1.1299638989169676,-1.1402439024390243,-1.14375,-0.680835734870317,-0.4513771781899944,-0.8434343434343434,-2.3971291866028706,-0.3212321232123212,-0.09333333333333338,0.07067669172932334,0.057851239669421524,-0.010452961672474005,-0.1123595505617977,-0.08417025346724061,inf,-0.04002192982456143,-0.0864661654135338,0.15384615384615394,0.003454085930918227
21,1999-03-31,0.02491359447004604,0.08134625676398888,0.05452653485952141,0.12245909766980655,-0.08623526185906227,-0.0766388783630163,-5.208333333333333,-5.208333333333333,-5.08695652173913,-5.0,-1.41196388261851,-0.5942622950819672,-11.459677419354836,-2.832191780821918,0.86709886547812,-0.010294117647058787,0.3995786516853934,0.36328125,-0.07570422535211263,0.0,-0.06266318537859006,inf,-0.1085094231867505,0.3950617283950617,-0.01904761904761909,-0.03660481907480484
22,1999-06-30,0.037047445084539284,-0.011547979103656902,0.02300600524401597,0.04858657243816245,0.13173293323330834,0.09818405663281003,1.867986798679868,1.867986798679868,1.904255319148936,1.8804347826086956,1.095890410958904,1.26010101010101,0.09020817270624516,-1.4691588785046732,-0.2178819444444444,0.15304606240713214,0.14099347717009536,0.1146131805157593,0.12952380952380935,0.24894514767932474,-0.17270194986072418,inf,0.09096732863549016,0.153392330383481,-0.03883495145631066,-0.05734204793028307
23,1999-09-30,-0.05893776533285156,-0.09980528511821972,-0.0660603555188094,-0.16211337104344692,-0.027310088824075263,-0.03372571001494773,-0.26237054085155354,-0.26237054085155354,-0.25274725274725274,-0.2528301886792452,-7.1869281045751645,1.2111731843575415,-3.045261669024045,-0.4382470119521913,-0.15649278579356274,-0.057345360824742175,0.06200527704485492,0.051413881748072036,0.01180438448566612,-0.16554054054054046,-0.202020202020202,inf,0.03405754550792728,0.07672634271099743,-0.020202020202020218,0.0743274475362854
24,1999-12-31,-0.041176752891491135,-0.12459056918608248,-0.05394239848914073,0.13185866130422294,0.01349325337331342,-0.002997196171323546,-0.5117004680187207,-0.5117004680187207,-0.5049019607843137,-0.5808080808080809,-0.5203887597718149,-1.3628094997473472,0.113762102351314,-0.14893617021276595,-0.1578947368421053,-0.1715652768284348,0.21490683229813667,0.23227383863080694,-0.0066666666666667105,-0.18218623481781385,-0.2312236286919831,inf,0.056785917092560874,0.22802850356294546,0.010309278350515427,-0.22657258411496414
25,2000-03-31,0.0005756043846039116,-0.0017649135192375767,-0.0002807236431691118,0.018337563451776617,0.005513717052178624,-0.0700155159038014,0.04792332268370614,0.04792332268370614,0.06930693069306937,0.2650602409638556,-1.1612334801762114,-2.2033426183844007,-1.3517541136293076,-0.025000000000000026,-0.18281250000000004,0.09653465346534662,-0.015678254942058545,0.02976190476190488,0.033557046979865834,0.10396039603960404,-0.08562019758507132,inf,0.004836109618484796,0.015473887814313247,0.010204081632652963,-0.01969292389853139
26,2000-06-30,-0.017158150121307614,-0.021428571428571463,-0.02695703722192755,-0.052152782104804014,0.02340510900093617,0.008863399374348324,0.15853658536585358,0.15853658536585358,0.15740740740740744,0.1428571428571428,-2.980874316939891,-0.7465277777777778,-1.4598411297440423,-1.3333333333333333,0.0745697896749522,0.15274642588412354,-0.23026315789473684,-0.20423892100192675,0.02110389610389607,0.1165919282511212,0.1296518607442978,inf,0.04117647058823537,-0.2076190476190476,0.0,0.032345931222335755
27,2000-09-30,-0.034431861559994885,-0.020813760208137636,-0.032160836245871634,-0.04443860110439124,-0.04939884997386301,-0.04992248062015503,-1.2684210526315791,-1.2684210526315791,-1.272,-1.2666666666666666,0.031724137931034464,-2.219178082191781,0.7677543186180422,-0.5641025641025641,0.030249110320284656,0.05809399477806788,-0.4457939721097616,-0.4334140435835352,-0.05087440381558028,0.03614457831325302,0.361317747077577,inf,-0.015408320493066284,-0.4302884615384616,0.0,0.02473614775725608
28,2000-12-31,-0.012729956249011631,-0.01852535242453313,-0.03972303206997085,-0.03694276279581732,0.1003574374484466,0.17471714534377725,-5.901960784313727,-5.901960784313727,-5.882352941176469,-5.75,0.8235294117647058,0.7827715355805243,1.3887079261672095,-20.294117647058822,-0.5664939550949913,0.09623689080814303,0.18100649350649345,0.2222222222222221,0.08710217755443894,0.15503875968992253,1.0101483216237312,inf,0.1147626499739176,0.1898734177215191,0.03030303030303028,0.019096663448127767
29,2001-03-31,0.038762380202354674,0.14445781320499318,0.055787476280835024,0.14336738338452748,-0.01936531734132929,-0.1881829968512687,-1.53,-1.53,-1.5180722891566265,-1.5657894736842106,-3.0175953079178885,-1.897058823529412,-2.4731818181818186,-1.1737804878048779,0.2270916334661355,-0.4243106359032076,-0.5415807560137458,-0.5314685314685315,-0.027734976887519358,-0.4697986577181208,-0.5394174757281553,inf,-0.056153486195601336,-0.5283687943262412,-0.019607843137254943,0.0009474681545424967
30,2001-06-30,-0.03189329495515403,-0.007819173401668933,-0.0019933337690346553,-0.044420842184180964,-0.2336603388966747,0.14225416381473874,10.313207547169814,10.313207547169814,10.186046511627907,10.186046511627907,-1.1744186046511629,0.5456674473067915,-0.9382906510336316,-0.7192982456140351,0.051948051948051965,-0.035190615835777206,-6.895052473763119,-6.626865671641791,-0.23454833597464345,-0.012658227848101222,1.1618887015177068,inf,-0.2082300446207238,0.0,0.020000000000000014,0.03838872528397141
31,2001-09-30,0.006848951420228344,0.04304635761589415,0.0036344585966405774,-0.023471722785223914,0.014796342477140456,-0.0444422251073604,-1.07104736490994,-1.07104736490994,-1.0706860706860706,-1.0686070686070686,0.4375,-0.32878787878787874,2.375,56.0,2.814814814814815,-0.2036474164133738,-0.07248219735503557,-0.1100795755968168,0.012422360248447228,0.04487179487179471,0.0,inf,0.007514088916718675,0.0,0.009803921568627416,0.06806441810999697
32,2001-12-31,-0.3468677494199536,-0.4791746031746032,-0.27782852668667624,-0.27745045527584355,-0.6415465268676278,-0.4880852842809365,-2.5352112676056344,-2.5352112676056344,-2.544117647058824,-2.590909090909091,-1.7405797101449276,-0.9571106094808126,-1.52,-1.9035087719298245,-0.8106796116504854,-0.08778625954198482,0.6717850287907869,0.4456035767511177,-0.6462167689161554,-0.09815950920245398,0.0,inf,-0.4512119328775637,0.0,-0.07766990291262144,-0.2791844476055002
33,2002-03-31,-0.0180445664459874,-0.03254906741436059,-0.02200036140224071,-0.02863232023721274,0.030621572212065736,-0.11351572070232753,-1.2752293577981653,-1.2752293577981653,-1.2761904761904759,-1.2666666666666666,1.7866927592954989,6.842105263157895,-5.222222222222221,-0.8883495145631068,-0.3931623931623932,0.2775453277545328,0.1971461374446448,-0.0010309278350515427,0.02890173410404628,2.598639455782313,0.0,inf,0.04983012457531144,0.0,-0.03157894736842093,-0.004078410735429583
34,2002-06-30,0.014059609455292943,0.019027217741935498,-0.06129613377061294,-0.10512257941428982,0.7361419068736141,0.1110087517273146,1.1333333333333333,1.1333333333333333,1.0344827586206895,1.0357142857142851,-1.3855337078651686,0.4765100671140941,-0.98582995951417,-4.923913043478262,2.5422535211267605,-0.050218340611353766,-1.063707357172215,-1.061919504643963,0.5674157303370786,-0.0756143667296787,0.0,0.0,0.7119741100323624,-0.4661654135338346,-0.07608695652173925,0.1388375165125495
35,2002-09-30,-0.04005351279036773,-0.0916285396315074,-0.06367483515402028,-0.056923568915893785,0.07765006385696037,-0.012023217247097873,0.46875,0.46875,0.3559322033898307,0.38596491228070173,1.5537340619307831,0.5727272727272728,-58.14285714285714,-1.3601108033240998,-0.2584493041749503,-0.2275862068965517,0.6215053763440859,0.6166666666666667,0.07885304659498192,-0.5071574642126788,1.2788611544461777,0.0,0.12287334593572764,0.7746478873239435,-0.09411764705882353,-0.036886672079805005
36,2002-12-31,0.2128890578149416,0.6004628369180507,0.2724406138322473,-0.0114162993105007,-0.0376866556055937,-0.035459504825849815,-0.6666666666666667,-0.6666666666666667,-0.6875,-0.6835443037974684,-0.615549215406562,0.13583815028901736,-1.2958333333333334,-5.023076923076923,1.4021447721179623,0.06398809523809534,1.4164456233421752,1.6804123711340204,-0.0066445182724250715,-0.012448132780083054,-0.17046037994181076,0.0,-0.20650953984287312,1.8174603174603168,-0.051948051948051965,0.6190533542093221
37,2003-03-31,0.015146239554317598,0.018372033682061858,0.0041301833801421495,-0.08026526412074086,0.08472906403940894,-0.05590602566891456,-0.7978723404255319,-0.7978723404255319,-0.8,-0.8,-2.907235621521336,-0.6030534351145038,1.4535211267605632,-1.5659655831739958,-0.3303571428571429,-0.25874125874125875,-0.22338090010976952,-0.1499999999999999,0.07692307692307687,-0.2563025210084033,-0.7685166082112647,0.0,0.06859971711456869,-0.10704225352112673,-0.041095890410958964,0.1071933348210965
38,2003-06-30,0.022500428742925797,0.02271778167543648,-0.0017686739058900836,0.012928891098955786,0.1578110808356039,0.1751152073732718,10.421052631578947,10.421052631578947,11.4,11.2,-2.081712062256809,2.0448717948717947,-1.428243398392652,-2.1385135135135136,0.5616666666666668,-0.0962264150943396,-0.02685512367491161,-0.004524886877828149,0.15838509316770175,-0.1581920903954802,0.028520499108734217,0.0,0.13170086035737927,0.02523659305993697,-0.02857142857142847,0.009674818597151358
39,2003-09-30,-0.05658984938445544,-0.11563903634136385,-0.0660513412171907,-0.0798969072164949,-0.01470876642478913,-0.07745098039215681,-1.1566820276497696,-1.1566820276497696,-1.1612903225806452,-1.1639344262295082,0.3633093525179856,-0.4926315789473684,0.935656836461126,0.7626112759643917,0.6339381003201707,0.3048016701461378,-0.5374001452432824,-0.5363636363636364,-0.045576407506702436,0.12751677852348986,0.27469670710571936,0.0,0.044444444444444516,-0.5138461538461538,-0.0441176470588236,-0.03886079318605273
40,2003-12-31,0.005831318446878121,-0.06759626927694151,-0.032824494838083466,-0.029611844737895125,0.17097929936305722,0.077364505844846,-2.8529411764705883,-2.8529411764705883,-2.8,-2.9,-0.9439313984168866,1.9294605809128629,-0.5734072022160666,-2.6178451178451176,-0.6276943174395819,0.2,-0.18524332810047106,-0.0980392156862746,0.1741573033707864,0.2559523809523809,1.5180149558123723,0.0,0.16461366181410986,-0.12658227848101278,0.030769230769230882,-0.039116588202713916
41,2004-03-31,0.011029411764705843,0.07685451124096265,0.010582976005838908,-0.045085910652920995,0.014618391976882528,-0.002367330834484149,-0.12698412698412698,-0.12698412698412698,-0.16666666666666666,-0.21052631578947367,-9.96470588235294,-0.830028328611898,-4.175324675324675,-1.0842872008324662,0.14210526315789473,0.2786666666666666,0.05587668593448947,0.14130434782608714,-0.019138755980861236,0.08530805687203791,0.38093952483801297,0.0,0.0033653846153844924,0.0942028985507246,0.02985074626865658,0.1276749045320269
42,2004-06-30,-0.01961538461538459,-0.048192771084337394,-0.04870452288525773,0.005182092989779674,0.08661417322834652,0.05655526992287908,4.581818181818182,4.581818181818182,4.666666666666667,4.466666666666667,-2.788713910761155,3.325,-1.4938650306748469,3.3827160493827164,0.5453149001536097,0.08967674661105307,0.22080291970802926,0.3142857142857143,0.08536585365853666,0.11353711790392995,-0.03851417399804491,0.0,0.10828941063727847,0.2847682119205297,0.028985507246376937,-0.05309564884032969
43,2004-09-30,0.026677128285602203,0.07305053628369884,0.011672597864768708,0.08864384934841762,0.07600986740672222,-0.06887516376567471,-0.039087947882736174,-0.039087947882736174,-0.047058823529411715,-0.04878048780487798,-0.3991195891415994,-0.6705202312138728,-1.399585921325052,1.3830985915492957,0.8409542743538767,0.04784688995215314,0.7010463378176381,0.8333333333333333,0.06292134831460673,-0.03529411764705881,-0.15982106547376984,0.0,0.0479896238651103,0.8144329896907216,0.014084507042253502,-0.014304993252361562
44,2004-12-31,0.0346336888178691,-0.03403872129671315,-0.037990713381173435,0.07879505393317543,0.2554807278979796,0.032562814070351775,2.2033898305084745,2.2033898305084745,2.185185185185185,2.1923076923076925,-0.1648351648351648,0.6608187134502923,-2.4300518134715023,-0.6784869976359338,0.14686825053995678,0.06666666666666665,0.9973637961335676,1.1976284584980237,0.2515856236786469,0.004065040650406582,-0.4172313649564376,0.0,0.2136963696369638,1.21875,-0.01388888888888895,-0.1046002190580504
45,2005-03-31,-0.002786731130808517,0.04968770392467614,-0.03632197357515477,-0.0795024996951591,0.07623830175758961,0.0753357991045358,-0.31746031746031744,-0.31746031746031744,-0.3294573643410853,-0.3293172690763053,-0.6476608187134503,-0.6795774647887324,-1.3442028985507246,-0.3786764705882353,0.07956685499058391,0.06678082191780832,0.21865376154861416,0.3561151079136691,0.060810810810810974,-0.1497975708502025,-0.5120431893687707,0.0,0.0791978246091094,0.3380281690140845,0.014084507042253502,0.1403669724770642
46,2005-06-30,-0.021581764923739977,0.008880994671403242,-0.02989982798745316,-0.04967545370247717,-0.005196182396606575,0.023895727733526332,-0.5162790697674419,-0.5162790697674419,-0.5202312138728324,-0.5209580838323353,2.5684647302904566,0.1208791208791209,-3.631578947368421,1.3550295857988166,0.17357174007849974,0.0642054574638844,-0.08194945848375446,-0.006631299734747964,-0.012738853503184709,0.004761904761904745,-0.21617021276595735,0.0,0.01669291338582668,-0.012440191387559809,0.013888888888888841,0.061611692142665486
47,2005-09-30,-0.07629043358568477,-0.17139084507042254,-0.12860495436766628,-0.0671870643992194,0.027608996908645045,-0.09830268741159832,-1.1410256410256407,-1.1410256410256407,-1.144578313253012,-1.15,-0.3906976744186047,1.3529411764705883,7.8839999999999995,-5.404522613065327,-0.6514306949089558,0.11236802413273006,-0.21470703893039733,-0.14018691588785034,0.024193548387096756,0.12796208530805694,0.1161780673181323,0.0,0.11245353159851312,-0.1589147286821705,0.013698630136986356,-0.11171455636248806
48,2005-12-31,0.02075028871586637,0.13385743121215346,0.03489137590520075,-0.01479378362223549,-0.004875518672199153,0.023921568627450984,-6.75,-6.75,-6.666666666666668,-6.333333333333334,0.040076335877862634,-2.5375,-1.1004052228725798,-1.6423274386765545,1.200426439232409,-0.10508474576271187,-0.386079118678017,-0.35869565217391297,-0.023622047244094446,-0.1260504201680671,0.061284046692607015,0.0,-0.025062656641603898,-0.3755760368663594,0.027027027027026973,0.15086023034267027
49,2006-03-31,0.014087591240875996,0.04806521128080199,-0.005436039787184877,0.028211739723949636,0.05066194099864485,0.13768671007276903,0.4901185770750989,0.4901185770750989,0.4558823529411764,0.484375,-1.4678899082568808,-1.4200542005420054,-0.18834080717488788,-1.1980461811722911,-0.1080426356589147,0.09015151515151533,-0.2430668841761827,-0.21791767554479424,0.03870967741935494,0.1153846153846152,0.7644362969752521,0.0075301204819278045,0.0359897172236503,-0.24354243542435414,0.039473684210526334,0.019335310106251447
50,2006-06-30,0.0009357230259843252,0.01358841408903988,-0.020758227700895412,0.004572945862221456,0.035221748189304465,-0.0030297929641474037,0.2281167108753315,0.2281167108753315,0.21212121212121213,0.2210526315789474,-5.36078431372549,0.096774193548387,-5.187845303867404,-1.8834080717488793,0.10700706137968496,0.10701876302988178,0.13793103448275867,0.1826625386996903,0.03726708074534146,0.06465517241379337,0.4581818181818183,0.005979073243647326,0.03446374414116326,0.15365853658536574,0.025316455696202445,0.008969153384643436
51,2006-09-30,0.0017977851287214184,-0.002204974422296724,0.016032302119826536,0.04023494860499266,-0.018976423231742427,-0.03393550565591763,-0.2419006479481641,-0.2419006479481641,-0.24166666666666656,-0.23275862068965514,0.3992805755395683,1.1058823529411763,-0.11609498680738785,1.7258883248730963,0.2634936211972523,-0.050219711236660365,0.356060606060606,0.3638743455497384,-0.001497005988023936,-0.0850202429149799,-0.1802636266476665,0.007429420505200569,-0.020788912579957297,0.3382663847780125,0.012345679012345512,-0.04078323022403752
52,2006-12-31,-0.018376283109611702,-0.056130115795986917,-0.031909298112325464,-0.008328627893845253,-0.0040054708870652656,0.028311779098217468,-0.6324786324786325,-0.6324786324786325,-0.6263736263736264,-0.6292134831460674,-0.8541131105398457,0.15921787709497215,0.10149253731343276,-2.7132216014897583,-0.3572815533980582,0.17052214144084601,-0.09916201117318436,-0.0863723608445297,-0.002998500749625155,0.17699115044247815,-0.15428074750108656,0.005899705014749346,0.01469787697332614,-0.11216429699842012,0.03658536585365857,-0.048215403882279295
53,2007-03-31,0.01078610603290686,0.052069675969282685,-0.005010564443102883,-0.04754448398576516,0.039431093673369284,0.14564921821889865,2.550387596899225,2.550387596899225,2.5588235294117645,2.545454545454545,-3.563876651982379,-0.6216867469879518,-0.4159891598915989,0.2641304347826088,-0.7027190332326284,0.06380575945793332,0.04806201550387579,0.06302521008403361,0.040601503759398534,0.06390977443609014,0.16289825282631032,0.007331378299120228,0.02816523605150212,0.026690391459074814,0.03529411764705892,0.10460526315789463
54,2007-06-30,-0.012479652740097658,0.023322058038098614,-0.006795291833515349,0.09445523837991332,-0.023308483533075356,-0.024032042723631464,-0.8122270742358079,-0.8122270742358079,-0.8099173553719008,-0.811965811965812,-2.6134020618556697,0.5732484076433122,0.29698375870069604,-1.120378331900258,0.2845528455284554,0.08067940552016982,-0.2677514792899407,-0.2648221343873518,-0.01734104046242779,0.03886925795053009,0.013698630136986356,0.0058224163027655864,-0.010957474563005444,-0.2876949740034662,0.03409090909090917,-0.06503871351995227
55,2007-09-30,0.003003663003662949,0.02139874739039671,-0.0056811240073304506,0.053256861941827216,0.01942028985507238,-0.04757561939504485,3.3139534883720927,3.3139534883720927,1.1304347826086951,1.1818181818181817,0.7550585729499468,0.5465587044534412,0.3542039355992845,2.7642857142857142,0.8338607594936709,0.1547151277013754,0.012121212121211977,0.02419354838709697,0.026470588235294246,0.1768707482993197,0.5706190061028771,0.00868306801736618,0.016354523872329052,-0.0024330900243307862,0.0219780219780219,-0.0301949292903555
56,2007-12-31,-0.001752976407859208,0.0169477090785215,-0.010444185046384448,-0.02580059639569554,0.00871955264903801,0.07612511969358438,0.10242587601078168,0.10242587601078168,0.12244897959183687,0.12500000000000022,-0.5807038834951457,0.09947643979057584,-0.09247027741083223,-1.7666034155597723,-0.3485763589301122,0.1675882603147596,0.25449101796407203,0.26771653543307083,0.014326647564469884,0.13583815028901736,0.13710796558423533,0.007173601147776099,0.01064105891513112,0.2268292682926829,0.032258064516129004,0.04387808723068831
57,2008-03-31,0.06186434477207881,0.18114060798928056,0.0532687651331718,0.03965930263508111,0.08061636756553603,0.1125611745513866,1.295843520782396,1.295843520782396,1.2909090909090906,1.2777777777777777,-1.9609261939218523,-2.0619047619047617,-1.240174672489083,-0.8737623762376238,-0.06754966887417213,-0.032786885245901565,0.33412887828162274,0.3457556935817805,0.08615819209039555,-0.04580152671755733,-0.2443251159384915,0.00712250712250717,0.01746276322547491,0.3240556660039764,0.02083333333333326,0.1360432922225019
58,2008-06-30,0.02625322997416024,0.07451786727169596,0.004185086943707672,-0.005504352278545843,0.0568646204677854,0.07517995201279648,-0.10117145899893497,-0.10117145899893497,-0.09523809523809534,-0.105691056910569,-3.6822289156626495,-1.7869955156950672,-6.563636363636364,-11.372549019607847,0.7514204545454546,0.2708097928436912,0.3631484794275493,0.3892307692307693,0.05591677503250958,0.17066666666666652,-0.07655038759689925,0.00990099009900991,0.030035335689045924,0.3468468468468469,0.030612244897959107,0.08048077988257463
59,2008-09-30,-0.016215127404572427,-0.05450346420323327,0.011270251232683659,-0.020723387823400663,-0.05421637186343065,0.01760476072402684,-0.05213270142180093,-0.05213270142180093,-0.05263157894736825,-0.045454545454545525,-0.05839416058394165,3.2962962962962967,-0.5610021786492374,-1.5349716446124764,-0.2295214922952149,-0.05898043864848845,0.14304461942257207,0.14839424141749724,-0.04310344827586199,-0.1093394077448746,-0.3368310598111227,0.008403361344537784,-0.038716000980152036,0.09253065774804914,0.04950495049504955,-0.03450043574101613
60,2008-12-31,0.0216693966693966,-6.978854072159367e-05,0.17686324587880198,-0.0022344900105152328,-0.2145963813500348,-0.10124269005847952,-0.42125,-0.42125,-0.40740740740740733,-0.4,-0.8318425760286225,-0.6657824933687002,-0.456575682382134,0.5053003533568905,-0.4484210526315789,-0.3681889763779528,0.05549177190968235,-0.0048216007714561035,-0.19819819819819806,-0.340153452685422,-0.4604430379746836,0.008333333333333305,-0.2312006117767015,-0.0020408163265306367,0.0,0.0021769140915366414
61,2009-03-31,0.008717726042954066,0.03357063093243995,-0.007496917385943269,-0.04795152153866422,0.05338354192047845,-0.06398264877321402,0.4924406047516199,0.4924406047516199,0.484375,0.4920634920634919,-0.4609929078014184,-0.11904761904761907,-2.4657534246575343,-1.0586854460093895,0.04770992366412208,0.08325024925224334,-0.038071065989847774,-0.09011627906976748,0.0497592295345104,0.3527131782945736,0.05962854349951119,0.009641873278236844,0.04409814323607431,-0.0633946830265848,-0.028301886792452824,0.08561589403973513
62,2009-06-30,0.0028145695364238947,-0.03862516037544739,-0.0422402226308205,-0.007610350076103556,0.09567868783513833,0.014192614047791484,0.002894356005788801,0.002894356005788801,0.0,0.0,8.118421052631579,0.3986486486486487,-3.0311526479750777,3.84,0.22040072859744986,0.1247123791992637,-0.013569543912551827,-0.05857294994675177,0.09938837920489307,0.07163323782234965,0.21217712177121786,0.008185538881309684,0.09272785011114636,-0.01965065502183405,-0.03883495145631066,-0.03123322434239428
63,2009-09-30,0.0056133399372626505,0.008007304909742219,-0.0018160120375655397,0.06692693809258232,0.026197102005565576,0.018563472797372468,-0.595959595959596,-0.595959595959596,-0.5894736842105263,-0.5957446808510638,-0.3549783549783549,-0.4412238325281803,-0.02760736196319014,-1.5867768595041325,-0.10597014925373137,0.010638297872340273,-0.17997707298433308,-0.2036199095022625,0.029207232267037583,-0.0802139037433156,0.056316590563165965,0.008119079837618505,0.02034292356873002,-0.1670378619153675,-0.0505050505050505,-0.05521132436653076
64,2009-12-31,0.029781645050073857,0.036652498083757264,0.04122050109158959,-0.0731834814427601,0.006545726575649891,0.012337025094630638,1.2178571428571432,1.2178571428571432,1.2051282051282048,1.263157894736842,-0.3478747203579419,0.7146974063400577,-1.2949526813880126,-3.352112676056338,0.27879799666110183,0.08582995951417005,0.02889095992544255,0.061079545454545414,0.002702702702702675,0.05232558139534893,0.3371757925072045,0.009395973154362249,-0.022500712047849647,0.08155080213903743,-0.021276595744680767,0.11847507331378315
65,2010-03-31,0.03086537848351512,0.10096121529878332,0.021416803953871574,0.035673998871968315,0.05193236714975846,0.04763883118681633,0.2463768115942029,0.2463768115942029,0.2325581395348839,0.2325581395348839,-1.1320754716981132,-0.4873949579831933,1.6042780748663104,-0.39520958083832336,0.13185378590078334,0.05331841909023116,-0.007246376811594123,0.01874163319946454,0.049865229110512166,0.05248618784530379,-0.024245689655172376,0.007978723404255428,0.020396270396270344,0.012360939431396822,0.010869565217391351,0.06306907565428799
66,2010-06-30,-0.0042994123105475355,0.012638134196226948,-0.01930596285434993,0.003675970047651411,0.02004769054137601,0.026834104428288263,-0.15116279069767447,-0.15116279069767447,-0.15094339622641506,-0.15094339622641506,-26.324675324675326,0.15081967213114744,-2.7166324435318274,6.495049504950496,0.8731257208765859,0.08389380530973445,-0.04014598540145986,-0.030223390275952663,0.02310654685494229,0.03149606299212593,0.043622308117062365,0.0079155672823219,0.024557395773843416,-0.04029304029304026,0.010752688172043,0.008923766816143486
67,2010-09-30,0.05737628529713267,0.06258290124201138,0.020034886618489844,0.13198589256646764,0.12744588744588747,-0.00553553038105048,0.2617960426179604,0.2617960426179604,0.2666666666666666,0.2555555555555553,-0.5,0.18803418803418806,-1.5765550239234452,0.3857331571994715,0.6459359605911329,0.02057478772044408,0.17395437262357416,0.20189701897018966,0.12672521957340033,-0.0025445292620865922,0.03333333333333344,0.007853403141361294,0.06633221850613147,0.20992366412213734,-0.010638297872340273,-0.06133605938041686
68,2010-12-31,-0.024648921793289813,-0.0659328188833409,0.04104167684565408,0.15446375074895147,-0.13108585470741818,0.049190938511326936,-1.6453558504221957,-1.6453558504221957,-1.6403508771929824,-1.646017699115044,-0.28512820512820514,0.11990407673860905,-3.695020746887967,-2.0085795996186846,-0.3958099513655069,0.19103999999999988,-0.4080971659919028,-0.4092446448703495,-0.11915367483296213,0.05612244897959173,-0.03481822836661541,0.009090909090909037,-0.10925248301097756,-0.41745531019978976,0.021505376344086,-0.19091813059330454
69,2011-03-31,0.029006897798126374,0.043311869760660926,-0.014971605575632376,-0.0592692547228566,0.1150684931506849,-0.01912399753238736,-2.7570093457943923,-2.7570093457943923,-2.794520547945205,-2.780821917808219,-1.855093256814921,-0.30406852248394,-1.1231716705157813,-0.2863894139886578,-0.4674922600619194,0.06260075228371842,0.06634746922024637,0.08015267175572505,0.11125158027812887,0.20772946859903385,0.7782493368700265,0.00900900900900914,0.08362676056338025,0.08122743682310474,-0.010526315789473715,0.10908878094457776
70,2011-06-30,0.01463614542474101,0.020727802037845636,-0.025681341719077544,0.020964360587002014,0.07846556233653001,0.021635220125786114,0.1404255319148937,0.1404255319148937,0.1297709923664121,0.1615384615384614,-4.412751677852349,0.4276923076923076,-4.6125,-2.3324503311258282,1.169767441860465,0.04981036662452598,0.16998075689544567,0.1978798586572439,0.0796359499431174,-0.05600000000000005,-0.047136038186157525,0.010204081632652963,0.06309233685350657,0.20701168614357268,0.0,-0.0002638383198775296
71,2011-09-30,-0.022099128728867323,-0.035822257714904986,-0.016431121326226258,-0.01707554306711334,-0.031380906886161575,0.061438069441024375,-0.19029850746268664,-0.19029850746268664,-0.17567567567567566,-0.1920529801324503,-0.2418879056047197,0.25,1.97923875432526,-1.7673956262425448,-0.4137191854233655,-0.03925818882466292,0.013706140350877137,0.017699115044247815,-0.013698630136986356,-0.11016949152542366,-0.22197871008140255,0.00883838383838387,-0.009679062659195159,-0.011065006915629394,0.03191489361702127,-0.019054153911115868
72,2011-12-31,0.10440759971678082,0.10595752233331356,0.21284741212151334,0.011434854315558018,-0.05872534142640363,0.05393805822990383,-0.10253456221198154,-0.10253456221198154,-0.0901639344262294,-0.10655737704918022,-0.459792477302205,2.8120689655172413,-2.0958188153310098,-1.6411917098445596,0.4524680073126142,-0.04863374279267985,0.5278528934559219,0.5130434782608695,-0.0512820512820511,-0.03571428571428581,-0.07444668008048294,0.010012515644555629,-0.14763374485596714,0.5146853146853148,-0.010309278350515427,0.09346246973365613
73,2012-03-31,0.02887671964738892,0.03953140044934211,0.04615889153070429,-0.002935101641482807,-0.0024987909076253922,0.03532907770195903,0.5288831835686778,0.5288831835686778,0.5405405405405403,0.5688073394495412,-0.851140456182473,-0.6928991406603346,-1.1748807631160572,-2.7797979797979804,-0.5544367526746381,0.2656126482213439,0.07362831858407093,0.036398467432950284,0.015765765765765716,0.3358024691358026,-0.18434782608695646,0.011152416356877248,-0.030476765238382605,0.024930747922437657,0.02083333333333326,0.042564708198012065
74,2012-06-30,0.014539412192335675,0.004837132712396386,-0.012108150470219405,0.08634976013955509,0.06618181818181812,-0.03773785478898695,-0.11922753988245173,-0.11922753988245173,-0.5555555555555556,-0.5614035087719298,17.919354838709676,0.930780559646539,1.9666666666666668,-1.0533484676503972,0.06638418079096042,0.08744534665833847,0.001978239366963397,-0.03512014787430684,0.06541019955654104,0.07024029574861368,0.006929637526652321,0.011029411764705843,0.05073140367258033,-0.031531531531531536,-0.010204081632653073,-0.07499882003115121
75,2012-09-30,0.04051079946770386,0.03728171250064016,0.02249018285668947,0.09122842232035322,0.07973321206609074,-0.0030932390631904787,-0.14204003813155386,-0.14204003813155386,-0.14473684210526316,-0.1333333333333333,-0.6351236146632566,-0.456140350877193,-0.936670071501532,0.8936170212765957,0.11788079470198665,0.05169442848937389,-0.012175057584731808,-0.03544061302682,0.07908428720083238,-0.012089810017271165,0.05346744309158269,0.01090909090909098,0.03791469194312791,-0.0027906976744185297,-0.030927835051546393,-0.04944382079804066
76,2012-12-31,0.0757519860301532,0.07716613181930397,0.09360695166420974,0.04423802078543182,0.03909869437034952,0.10815602836879434,0.13555555555555565,0.13555555555555565,0.1384615384615384,0.1384615384615384,-0.683411214953271,0.7293127629733521,-15.338709677419354,-1.820224719101124,-0.0864928909952607,-0.00018204988166758973,0.015323117921385744,0.020854021847070525,0.03664416586306651,-0.07342657342657344,-0.014572864321607981,0.01678657074340539,-0.03424657534246578,0.035447761194029814,-0.010638297872340273,0.03151001127274688
77,2013-03-31,0.016941402409748733,0.047437895315794336,0.05168316129261119,-0.1300863131935882,-0.029858812402891344,-0.009800000000000031,0.2808219178082192,0.2808219178082192,0.28378378378378377,0.2702702702702702,-2.6420664206642064,-0.5523114355231143,0.1844769403824522,-1.7534246575342465,0.07133592736705574,0.087035688273853,-0.0075459317585302435,-0.008754863813229541,-0.018604651162790642,0.04716981132075482,0.016318204997450403,0.01533018867924518,-0.04580378250591,0.015315315315315159,-0.03225806451612912,0.20410074937552047
78,2013-06-30,-0.022099820143884896,-0.044895637334266825,-0.07207906098219108,0.28470183254024506,0.07764083281108558,-0.031104827307614658,-0.0985485103132162,-0.0985485103132162,-0.0842105263157894,-0.07446808510638292,-7.238202247191012,0.04166666666666674,-3.1310541310541313,-1.945454545454545,-0.06295399515738498,0.006197654941373587,-0.009586776859504155,0.004906771344455274,0.07582938388625582,0.025225225225225408,-0.021575514300050117,0.0,0.10188912976153608,0.01597160603371783,-0.011111111111111072,-0.2565476704987467
79,2013-09-30,0.13359542037381875,0.19608741466990431,0.29301006869979274,0.6285759319095279,-0.1444171620573792,-0.17187825724411088,-0.8483050847457627,-0.8483050847457627,-0.8505747126436781,-0.8505747126436781,-0.5817723342939481,6.961739130434783,-2.6613190730837792,-7.1923076923076925,0.4160206718346253,0.10637589478941224,-0.14886515353805066,-0.2041015625,-0.1242290748898679,0.02987697715289972,0.06512820512820516,0.03135888501742179,-0.24536256323777395,-0.13886462882096084,-0.0674157303370787,-0.26560865015695845
80,2013-12-31,0.06173440415348419,0.12804994828973082,0.02977060609468118,-0.038616017420759714,0.14779850464466435,0.4231592196349905,0.5139664804469273,0.5139664804469273,0.4615384615384615,0.5384615384615385,-1.1765719207579672,-0.8193534294451725,-0.6848175965665235,-0.577639751552795,0.12408759124087587,0.09599759253686437,-0.20901960784313733,-0.2392638036809817,0.15090543259557346,0.25085324232081896,0.3086181993259509,0.015765765765765716,0.08119180633147116,-0.2312373225152129,-0.012048192771084376,0.17343465526794888
81,2014-03-31,-0.02760161980440101,-0.06536502546689305,-0.07092353471103707,-0.13087028741128506,0.07448348466903543,-0.16706465021667993,1.4206642066420665,1.4206642066420665,1.5789473684210529,1.4499999999999995,3.721951219512195,-2.494558645707376,-1.4825531914893617,-3.2573529411764706,-0.2491883116883117,0.03830313014827014,-0.2473971244422409,-0.24838709677419346,0.07167832167832168,-0.0982264665757162,0.3002207505518766,0.016629711751662946,0.10506372717878044,-0.21240105540897106,-0.04878048780487798,0.07535078251484095
82,2014-06-30,0.007189581000648149,-0.0001816530426884677,-0.013046161078952734,-0.019574911681241702,0.04751990202082057,0.048842641749840654,0.6631097560975611,0.6631097560975611,0.6734693877551019,0.653061224489796,-3.18904958677686,-1.395631067961165,1.4955908289241622,-1.7133550488599347,0.2367567567567568,-0.017321168848340673,-0.06455862977602111,-0.07510729613733913,0.047308319738988525,-0.08320726172465975,0.2444821731748725,0.016357688113413316,0.03990024937655878,-0.04522613065326631,-0.02564102564102566,0.01976036635091893
83,2014-09-30,0.02414526163867925,0.038263081395348834,0.032123611896751836,0.028708133971291794,0.007365836548579362,0.0284470540595263,-0.4839596700274977,-0.4839596700274977,-0.4878048780487805,-0.4814814814814815,-0.5913166588013214,0.5153374233128833,-0.9901060070671378,-0.547945205479452,0.08653846153846145,-0.1354951560818083,0.10352112676056358,0.15777262180974486,0.007009345794392496,-0.1749174917491748,-0.10368349249658926,0.016094420600858417,-0.01618705035971224,0.11052631578947357,0.039473684210526334,0.009288877952756014
84,2014-12-31,0.01702500428481657,0.026983515906625174,0.08933310257297801,0.09698535745047376,-0.11182683379758583,0.07510581750172253,0.3587921847246891,0.3587921847246891,0.3571428571428571,0.3571428571428571,0.9861431870669746,-0.5168690958164642,106.42857142857143,-2.4949494949494953,-0.11906677393403052,-0.1383657587548638,0.18953414167198468,0.18436873747494986,-0.1121423047177107,-0.1439999999999999,-0.2686453576864537,0.015839493136219573,-0.12675198049969527,0.20379146919431304,-0.012658227848101222,-0.06381422563539951
85,2015-03-31,-0.005392753487501123,0.13467829880043625,0.017423540315106626,0.05506700167504186,-0.06246324730480235,-0.3962644204358177,-1.611764705882353,-1.611764705882353,-1.6140350877192984,-1.6140350877192984,-2.7279069767441864,0.9497206703910616,-3.4255319148936163,-0.7094594594594594,-0.03926940639269405,0.08489884393063596,-0.3454935622317597,-0.3722504230118443,-0.06358885017421613,0.22196261682243,-0.09018383628165094,0.017671517671517645,-0.05757152826238665,-0.3175853018372704,-0.08974358974358987,0.07545572916666665
86,2015-06-30,0.3320029369128528,0.1429901489668428,0.26666319652291604,-0.017364556459614988,0.5121611262108858,0.3453139217470427,-16.86111111111111,-16.86111111111111,-16.885714285714286,-16.885714285714286,-1.4192462987886945,-7.008595988538683,-1.4684758771929824,-87.5813953488372,3.5389733840304185,-0.06526806526806528,2.9598360655737705,2.8867924528301883,0.5106976744186045,-0.0019120458891014325,0.4761723217689669,0.01736465781409624,0.1355053683820806,3.3576923076923078,-0.09859154929577464,0.16320600520612638
87,2015-09-30,-0.08878900949796475,-0.1491447039966366,-0.11804228564383899,-0.2653741290518025,-0.02585491750391744,-0.0635779506256341,-1.003233194126364,-1.003233194126364,-1.0053956834532374,-1.0053956834532374,-2.106741573033708,-0.9928469241773964,-0.029256875365710974,-1.8160085952189091,-0.6362303664921466,-0.2401140007125045,-0.1208859449389359,-0.11719833564493752,-0.025862068965517127,-0.4961685823754789,-0.8223140495867769,0.016064257028112202,0.06912292142158473,-0.02118270079435125,-0.10937500000000012,0.1582097319802236
88,2015-12-31,-0.018783930510314902,-0.08220870263426082,0.02916783151616809,-0.0011683848797250376,-0.117329800823201,0.08258095582039249,80.08333333333333,80.08333333333333,49.66666666666667,49.66666666666667,-0.6577229876722263,-2.2666666666666666,-0.7305605786618445,-0.6869651086240949,-0.5474956822107081,-0.1015002344116268,-0.3809748057452319,-0.3770620581304006,-0.11757269279393168,-0.07984790874524716,-0.03052325581395343,0.01679841897233203,-0.10064043915828004,-0.3142470694319206,-0.08771929824561397,-0.08115030330262851
89,2016-03-31,0.010196177618994941,-0.005619300784010185,-0.0069042013763129795,-0.0013761783527145301,0.050651230101302465,-0.11175358612253973,-1.2482014388489209,-1.2482014388489209,-1.236842105263158,-1.236842105263158,-3.125,10.710526315789474,0.5883668903803132,-0.8496319663512093,-0.1819338422391857,-0.031046177928515495,0.11373145682769105,0.1412358133669609,0.05014326647564471,0.09917355371900838,0.5217391304347827,0.01554907677356665,0.0400135639199728,0.14266929651545035,0.0,-0.004254486771969379
90,2016-06-30,-0.01693164747120679,-0.018983486735246302,-0.0334617401016617,-0.0669744367119135,0.01882460973370059,0.014396594892338575,0.34989648033126297,0.34989648033126297,0.3611111111111112,0.3611111111111112,0.23828514456630104,-0.6584269662921348,0.1281690140845071,-3.0489510489510487,0.4556765163297045,0.17501346257404427,-1.1437841530054644,-1.1447513812154697,0.017735334242837686,0.12030075187969926,-0.015763546798029604,0.0,0.036517769807629774,0.0,0.0,0.05146842156959042
91,2016-09-30,-0.011524625131323464,-0.032768790314235414,-0.03565785439709457,-0.03345395465622925,0.04366331180211303,-0.003208688140195037,0.22239263803680973,0.22239263803680973,0.20408163265306126,0.20408163265306126,0.3148148148148149,1.4671052631578947,0.1148564294631711,0.2662116040955631,0.3963675213675213,0.0591200733272228,-0.9833729216152018,-0.9847328244274808,0.043565683646112685,0.04026845637583887,0.0,0.0,0.05567788612771318,0.0,0.01923076923076916,0.0007006071929005486
92,2016-12-31,-0.01135302264163096,0.016083591883313764,0.013988408207185056,0.0988691931540342,-0.060739816725039586,0.07168503157112792,-0.8005018820577164,-0.8005018820577164,-0.7966101694915254,-0.7966101694915254,-0.32639314145744025,0.013333333333333421,0.5296752519596863,-2.7924528301886795,-0.5087987758224943,0.14430982258762448,-150.42857142857142,-168.0,-0.059730250481695564,0.096774193548387,0.0,0.046889952153110086,-0.049761620977353926,-0.6334867663981587,-0.018867924528301886,-0.07533255542590434
93,2017-03-31,-0.016777157004870258,0.24743787729889102,-0.000337650435327852,0.035182867473230406,-0.041068600909230264,-0.3114602587800369,-8.81132075471698,-8.81132075471698,-8.75,-8.75,-1.3172727272727274,-0.18157894736842106,-1.7064421669106882,-1.4796992481203008,0.4968847352024923,0.21440726035167332,-0.8231357552581262,-0.8233532934131736,-0.04303278688524592,0.29117647058823515,3.1211211211211216,0.01553930530164527,-0.024772656005017324,-0.8131868131868132,-0.03846153846153855,0.20503760537075366
94,2017-06-30,-0.00861454864735023,-0.019244837094142157,-0.04518806243817708,0.035666308436324456,0.07169871624141044,0.10201342281879187,-1.6014492753623188,-1.6014492753623188,-1.6021505376344083,-1.6021505376344083,-9.45272206303725,0.05787781350482324,-3.5523316062176167,-0.4639498432601881,0.17793964620187294,0.1457262961233068,0.2540540540540541,0.2881355932203391,0.07066381156316925,0.1958997722095672,5.620354627155696,0.0,0.08102893890675245,0.32773109243697474,-0.040000000000000036,-0.053030620366104064
95,2017-09-30,0.012115034339855946,0.02536003213035753,-0.0090964220739842,0.05752642843245347,0.05387941746607683,-0.016138855054811163,-0.2610441767068273,-0.2610441767068273,-0.267857142857143,-0.267857142857143,-0.7986440677966102,-1.43161094224924,-0.6163215590742996,-2.1345029239766085,-0.17137809187279152,0.1285500747384154,-0.5344827586206896,-0.5263157894736843,0.05266666666666664,0.055238095238095315,-0.1038303492808923,0.0,0.04134443783462238,-0.5063291139240507,-0.04166666666666663,-0.030388817622860283
96,2017-12-31,0.519994056267336,0.02196295674556548,0.6572827417380661,0.35496136391512323,0.2648210158939772,0.5159393376663572,8.603260869565217,8.603260869565217,8.609756097560973,8.902439024390244,-0.7306397306397306,-91.42253521126759,-16.422222222222224,-10.752577319587632,2.0170575692963757,0.10523780854906684,21.83333333333333,20.833333333333336,0.2640911969601014,0.048736462093862835,1.3486858265782369,0.04410441044104418,-0.1679520137103685,22.85897435897436,-0.08695652173913049,-0.2457572992700729
97,2018-03-31,0.10240813356071388,0.18695759301338727,0.09773510585918266,0.215714673667059,0.1136550078305616,0.23591261739485514,-0.4959441614789663,-0.4959441614789663,-0.4974619289340102,-0.5172413793103448,-5.9,-1.0351246105919003,-0.9218471250171538,-0.5946088794926004,0.27102473498233226,-0.06612920797472499,0.5344687753446877,0.5025445292620865,0.11222444889779548,-0.2616179001721169,-0.963551743973226,0.013793103448275891,0.01029866117404743,0.4261149919398175,0.0714285714285714,-0.023710155446682316
98,2018-06-30,-0.042456966627582686,-0.07902020481594241,-0.06193933617403001,-0.08849590469099032,0.0032143574633363148,0.04261997191707279,-0.5145958083832336,-0.5145958083832336,-0.5151515151515151,-0.5102040816326531,-4.466836734693878,-1.9135254988913528,-3.3625987708516236,-1.434159061277705,-0.09257714762301916,-0.027881474568362097,-0.037262156448202965,-0.053344623200677344,0.0027027027027028967,-0.12587412587412586,-0.4299378287900526,0.0,0.04757050628610271,-0.09721175584024122,0.04444444444444429,0.01040827705842262
99,2018-09-30,-0.032032680949146915,-0.1256699223641372,-0.054374299589092234,-0.07221337254421434,0.016754555770642776,-0.17959280678127232,-0.4387047031611411,-0.4387047031611411,-0.4374999999999999,-0.4374999999999999,-0.188373804267844,0.004854368932038833,0.2274247491638797,3.501501501501502,-0.4592524509803922,0.035041401656066284,-0.06258578094976662,-0.07066189624329157,0.016172506738544534,0.03200000000000003,-0.02097315436241609,0.028061224489795974,0.0502757054816736,-0.07011686143572626,0.0,-0.05757557177018835
100,2018-12-31,0.06031742656985827,0.1543881759853345,0.06878298517839654,0.3178076161127008,0.024520745798319418,0.1772885283893395,-0.554945054945055,-0.554945054945055,-0.5740740740740741,-0.5925925925925926,-1.2067089755213056,1.2560386473429952,-1.3699666969421738,-0.9012675116744496,-0.08385269121813033,-0.06017391304347819,-0.5159590043923865,-0.507218479307026,0.042882404951370516,-0.07493540051679592,-0.07626392459297349,0.03391232423490487,-0.033662754786905384,-0.5233393177737882,0.021276595744680767,-0.12400780741704608
101,2019-03-31,-0.0028372918400288998,0.043149223363604834,0.0577033959697808,0.11498630320037415,-0.11537598923456473,-0.022227690288713964,5.657407407407407,5.657407407407407,6.08695652173913,6.363636363636363,5.078947368421051,-0.7408993576017131,1.049099836333879,2.5270270270270268,-0.32282003710575136,0.006415001233654127,-0.08590441621294609,-0.09765625000000012,-0.11106401017380252,-0.033519553072625774,1.0565862708719855,0.03200000000000003,-0.1128155960370726,-0.09887005649717516,0.0,-0.06446821152703508
102,2019-06-30,-0.012215966217574923,-0.025475131419328775,-0.01741634284755811,-0.032208772770853315,0.0009416877942773905,0.01174398120963005,-0.19100602688919802,-0.19100602688919802,-0.1901840490797545,-0.18518518518518526,-1.1865079365079363,0.2272727272727273,-1.1936900958466454,-0.5,-0.2383561643835617,-0.053321892620740274,0.12177365982792845,0.09523809523809534,0.010491177873152235,0.06358381502890187,0.042850699142986,0.03100775193798455,0.013328530259365978,0.11285266457680265,0.0,0.006986344871387606
