,Quarter end,Assets,Current Assets,Liabilities,Current Liabilities,Shareholders equity,Revenue,Earnings,Earnings available for common stockholders,EPS basic,EPS diluted,Cash from operating activities,Cash from investing activities,Cash from financing activities,Cash change during period,Cash at end of period,Price,ROE,ROA,Book value of equity per share,P/B ratio,P/E ratio,Cumulative dividends per share,Equity to assets ratio,Net margin,Asset turnover,Current ratio
0,1993-12-31,-0.015754764562075696,-0.13572865297433112,-0.023768561182212492,-0.2067347359455504,0.0017897350319111551,0.22406226143014685,0.3325321106746153,0.3325321106746153,0.320754716981132,0.6190476190476191,-0.13435346735170595,0.7564907089081334,-0.5979902275853013,-0.6387039502885042,-0.414988093201942,-0.05745914602003166,0.00480384307445969,0.042654028436018836,-0.000926784059314123,-0.12650602409638556,0.044117647058823366,inf,0.01786283891547047,0.010449320794148287,0.0,0.08947987070232166
1,1994-03-31,-0.015754764562075696,-0.13572865297433112,-0.023768561182212492,-0.2067347359455504,0.0017897350319111551,0.22406226143014685,0.3325321106746153,0.3325321106746153,0.320754716981132,0.6190476190476191,-0.13435346735170595,0.7564907089081334,-0.5979902275853013,-0.6387039502885042,-0.414988093201942,-0.05745914602003166,0.00480384307445969,0.042654028436018836,-0.000926784059314123,-0.12650602409638556,0.044117647058823366,inf,0.01786283891547047,0.010449320794148287,0.0,0.08947987070232166
2,1994-06-30,-0.00025124357411931975,0.015375696247475812,0.00039742013515486896,-0.027105040688757187,-0.0016351237333693813,0.22406226143014685,0.3325321106746153,0.3325321106746153,0.320754716981132,0.6190476190476191,-0.13435346735170595,0.7564907089081334,-0.5979902275853013,-0.6387039502885042,-0.25629146519734625,-0.12416107382550336,0.00480384307445969,0.042654028436018836,0.012059369202226387,-0.12650602409638556,0.044117647058823366,0.6774193548387097,-0.0012535255405828893,0.010449320794148287,0.0,0.04369521240728247
3,1994-09-30,0.007745126813921255,0.133510177654782,-0.00029666354453283805,0.00514384296303394,0.024936671422151724,0.04840660075520753,0.7660418140063412,0.7660418140063412,0.7857142857142858,0.6190476190476191,0.5408591665650944,-0.20573107644738664,0.29402764406546544,-7.329720954720955,2.1813027306540866,-0.004469987228607919,0.00480384307445969,0.042654028436018836,0.031164069660861493,-0.013793103448275891,0.044117647058823366,0.40384615384615374,0.01694383432695323,0.010449320794148287,0.0,0.12766507300684848
4,1994-12-31,-0.027049659992935186,-0.23708057977720895,-0.039307433609963034,-0.1855382930524716,-0.0014904246461282524,-0.14877916584043893,-0.6572010942927593,-0.6572010942927593,-0.6559999999999999,0.6190476190476191,-0.3621254136435349,-0.3952699119736982,1.1124935234021072,-1.86405761539368,-0.5924526508400465,0.07055805003207194,0.00480384307445969,0.042654028436018836,0.000888888888888939,0.034965034965035,0.044117647058823366,0.2876712328767124,0.026226473310706492,0.010449320794148287,0.0,-0.06325197662426951
5,1995-03-31,-0.0014262599210500546,0.05715070968475655,-0.0020699775936504627,0.2388425753756731,-0.00013485068146057433,-0.08576251813152846,0.31049419177003346,0.31049419177003346,0.3255813953488371,0.6190476190476191,0.4349220456220848,0.5282047578764932,-0.3880114081234141,-1.5920019253138662,0.8605947521865889,0.06710605152786077,0.00480384307445969,0.042654028436018836,0.004440497335701732,0.06756756756756754,0.044117647058823366,0.23404255319148934,0.0015033072760071153,0.010449320794148287,0.0,-0.14666666666666672
6,1995-06-30,0.0019195023341973536,0.04314686429197545,-0.0023720238282956,0.10283448185288148,0.010512384941485651,0.24576724654865176,0.3852363782051281,0.3852363782051281,0.38596491228070173,0.6190476190476191,0.10375580655615703,0.3765416680730416,0.4935362545215389,-1.4718006396010623,-0.21822546475624585,0.058394160583941764,0.015936254980079667,0.042654028436018836,0.01326259946949615,0.05696202531645556,0.044117647058823366,0.18965517241379315,0.008405884118883211,0.018614270941054837,0.023809523809523725,-0.054185779816513735
7,1995-09-30,0.0005205245169741524,0.0946501075211319,-0.018571471685797203,-0.03659091367334388,0.03826083183636242,0.08202838434497561,0.7385793408627497,0.7385793408627497,0.7341772151898736,0.6190476190476191,-0.0802240226197597,-0.3950587012171798,0.10356820949641876,-0.3896946893758796,-0.17036134339247488,0.0366047745358089,0.021176470588235352,0.042654028436018836,0.03926701570680624,0.0239520958083832,0.006259780907668322,0.15942028985507273,0.03780887168800251,0.020304568527918843,0.023255813953488413,0.13625341012428005
8,1995-12-31,-0.013550665475042023,-0.14045275599137094,-0.019522362894225487,-0.01626668149102528,-0.002392209749532248,-0.14220147356362833,-0.6892480318071608,-0.6892480318071608,-0.5766423357664234,0.6190476190476191,-0.5012319988649531,0.8339116054346769,-0.8690610163256781,1.6967386700550615,-0.5537591805179745,0.110030706243603,-0.01382488479262689,0.0,-0.0008396305625524293,0.06432748538011701,0.06765163297045107,0.13749999999999996,0.011474469305794656,-0.01592039800995026,0.0,-0.12618380685607578
9,1996-03-31,-0.01547447650439926,-0.057733917357116415,-0.02326497880116529,-0.1561201295355561,-0.0011674421156564474,-0.002681880886585275,0.2541755888650963,0.2541755888650963,-0.06896551724137923,0.6190476190476191,1.3073713754717342,-0.2604940236226041,7.0297121634169,-0.6878697450395268,-0.3873356865972237,0.039188566159520384,-0.02180685358255452,-0.004545454545454518,0.003361344537815114,0.038461538461538325,-0.00801165331391118,0.12637362637362615,0.014463981849120788,-0.041456016177957584,0.04545454545454541,0.11662341627232498
10,1996-06-30,-0.0017389743353116716,0.12308230833853905,-0.008008711715696505,0.05125201289513415,0.00952048613968115,0.08571731603357713,0.6039888168004097,0.6039888168004097,0.5925925925925926,0.6190476190476191,-0.30672310347661713,-0.3044520425119849,-0.4947431153490358,-3.8309292183830927,1.7897564596514792,-0.02661934338952965,0.011146496815286788,0.029680365296803624,0.011725293132328396,-0.0264550264550264,-0.017621145374449254,0.1121951219512196,0.011182555213866465,0.02004219409282704,0.021739130434782483,0.06821599453178395
11,1996-09-30,0.011166593644230671,0.22403252210288893,-0.004049414888335989,-0.03790175296075826,0.03801766975205867,0.20047202130676234,0.6639678537451851,0.6639678537451851,0.6744186046511627,0.6190476190476191,0.4555399461772831,0.45229930990623995,0.8151858176504763,-0.7474029308369871,0.16205258156477664,0.01731996353691878,0.00629921259842514,0.02217294900221733,0.039735099337748325,0.005434782608695564,-0.003736920777279607,0.10087719298245612,0.026541332596074163,-0.013443640124095045,0.021276595744680767,0.2723317123112363
12,1996-12-31,-0.0131247147534157,-0.0805527349993419,-0.020182048622521157,-0.007269067671187623,-0.0011756294729112768,-0.1888636917177281,-0.6589222600713269,-0.6589222600713269,-0.5555555555555556,0.6190476190476191,-0.4357846081795136,-0.5657342698723601,-0.6783793045479821,7.148318999218138,1.1363135801123043,0.022401433691756182,0.007042253521126751,0.02386117136659438,0.002388535031847105,-0.016216216216216273,0.0015003750937734315,0.09163346613545832,0.01211957985456502,0.006289308176100628,0.02083333333333326,-0.07382820358076847
13,1997-03-31,0.03684647668287355,0.13505565681690546,0.05824424745623924,0.23869171667461764,0.0013063648867235322,0.006832308521888875,0.18474017981690086,0.18474017981690086,-0.09375000000000012,0.6190476190476191,0.8444182194168661,0.2458337307697549,1.2199024978639996,0.907491100300335,1.0146020047771676,-0.009640666082383786,0.0007770007770007138,0.004237288135593209,0.0007942811755361491,-0.01098901098901095,-0.026966292134831368,0.0875912408759123,-0.03432676955827574,-0.002083333333333437,0.0,-0.08362293657688957
14,1997-06-30,0.006589730568428598,-0.007147023737578141,0.0013763358690670466,0.07467307882341312,0.015741178317886018,0.09822355906788928,0.6264433208995834,0.6264433208995834,0.6379310344827587,0.6190476190476191,-0.13537337497162805,2.571017631360196,-0.21882570286216246,-1.2873743039241825,-0.14472860852492242,0.004424778761061843,0.010869565217391351,0.012658227848101332,0.01746031746031762,0.0,-0.0069284064665127145,0.08053691275167796,0.00909341416368159,0.005219206680584509,0.020408163265306145,-0.07620289168049299
15,1997-09-30,0.009985453676927936,0.1875814270364604,-0.0058532342555681635,0.10391606033885203,0.0373950516335364,0.17126664545457415,0.5960592032022776,0.5960592032022776,0.6000000000000001,0.6190476190476191,0.2313983565785513,-0.6098330428710133,0.7045444006492001,-3.147458339168184,0.36339185478543934,0.06916299559471373,0.006912442396313168,0.01041666666666674,0.03900156006240252,0.049999999999999815,0.042635658914728536,0.07453416149068315,0.027307482250136458,0.006230529595015577,0.0,0.07581783194355363
16,1997-12-31,-0.03349244852409816,-0.2989850883113245,-0.053667529906731966,-0.1996159865360352,-3.405456780114502e-05,-0.2051017498937584,-0.6562689383111314,-0.6562689383111314,-0.7565789473684209,0.6190476190476191,-0.8163779510194179,0.9758450693168794,-0.13433287538936578,-4.312235083143136,-0.8826793430912255,0.12814173877214666,-0.005339435545385296,0.004123711340206171,0.0007507507507507062,0.08994708994709,0.10334572490706327,0.06936416184971095,0.03455608718766623,0.0010319917440659854,0.0,-0.12413546386835195
17,1998-03-31,0.0017672102176882198,-0.0535876475930972,0.0014466070489216332,-0.03669112741827885,0.00227038183694539,-0.09453390828399966,0.1975649512657596,0.1975649512657596,0.7027027027027026,0.6190476190476191,3.5438622829404998,0.2356224795883908,-0.5089662758038223,-1.0442973335466168,0.3333333333333333,0.10701241782322857,-0.0023006134969324465,0.014373716632443578,0.003750937734433579,0.10194174757281547,0.19474393530997314,0.06756756756756754,0.0005138746145940676,0.0288659793814432,0.0,-0.017562968005445878
18,1998-06-30,0.029909389784299467,0.5633397312859885,0.0384766907419567,0.3047091412742382,0.016474464579901094,0.26457399103139023,0.6296296296296295,0.6296296296296295,0.6190476190476191,0.6190476190476191,0.19603524229074895,-0.2990353697749196,-1.248,18.777777777777782,4.9444444444444455,0.025404157043879882,0.004611837048424494,0.018218623481781385,0.017937219730941534,0.022026431718061627,0.01015228426395942,0.06329113924050622,-0.013097072419106405,0.002004008016032177,0.0,0.19817073170731714
19,1998-09-30,0.0,0.08717004297114794,-0.023646939807789532,-0.03450106157112531,0.037884927066450524,0.1814420803782506,0.6306818181818181,0.6306818181818181,0.6274509803921569,0.6274509803921569,-0.014732965009208066,-0.3211009174311926,-12.870967741935484,-0.946629213483146,0.044392523364485965,0.04311454311454321,0.023718439173680217,0.03976143141153088,0.0396475770925111,0.02586206896551735,0.022892238972640918,0.059523809523809534,0.03799115274525122,0.015999999999999792,0.020000000000000014,0.12606985889428635
20,1998-12-31,-0.06345375272500775,-0.28514963297571994,-0.10594482579976684,-0.09785596481583292,0.0005855943782939742,-0.1835917958979489,-0.6759581881533101,-0.6759581881533101,-0.7771084337349398,-0.7771084337349398,-0.6056074766355141,-0.20270270270270274,-0.040760869565217406,-14.68421052631579,-0.5816554809843401,0.026218383713757062,-0.009715994020926709,0.01147227533460815,0.0035310734463276368,-0.012605042016806678,-0.013100436681222849,0.056179775280898785,0.06818751566808734,-0.01870078740157477,0.03921568627450989,-0.20758011503697624
21,1999-03-31,0.02219635879956772,0.12796208530805694,0.02622048384760256,0.17794028031687992,0.016777214202106986,-0.13480392156862742,1.247311827956989,1.247311827956989,2.2972972972972974,2.2972972972972974,2.2227488151658767,1.9152542372881356,-1.0708215297450423,-2.3884615384615384,1.93048128342246,-0.15779981965734902,0.13207547169811318,0.15689981096408312,0.017593244194229474,-0.16170212765957448,-0.15763274336283173,0.05531914893617018,-0.005163107251818788,0.13941825476429304,0.018867924528301886,-0.04251458198314961
22,1999-06-30,0.08214053350683148,0.11834733893557425,0.1506211180124224,0.4728401448525608,-0.010936300844205715,0.14305949008498575,-0.631578947368421,-0.631578947368421,-0.6311475409836065,-0.6311475409836065,-0.3970588235294118,2.61046511627907,34.16,-0.8698060941828255,0.08576642335766428,0.01142041399000715,-0.1386666666666666,-0.13725490196078427,-0.005532503457814642,-0.005076142131979711,-0.12869336835193698,0.052419354838709735,-0.08610521349374843,-0.11971830985915488,-0.01851851851851849,-0.24069310951671866
23,1999-09-30,0.01608297008868176,0.01314965560425807,0.0013495276653170407,-0.2072356866877415,0.03937924345295829,0.17224287484510525,2.7792207792207795,2.7792207792207795,2.7777777777777777,2.7777777777777777,0.04390243902439028,-0.7512077294685992,-1.3913538111490331,-5.787234042553193,-0.3781512605042017,-0.06669019054340153,-0.005417956656346812,-0.007575757575757569,0.03963838664812225,-0.061224489795918324,0.07761868877166545,0.04980842911877415,0.022973670624677256,0.02299999999999991,-0.03773584905660377,0.27812444285968985
24,1999-12-31,-0.005843195266272193,-0.15142150803461066,-0.011149228130360234,-0.17146654851572884,0.002239641657334923,-0.19661733615221988,-0.5876288659793815,-0.5876288659793815,-0.7,-0.7,-0.8948598130841121,-0.1035598705501618,-1.6482558139534884,-0.96,-0.024324324324324298,-0.11493383742911145,0.028793774319066268,0.011450381679389166,0.0073578595317727044,-0.1467391304347826,-0.12447552447552455,0.047445255474452434,0.008074690890739422,0.05865102639296184,-0.03921568627450989,0.02413167805830652
25,2000-03-31,-0.005951938099843734,-0.2155863073561544,-0.012637839177301435,-0.09251336898395723,0.004096834264432081,-0.03421052631578947,0.008333333333333305,0.008333333333333305,0.3921568627450979,0.3921568627450979,9.666666666666666,0.4837545126353791,-2.461883408071749,27.555555555555557,-0.7119113573407202,-0.09611277231952152,-0.13388804841149782,-0.1433962264150943,0.004648074369189903,-0.1019108280254778,-0.12859424920127793,0.04703832752613235,0.01026282853566962,-0.133887349953832,-0.020408163265306145,-0.13565785889403426
26,2000-06-30,0.062495322206421726,0.4948932219127205,0.09135399673735732,0.4307601649970536,0.01984421364985156,0.13760217983651235,0.6859504132231404,0.6859504132231404,0.6901408450704225,0.6901408450704225,-0.44166666666666665,0.4744525547445255,-2.4355828220858893,-1.5058365758754864,1.25,0.09451795841209833,0.18951965065502166,0.18942731277533031,0.022471910112359602,0.08510638297872353,0.2593950504124656,0.044925124792013486,-0.04013875123885036,0.19829424307036247,0.0,0.04491017964071853
27,2000-09-30,0.052197802197802234,0.14472049689441002,0.06450500172473261,0.21622734761120266,0.032733224222585955,0.2497005988023953,0.5392156862745099,0.5392156862745099,0.5416666666666667,0.5333333333333334,0.1455223880597014,-0.3828382838283828,-0.5512820512820513,0.10000000000000007,0.6111111111111112,0.2335924006908463,0.016152716593245353,0.005555555555555536,0.03749191984486111,0.20915032679738574,0.009461426491994107,0.042993630573248336,-0.01858544140423346,0.0008896797153026269,0.0,-0.05881465842256073
28,2000-12-31,0.02430206868849161,-0.033640803038524125,0.048498595809030036,-0.06434134778191669,-0.015143511181546,-0.1102060373742214,-0.7929936305732483,-0.7929936305732483,-0.8918918918918919,-0.8858695652173914,-1.2573289902280131,0.4759358288770053,0.8238095238095238,-2.734265734265734,-0.6578249336870027,0.15820791039551985,-0.08164739884393069,-0.10313075506445668,-0.008722741433021873,0.11351351351351345,0.12040374909877438,0.04122137404580162,-0.03840084166228297,-0.11644444444444445,0.02083333333333326,0.032847300112161415
29,2001-03-31,0.02372549019607839,0.007299270072992803,0.03420212217987029,0.07600434310532034,0.005542642588950431,0.04523424878836835,0.6923076923076923,0.6923076923076923,2.25,2.095238095238096,-7.746835443037975,0.12318840579710155,-0.8250652741514359,-0.9193548387096774,-0.15503875968992253,-0.044726503475370334,-0.02596380802517706,-0.05338809034907599,0.005028284098051561,-0.03398058252427183,0.0270270270270272,0.041055718475073284,-0.017778993435448642,-0.07746478873239437,0.020408163265306145,-0.06391560657772244
30,2001-06-30,0.05720487773734284,0.03846153846153855,0.07680047813527248,0.11368987554658605,0.0222261735419631,0.11591962905718713,0.990909090909091,0.990909090909091,1.0,1.0,-0.40712945590994376,0.4983870967741935,7.597014925373133,0.8500000000000001,-0.33944954128440363,-0.06928187282505527,0.01050080775444262,-0.017353579175705014,0.021888680425265816,-0.07537688442211055,-0.05451127819548873,0.039436619718309814,-0.033138401559454134,-0.041439476553980385,0.040000000000000036,-0.06745111037454432
31,2001-09-30,0.0480705356603659,0.07675791733762738,0.05235892691951904,0.0682573240712776,0.040006957731779424,0.1675900277008311,0.5251141552511416,0.5251141552511416,0.523076923076923,0.523076923076923,1.5759493670886076,-0.053821313240043016,-0.4930555555555556,-7.135135135135134,3.1527777777777777,-0.05064581917063227,0.014388489208633224,-0.008830022075055122,0.04039167686658507,-0.07065217391304357,-0.07488402915838299,0.037940379403794015,-0.007776497695852647,-0.025028441410694047,0.0,0.007819441976186338
32,2001-12-31,0.006222990492653403,-0.2013958125623131,0.0063291139240506675,0.02883799830364708,0.006021073758153639,-0.27283511269276395,-0.6467065868263473,-0.6467065868263473,-0.702020202020202,-0.7070707070707071,-0.6572481572481572,-0.04323094425483509,0.18150684931506844,-1.9559471365638768,-0.7257525083612041,-0.020408163265306145,0.05358550039401111,0.03786191536748329,0.006470588235294006,-0.058479532163742576,-0.05300859598853869,0.03655352480417751,-0.0002902757619738239,0.07584597432905492,-0.019230769230769273,-0.22377005819079546
33,2002-03-31,0.0006299032239591718,-0.025593008739076103,0.01860587002096437,-0.0648529815883484,-0.03358270989193679,0.002175095160413365,-1.4745762711864407,-1.4745762711864407,-1.5593220338983051,-1.5689655172413794,1.4731182795698925,-0.3424494649227111,-1.2956521739130435,-1.1612903225806452,0.4268292682926829,0.016447368421052655,-0.2191473448017951,-0.2339055793991416,-0.035067212156633436,0.012422360248447006,-0.06732223903177004,0.03652392947103267,-0.03397212543554007,-0.20390455531453355,-0.03921568627450989,0.042026351658337235
34,2002-06-30,0.038800503605356466,0.16976297245355546,0.02083869307949571,-0.12430208639435793,0.07483227249268888,0.2197504069451981,-5.4642857142857135,-5.4642857142857135,-5.424242424242424,-5.424242424242424,0.06811594202898541,0.14104882459312829,-2.5784313725490198,6.628571428571429,2.2820512820512815,0.09313196691837478,0.028735632183907844,0.02801120448179284,0.038764385221077946,0.128834355828221,0.3965936739659366,0.035236938031591565,0.034565674782085935,0.040871934604904465,-0.020408163265306145,0.3359494222803576
35,2002-09-30,0.029803878360511238,0.21522453450164306,0.0385584677419355,0.13053691275167778,0.013124199743917986,0.04670818505338081,-0.4,-0.4,-0.4178082191780822,-0.4178082191780822,0.08683853459972868,-0.09984152139461178,-0.5093167701863355,0.1685393258426966,0.8125,-0.13585526315789476,-0.2951582867783985,-0.2997275204359674,0.011078717201166157,-0.1684782608695652,-0.17305458768873394,0.034037558685446216,-0.01626961069145849,-0.2696335078534031,-0.04166666666666663,0.07490208877284578
36,2002-12-31,0.058685069277269575,-0.14015322217214965,0.08387931731780318,0.16087859899079834,0.009478672985782087,-0.2065448363790905,-0.14,-0.14,-0.03529411764705881,-0.047058823529411715,-0.8626716604244694,1.6672535211267605,11.341772151898734,-2.378205128205128,-0.617816091954023,0.04453749524172057,0.007926023778071391,-0.007782101167315258,0.006920415224913601,0.03267973856209161,0.50561797752809,0.03291713961407483,-0.04636739515652688,0.019713261648745428,-0.021739130434782598,-0.25929861849096697
37,2003-03-31,0.13163213744315305,0.1850104821802936,0.18649253731343274,0.1536691383277935,0.016588419405320742,0.16389930369576855,0.3565891472868217,0.3565891472868217,0.20731707317073167,0.2222222222222221,5.236363636363637,-0.5458745874587458,-0.9302564102564104,-1.1534883720930234,0.2481203007518797,0.06887755102040805,0.4495412844036697,0.3960784313725492,0.014891179839633397,0.06329113924050622,-0.019123134328358216,0.03296703296703307,-0.1015794363580056,0.4323374340949033,-0.022222222222222254,0.02705472432875577
38,2003-06-30,0.045813797722706,0.12339672711189742,0.053210893766903584,-0.07468971631205679,0.027709359605911255,0.1316152784169351,0.3657142857142857,0.3657142857142857,0.36363636363636376,0.3535353535353536,-0.4956268221574344,0.2601744186046511,5.911764705882352,-1.7727272727272727,-0.15361445783132532,0.07228094101602456,-0.03164556962025322,-0.0758426966292135,0.025959367945823875,0.0535714285714286,-0.27246790299572043,0.03191489361702127,-0.01758014477766301,-0.0392638036809817,-0.045454545454545525,0.21412891638395548
39,2003-09-30,0.07403612142948646,0.28267716535433074,0.08987757539564045,-0.034491017964071835,0.034301977231875336,0.20943472956486373,0.3849372384937237,0.3849372384937237,0.37777777777777777,0.3880597014925373,0.6676300578034682,-0.24106113033448676,0.5638297872340425,-13.823529411764708,2.327402135231317,0.014626391096979274,0.23342670401493915,0.17021276595744686,0.03245324532453253,-0.005649717514124353,0.045098039215686336,0.030927835051546507,-0.03684210526315779,0.17879948914431676,0.0,0.3284023668639053
40,2003-12-31,0.07076128006360571,-0.2418661755678331,0.09413698630136992,-0.1681964773009179,0.008979000724113062,-0.31943510423671817,-0.5619335347432024,-0.5619335347432024,-0.48924731182795705,-0.4946236559139785,0.11785095320623905,0.331306990881459,-1.7823129251700682,-2.2324159021406733,-0.8620320855614974,0.007834534628643029,-0.0037850113550340634,-0.05454545454545445,0.006393180607352278,-0.028409090909090936,-0.1957473420888055,0.030000000000000027,-0.05755919854280522,0.0010834236186350044,-0.0714285714285714,-0.08846820094036134
41,2004-03-31,0.005309077408576224,-0.08259109311740886,0.004957932692307709,-0.03220996122875042,0.006315487297258615,0.15167984189723316,-0.0482758620689655,-0.0482758620689655,-0.17894736842105252,-0.1808510638297872,0.468217054263566,-0.2808219178082192,-0.6278260869565218,-1.1277915632754345,0.7984496124031009,0.027363184079602032,-0.0592705167173252,-0.08516483516483507,0.004235044997352944,0.023391812865497075,0.0015552099533437946,0.030097087378640582,0.0007730962504832738,-0.05735930735930739,-0.02564102564102566,-0.05212433826523688
42,2004-06-30,0.004727084718221475,0.04280670785525165,-0.0038869786216175757,-0.011093990755007721,0.02938239908714868,0.12355212355212353,0.8623188405797102,0.8623188405797102,0.8333333333333333,0.857142857142857,-0.17212249208025346,-0.4714285714285714,1.1542056074766354,-1.0970873786407769,-0.0431034482758621,-0.035411622276029016,0.001615508885298933,-0.01501501501501501,0.026884554559831297,-0.040000000000000036,0.00776397515527938,0.029217719132893505,0.02471996910003837,0.00574052812858783,-0.02631578947368418,0.054561076901045384
43,2004-09-30,0.04822465632581041,0.3914515446466356,0.05508029416178895,0.2764100966033032,0.029236524871830483,0.1389843451699122,0.24513618677042806,0.24513618677042806,0.2447552447552448,0.23076923076923084,-0.2589285714285714,0.22522522522522515,-1.1214750542299352,-23.9,1.0315315315315314,0.037339190461248783,-0.030645161290322576,-0.04573170731707321,0.027207392197125424,0.011904761904761862,0.018489984591679498,0.031135531135531025,-0.018092725216735658,-0.013698630136986243,-0.027027027027027084,0.09003259098316119
44,2004-12-31,-0.006487130934848207,-0.23144768856447684,-0.013940256045519184,0.037109375,0.014674205708131494,-0.13208179684880994,-0.4625,-0.4625,-0.3876404494382022,-0.4034090909090909,-0.4182444061962134,0.2279411764705883,-2.125,-1.9868995633187767,-0.5011086474501109,0.0843920145190562,0.010815307820299493,0.019169329073482236,0.01099450274862557,0.05294117647058827,0.1066565809379727,0.03019538188277093,0.02111324376199608,-0.02430555555555558,0.05555555555555558,-0.25887629251276945
45,2005-03-31,0.03564747820562597,0.2500989315393747,0.021975379880746267,-0.06473634651600757,0.07337136791826993,-0.05870992661259177,-0.20348837209302328,-0.20348837209302328,-0.6605504587155964,-0.6571428571428573,-0.3668639053254438,0.43712574850299396,-9.285714285714286,-1.0707964601769913,0.07111111111111112,0.07782426778242679,-0.036213991769547316,-0.01880877742946696,0.020266930301532367,0.06703910614525133,0.054682159945317776,0.031034482758620863,0.03646616541353387,-0.010676156583629859,-0.02631578947368418,0.33652714741973444
46,2005-06-30,0.0214020379647617,0.07312440645773988,0.021879264103891183,0.16083564057387356,0.020148331273176726,0.12474353713582274,0.4817518248175183,0.4817518248175183,0.4324324324324325,0.44444444444444464,1.7102803738317758,-0.1611111111111111,-1.1206896551724137,-6.4375,-0.3609958506224067,0.059523809523809534,-0.09222886421861654,-0.08626198083067094,0.015019379844961156,0.036649214659685965,0.0699935191186003,0.029264214046822667,-0.0010881392818281599,-0.07194244604316558,0.0,-0.07558797635517545
47,2005-09-30,0.12255180007340427,0.7790560471976402,0.16249194216778706,0.7265828274067649,0.017448200654307522,0.2783655600145931,0.6699507389162562,0.6699507389162562,0.6603773584905659,0.6730769230769229,1.9689655172413796,-0.10430463576158944,2.6984126984126986,-11.89655172413793,6.155844155844156,0.07962872496336115,-0.007525870178739512,-0.0174825174825175,0.015274463007159957,0.06565656565656552,0.17141126589945466,0.02924451665312744,-0.0936819172113289,-0.024547803617571032,0.0,0.030476190476190542
48,2005-12-31,-0.01902270835810249,-0.17310562095838167,-0.02938963045114273,-0.08740424463142027,0.012147195426938096,-0.09703196347031963,-0.3923303834808259,-0.3923303834808259,-0.3863636363636364,-0.3908045977011494,-1.5627177700348431,-0.4454713493530499,-3.9914163090128754,-1.6033755274261603,-0.5190562613430127,0.004524886877828038,0.009478672985782087,0.0,0.011753643629525136,-0.009478672985781977,0.009307135470527415,0.027624309392265237,0.03165064102564119,-0.01059602649006619,0.027027027027026973,-0.09387377871666214
49,2006-03-31,-0.0050902920858078024,-0.19350310808101068,-0.024892879004284833,-0.10692170083941101,0.05200611836686675,0.1327433628318584,0.20388349514563095,0.20388349514563095,0.18518518518518512,0.18867924528301885,-0.8792569659442724,3.1100000000000003,0.3888091822094693,-0.3321678321678322,-0.7207547169811321,-0.07342342342342334,0.09765258215962458,0.09608540925266906,0.027881040892193454,-0.0861244019138756,-0.0758196721311476,0.028417818740399392,0.05747572815533975,0.02677376171352086,0.05263157894736836,-0.09704210986449067
50,2006-06-30,0.028261664027287026,0.08577821979114875,0.03322870893492369,0.05238828967642517,0.014987137904037606,0.0627790178571428,-0.040322580645161255,-0.040322580645161255,-0.0625,-0.04761904761904767,-6.05128205128205,-0.2392538523925385,-0.6559917355371899,-0.9633507853403142,-0.09459459459459464,-0.03038405444822556,0.010265183917878451,0.003246753246753276,0.014466546112115841,-0.057591623036649116,-0.13303769401330368,0.028379387602688544,-0.012853470437018009,-0.044328552803129084,0.049999999999999815,0.0317895756010973
51,2006-09-30,0.03272716502784023,0.10693840164872914,0.0243023208716433,-0.09765739385065886,0.05564738292011029,0.23234444736151216,1.2016806722689075,1.2016806722689075,1.2166666666666668,1.2000000000000002,0.6006768189509306,-0.21641791044776115,-1.5585585585585586,-2.7857142857142856,0.1865671641791045,0.08373025821007762,0.14140558848433527,0.17152103559870555,0.05481283422459904,0.07222222222222219,0.05115089514066496,0.026870007262164156,0.02194940476190488,0.08731241473396989,0.0714285714285714,0.2267751016578041
52,2006-12-31,0.032177578938311864,0.03413322300372368,0.03052710664715885,0.05354535128995619,0.03653444676409179,-0.22816361312313596,-0.482824427480916,-0.482824427480916,-0.4887218045112782,-0.4848484848484849,0.13953488372093026,0.2258503401360543,-2.5268817204301075,17.44,2.89937106918239,0.16284987277353702,0.012611275964391709,0.030386740331491687,0.034220532319391594,0.0984455958549224,-0.007299270072992803,0.026874115983026803,0.004368401892974161,0.02258469259723972,0.022222222222222143,-0.01848546659867412
53,2007-03-31,-0.012669834125197954,-0.21164232846569309,-0.015233490656536562,-0.08316648698598494,-0.005941591137965775,-0.1512558653049959,-0.4464944649446494,-0.4464944649446494,-0.4411764705882353,-0.4411764705882353,0.1307977736549164,-0.053274139844617034,-3.6760563380281686,-1.8546637744034704,-0.6354838709677421,0.1615277501491943,-0.09890109890109901,-0.09383378016085796,-0.007761437908496814,0.12735849056603765,0.1078431372549018,0.028236914600551003,0.006886553098949033,-0.04539877300613504,-0.0652173913043479,-0.14014807117807504
54,2007-06-30,0.05087941466160117,0.192844455721898,0.057590399002493735,0.04031580715605587,0.03343126329652524,0.2777235772357725,1.7000000000000002,1.7000000000000002,1.6842105263157894,1.6578947368421053,-0.4823625922887613,0.15592028135990632,-2.1210526315789466,-2.2614213197969546,2.199115044247788,0.050693611919849335,0.10894308943089426,0.11242603550295872,0.03211198023878148,0.05857740585774041,0.13882743362831862,0.027461486939048815,-0.016558675305975545,0.13239074550128538,0.0,0.14667673716012075
55,2007-09-30,0.059663122941381326,-0.06743246117847268,0.06683368948493107,0.10963991603423227,0.04058425644544661,0.1644184270806821,0.3160493827160493,0.3160493827160493,0.3137254901960784,0.3168316831683169,0.4199683042789224,1.0720081135902635,-0.09154929577464788,-1.7505030181086518,-0.5159059474412171,-0.03162184189079065,-0.019061583577712597,-0.02659574468085113,0.04028719585161533,-0.06324110671936745,-0.14861583292860606,0.02672750977835725,-0.01793557833089321,0.014755959137343844,-0.046511627906976834,-0.15953102358055593
56,2007-12-31,0.013949609562558418,-0.1380018248175182,0.014919187733112294,-0.16210710128055886,0.011304757418747036,-0.1947540983606557,-0.5797373358348967,-0.5797373358348967,-0.5820895522388059,-0.5864661654135338,-0.0546875,-0.6593245227606461,-1.272609819121447,-0.8391420911528149,-0.17142857142857135,0.11967682208382426,-0.05306427503736921,-0.06010928961748641,0.010352760736196398,0.07594936708860756,0.11580148317170558,0.026031746031746072,-0.002609019754006625,-0.03803131991051456,-0.02439024390243893,0.028683385579937326
57,2008-03-31,0.03008249632380422,0.1323101349563376,0.04178576289642022,0.0210142410559222,-0.001956217978574704,-0.0678610206297503,0.1116071428571428,0.1116071428571428,0.10714285714285697,0.1272727272727272,0.5548996458087367,0.7068965517241379,-1.8720379146919437,-6.216666666666668,1.079310344827586,-0.015634395670474976,0.05367008681925811,0.03488372093023262,-0.0037950664136623398,-0.023529411764705688,0.023517382413087876,0.02784653465346532,-0.031390134529148066,0.05000000000000005,-0.025000000000000026,0.10894408045101334
58,2008-06-30,0.058625695620614586,0.2825426501519046,0.08240789129866744,0.4197992855927879,-0.009333582228859385,0.043972044263249854,-0.1606425702811245,-0.1606425702811245,-0.16129032258064513,-0.16129032258064513,-0.4297646165527714,0.12962962962962954,1.2391304347826089,-1.571884984025559,-0.29684908789386405,0.005956017104459478,-0.14681647940074916,-0.1713483146067416,-0.010285714285714231,0.008032128514056103,-0.06243756243756249,0.026490066225165698,-0.0640432098765431,-0.11960132890365448,-0.05128205128205132,-0.09659247045891728
59,2008-09-30,0.03942586794048397,0.1494169096209912,0.024291620145447945,0.01844974242242725,0.08667797248916531,0.5026499302649929,2.7033492822966507,2.7033492822966507,2.711538461538461,2.692307692307692,-0.6125166444740346,-0.011177347242920964,4.349514563106796,-7.525139664804469,2.7547169811320757,-0.10050098679216646,0.17295873573309906,0.1559322033898305,0.08622016936104693,-0.0916334661354582,0.045285029302077895,0.026392961876832818,0.04534212695795548,0.1383647798742138,0.027027027027026973,0.12851711026615975
60,2008-12-31,-0.014446545582479488,-0.14521242866201645,-0.0236860711760547,-0.09551817433243147,0.01274492803884164,-0.2567291627993318,-0.4741602067183462,-0.4741602067183462,-0.4663212435233161,-0.4739583333333333,2.5876288659793816,0.4702336096458177,-1.0680580762250451,-1.9049657534246576,-0.6639447236180904,-0.27696202531645564,0.10179640718562877,0.09677419354838723,0.012048192771084263,-0.3333333333333333,-0.3950050968399593,0.025714285714285582,0.027602523659306044,0.10386740331491716,-0.02631578947368418,-0.05485175202156334
61,2009-03-31,0.01077619865687951,-0.04413946587537088,0.0049788774894388155,-0.13603849655351796,0.027223696601318403,-0.07467532467532467,-0.10565110565110568,-0.10565110565110568,-0.12621359223300976,-0.1089108910891089,-0.0009578544061302764,-0.4382368016401845,0.3733333333333333,-0.7549668874172185,-0.4841121495327103,0.11414565826330515,0.0400815217391306,0.04545454545454541,0.022759103641456724,0.09868421052631572,-0.011794439764111098,0.026183844011142158,0.016500383729854295,0.05205205205205199,0.0,0.1063738770854128
62,2009-06-30,0.024280416740243727,-0.05529685681024443,0.025671821047890786,-0.029053138642179725,0.020418368197349768,0.02860998650472335,0.016483516483516425,0.016483516483516425,0.022222222222222143,0.011111111111111072,0.0556088207094918,0.208941605839416,-2.087378640776699,-1.0,0.0,0.13869683637125507,0.05421293272370975,0.07672634271099743,0.018829168093118742,0.11377245508982048,0.06479113384484236,0.025515743756786117,-0.0037750094375236243,0.07802093244529029,0.0,-0.027065343472096992
63,2009-09-30,0.016183949659512198,-0.14232902033271722,0.0076990632318501015,0.016589147286821815,0.03985625612544919,0.17370768827079508,0.4405405405405405,0.4405405405405405,0.4347826086956521,0.4395604395604396,0.07356948228882842,0.20528301886792444,0.3526785714285714,-inf,-0.4057971014492754,0.046366145354185706,-0.14745972738537785,-0.1330166270783848,0.034946236559139754,0.026881720430107503,-0.039231385108086436,0.024880889359449432,0.02311481621826439,-0.0759046778464254,-0.054054054054054064,-0.15631209431712811
64,2009-12-31,0.027632276534832027,0.0385536398467432,0.031025767655346707,-0.016470947079457066,0.018457430097392317,-0.18309859154929573,-0.3470919324577861,-0.3470919324577861,-0.3560606060606061,-0.35114503816793896,-0.03807106598984766,0.20037570444583586,1.8184818481848184,-1.6607142857142856,0.4512195121951219,-0.07578688236328457,-0.05959302325581406,-0.054794520547945084,0.01753246753246751,-0.10471204188481677,0.0608333333333333,0.024276859504132275,-0.008888888888888946,-0.014326647564469884,-0.05714285714285705,0.05589574501491601
65,2010-03-31,0.05126088571546483,0.2813004380908461,0.05959257276492624,0.2066987129787563,0.02845685200894588,-0.008757525998905336,0.5977011494252873,0.5977011494252873,0.6000000000000001,0.6000000000000001,-0.2119613016710642,-0.2900365153886281,0.6885245901639345,12.202702702702705,4.105042016806721,-0.0578386605783866,0.08964451313755806,0.08695652173913038,0.02616464582003819,-0.07602339181286544,-0.0204241948153967,0.02521432173474536,-0.02167414050822136,0.125,-0.03030303030303028,0.061858736059479565
66,2010-06-30,0.005241254760315561,-0.04642792873852797,0.001967771100356286,-0.08429709586224621,0.014472105578884118,-0.00855880728879077,-0.25,-0.25,-0.25,-0.2573529411764707,-0.049107142857142905,-0.322556943423953,-1.2191400832177528,-1.3950870010235414,-0.3176954732510288,0.02443457189014531,0.0007092198581561959,0.0,0.011504975124378314,0.0,-0.08179631114675234,0.024594195769798374,0.009167303284950412,0.04134366925064592,-0.03125,0.04131074079260609
67,2010-09-30,0.02977992149817421,0.09001698433666737,0.0239649681528662,0.008560202076901556,0.045975312292113164,0.3063213589529379,0.7266187050359711,0.7266187050359711,0.7156862745098038,0.7227722772277227,0.198356807511737,0.3806941431670281,-1.6772151898734178,-0.9015544041450776,-0.045838359469240086,0.029174058742361675,0.07158043940467751,0.06933333333333325,0.03965570242852756,0.012658227848101332,0.006986899563318882,0.024003840614498232,0.015518546555639556,0.08519437551695641,0.0,0.08082302313071542
68,2010-12-31,0.004930405431031293,-0.08968144044321325,-0.001295907524039075,-0.039376652288854896,0.021906579040350538,-0.27243658068642085,-0.6333333333333333,-0.6333333333333333,-0.6342857142857143,-0.6379310344827587,0.04309500489715967,0.35742340926944216,-0.1869158878504673,11.86842105263158,-0.618204804045512,0.017621145374449476,-0.06679894179894175,-0.059850374064837834,0.015671200473092783,-0.018750000000000044,-0.07111882046834328,0.02344116268166907,0.017144986954901187,-0.025914634146341545,-0.06451612903225812,-0.05238272987433112
69,2011-03-31,0.004962825980299622,-0.14054773678204635,0.0032439726987256727,-0.023899188876013944,0.009542908512550907,-0.08174626428362143,0.015151515151515138,0.015151515151515138,0.0,0.015873015873015817,-0.0769953051643193,-0.3767361111111112,0.2471264367816093,-1.2515337423312882,0.4072847682119205,0.010728402032749829,-0.16583982990786686,-0.156498673740053,0.0072780203784570405,-0.006369426751592354,0.057889822595704965,0.025194686211635453,0.004397215097105223,-0.11971830985915488,-0.0344827586206895,-0.1194852941176472
70,2011-06-30,0.024409936721933256,0.0650586412923213,0.025686791867142626,-0.051936489093337264,0.02102883759161589,0.2638800255264837,1.1641791044776115,1.1641791044776115,1.171875,1.15625,0.025432349949135347,0.19034354688950786,-0.3732718894009217,-2.1219512195121952,-0.3247058823529412,0.05344506517690872,0.07136788445199649,0.07861635220125772,0.019942196531791856,0.04487179487179471,0.2418358340688438,0.02457551385165324,-0.0032834731849690213,0.07111111111111112,0.0,0.1233223978526692
71,2011-09-30,0.03717213189874813,0.2989819239559526,0.051625431893268736,0.16121458757239004,-0.00127465450154296,0.10628629134057066,-0.2982758620689655,-0.2982758620689655,-0.2949640287769784,-0.2971014492753623,0.11706349206349208,0.609204368174727,8.485294117647058,-3.557971014492753,1.2299651567944252,-0.051971009368923404,-0.1816019032513877,-0.1865889212827987,-0.0017001983564749468,-0.06748466257668706,-0.1314854299928927,0.023986044483209845,-0.03696925329428991,-0.15352697095435686,-0.0357142857142857,0.11867781760254892
72,2011-12-31,0.010656534417248452,-0.2207293666026872,0.013118135162357936,-0.0943523385901065,0.003761671256801158,-0.11821086261980827,0.6412776412776413,0.6412776412776413,0.6428571428571429,0.6494845360824744,-0.15008880994671406,-0.5845855550169656,-1.2813953488372092,-1.7450424929178472,-0.4109375,0.04922617937721418,0.2558139534883721,0.2437275985663083,0.019017882486517257,0.05263157894736836,0.271685761047463,0.02342419080068137,-0.006841505131128911,0.22941176470588265,0.03703703703703698,-0.13955144179423284
73,2012-03-31,0.03530460935860669,0.04556650246305427,0.04116463486803168,0.19139752939425514,0.0187378705748511,-0.1275879917184265,-0.3098802395209581,-0.3098802395209581,-0.3043478260869565,-0.30625,-0.12748171368861028,1.3278879813302216,-3.9146005509641872,-0.6121673003802282,-0.27055702917771884,0.06433268171316864,0.08950617283950613,0.07204610951008639,0.01671309192200554,0.04374999999999996,-0.16023166023166013,0.024968789013732676,-0.016073478760045834,0.08293460925039864,-0.0357142857142857,-0.12232795476486005
74,2012-06-30,0.019980745519955437,-0.04711425206124853,0.0140505638413968,-0.04522173641474081,0.037114891939827865,0.08780777217442902,0.31670281995661603,0.31670281995661603,0.3035714285714284,0.3063063063063061,0.3089820359281437,0.01553884711779441,-0.09924385633270316,-1.196078431372549,0.07272727272727275,0.08665887460343957,-0.0021246458923512845,-0.01344086021505364,0.023287671232876672,0.06586826347305386,-0.014559386973180157,0.024360535931790658,0.016725009723842943,0.03240058910161992,-0.03703703703703709,-0.0020427404148334327
75,2012-09-30,0.02747143566815691,-0.08590852904820767,0.034998430563651935,0.030354572811723164,0.006207246009627632,0.0479956367602945,-0.3163097199341022,-0.3163097199341022,-0.32191780821917804,-0.32413793103448274,0.12442817932296425,0.2240868706811452,0.2612801678908709,-3.45,-0.16610169491525428,0.06161647203441922,-0.012775017743080208,-0.019073569482289,0.005087014725568828,0.0393258426966292,0.04743390357698307,0.02378121284185486,-0.02065799540933444,0.040656205420827485,-0.03846153846153855,-0.11289560699102495
76,2012-12-31,0.03851794549468979,0.18030200585981526,0.047830513614799834,0.12749206349206355,0.011456628477905184,-0.12177985948477756,0.03132530120481936,0.03132530120481936,0.03030303030303028,0.04081632653061229,-0.32058584214808783,-0.021370967741935483,0.3935108153078204,-2.6938775510204085,0.33739837398373984,0.0005789549862496023,-0.12724658519051044,-0.13611111111111107,0.009856153436334614,-0.005405405405405461,-0.0014847809948033142,0.023228803716608626,-0.025781249999999974,-0.08156271418779981,-0.07999999999999996,0.046858359957401514
77,2013-03-31,-0.009249057247939896,-0.2276112278021768,-0.015091687167931191,-0.011600405451064331,0.00833955688324628,-0.028444444444444494,-0.3644859813084113,-0.3644859813084113,-0.3627450980392157,-0.3725490196078432,0.29580838323353303,-0.3498145859085291,-0.7719402985074627,-2.3734939759036147,-0.3465045592705167,0.06755388398669182,-0.11285008237232284,-0.11575562700964626,0.006330783434450149,0.0597826086956521,0.2029739776951673,0.02497162315550505,0.01764234161988787,-0.09253731343283587,0.0,-0.21854866056290267
78,2013-06-30,0.021521545040176667,0.17058096415327562,0.020465565374362397,0.010369188696444764,0.024626589309961755,0.16895394937480934,1.2426470588235294,1.2426470588235294,1.2307692307692308,1.25,0.07948243992606274,-0.23510773130544996,-0.3848167539267016,-2.719298245614035,0.911627906976744,0.06666666666666665,-0.010213556174558993,-0.018181818181818188,0.024639580602883404,0.056410256410256425,0.1897404202719406,0.02436323366555926,0.00315208825847102,-0.009868421052631636,-0.0434782608695653,0.1586027337817315
79,2013-09-30,0.029884845975742588,0.1556494192185851,0.023469639624814853,0.039021089432728084,0.04867176676103857,0.14636055309157325,0.1442622950819672,0.1442622950819672,0.13793103448275867,0.13888888888888884,-0.02397260273972601,0.22700911350455666,1.076595744680851,-0.25,0.35766423357664223,0.06199186991869921,0.1369606003752346,0.14074074074074086,0.03402404707086215,0.03883495145631066,0.06441558441558426,0.023783783783783763,0.01806755695208162,0.12043189368770756,0.04545454545454541,0.1121722846441946
80,2013-12-31,0.031861358425393733,0.06761695906432741,0.030327391120847258,-0.0026050146532073932,0.036245620081567065,-0.17387346381429225,-0.5300859598853869,-0.5300859598853869,-0.5454545454545454,-0.5426829268292683,0.5017543859649123,0.2538825118163404,-0.9487704918032788,-1.8163265306122451,-0.21505376344086025,0.009090909090909259,-0.07755775577557755,-0.06818181818181822,0.02498762988619485,-0.02336448598130858,-0.1312835529526597,0.023231256599788752,0.004243827160493875,-0.0652335063009637,0.0,0.07055059774372796
81,2014-03-31,0.014789484315932187,0.051181102362204633,0.01765302539694935,0.12003482424638155,0.006651884700665135,0.0121212121212122,0.3109756097560976,0.3109756097560976,0.3200000000000001,0.30666666666666664,-0.4059579439252337,-0.008077544426494332,34.0,-1.4166666666666667,0.11415525114155245,0.06744902797534369,0.05277280858676203,0.059233449477351874,0.005068790731354023,0.03827751196172247,0.13202247191011218,0.025111799105607124,-0.008067614291202395,0.05471847739889002,0.0,-0.06149732620320857
82,2014-06-30,0.017901067807936766,-0.0068392769907181785,0.018976059496655262,-0.058492032646715875,0.014812775330396375,0.09662493195427337,0.1441860465116278,0.1441860465116278,0.1414141414141412,0.14285714285714302,0.4070796460176991,-0.3143322475570033,-1.038857142857143,1.6800000000000002,0.2745901639344261,0.08717379233759037,-0.08071367884451996,-0.07894736842105265,0.01416906820365016,0.08294930875576045,0.00992555831265518,0.024161073825503362,-0.0030983733539889924,-0.06842105263157905,0.0,0.05480140774258424
83,2014-09-30,0.008422964101131525,-0.0764059681915068,-0.0021068076221290033,-0.012177502579979405,0.020673937815399723,0.15512534127575073,0.3414634146341464,0.3414634146341464,0.34513274336283195,0.3392857142857142,0.06219426974143949,-0.22961203483768802,19.11764705882353,-2.0223880597014925,-0.22025723472668807,-0.00786516853932595,-0.03881700554528656,-0.0357142857142857,0.020364669666114388,-0.021276595744680996,0.06289926289926284,0.023918741808650168,0.012432012432012307,-0.03551251008878131,0.0,-0.06498252303781371
84,2014-12-31,0.037898411203302285,0.2327356648322385,0.032272050368527205,0.009506895110739766,0.05879851143009041,0.0021486892995272733,0.3378787878787879,0.3378787878787879,0.33552631578947345,0.3333333333333333,0.007894736842105177,1.3463514902363825,-2.232456140350877,-1.6715328467153283,0.18969072164948453,0.03562236178317724,0.2586538461538461,0.26296296296296284,0.042237177999535636,0.013043478260869712,0.06888580674988454,0.023360000000000047,0.019953952417498092,0.21171548117154826,0.04347826086956519,0.22107051826678004
85,2015-03-31,0.0,-0.09317396313364057,-0.005405306696371515,-0.02866604574148812,0.016017272544687655,-0.12006861063464835,-0.2638731596828993,-0.2638731596828993,-0.27586206896551724,-0.275,-0.22911227154047,-0.3149364870784056,-0.6737841043890866,-2.1739130434782608,-0.1871750433275563,0.0444378168804056,0.06035141329258997,0.0733137829912025,0.014473391226898391,0.0042918454935620964,-0.18858131487889274,0.02407754846779242,0.016177577125658482,0.06284530386740328,0.0,-0.06637907041469515
86,2015-06-30,0.03032203819615908,0.0077814832459901515,0.020839070963003747,0.0037289580225867694,0.0545095132196689,-0.2173489278752436,0.10153846153846158,0.10153846153846158,0.09523809523809534,0.09655172413793124,0.4843353090601186,0.4002557544757033,0.8872727272727272,-1.7592592592592593,0.17484008528784645,-0.029792499524081476,0.04394812680115279,0.06284153005464478,0.035996488147497896,-0.04273504273504258,-0.10501066098081037,0.02351145038167957,0.02332469455757113,0.1364522417153995,-0.08333333333333326,0.0040244447756743185
87,2015-09-30,0.0357767386432819,0.04900724866057349,0.02764388489208636,0.1008385521706825,0.04592745336957549,0.5423412204234122,0.22765363128491625,0.22765363128491625,0.2049689440993787,0.21383647798742134,-0.09925841414717627,-0.21324200913242009,0.4913294797687862,6.682926829268293,1.1433756805807622,-0.0006867458059452991,0.030365769496204287,0.04884318766066853,0.026694915254237284,-0.0357142857142857,-0.07266229898749255,0.022971360381861542,0.009768451519537091,0.05603201829616933,0.0,-0.047060570071258856
88,2015-12-31,0.031464552355464415,0.02073005858494814,0.039029000472548425,-0.02545559733873304,0.011470561878304421,0.052886556318126665,-0.42320819112627983,-0.42320819112627983,-0.4329896907216494,-0.43005181347150256,0.015199493350221747,0.4672083575159605,-0.5930232558139534,-1.9682539682539684,-0.5165114309906859,-0.010013744354997023,-0.14735432016075012,-0.14215686274509798,0.011349566652909536,-0.03703703703703709,-0.07064868336544639,0.022455526392534345,-0.019347903977069203,-0.1478072550081212,0.0,0.047359401775977535
89,2016-03-31,0.02616423574485616,0.04429727740986023,0.027624774706486832,0.04749183734045714,0.01497297776202711,-0.26476226993865026,0.2544378698224852,0.2544378698224852,0.2545454545454544,0.24545454545454534,-0.03618215845290085,0.4560917721518986,5.961904761904763,-1.0934426229508196,0.09982486865148864,0.09857199523998417,-0.034564021995286735,-0.034285714285714475,0.01305855947765755,0.08653846153846145,0.2612301313061507,0.024814603536793992,-0.010960906101571077,0.010165184243964287,-0.045454545454545525,-0.002974862412613466
90,2016-06-30,0.009251273083875857,-0.08229988726042836,0.008703919222384338,0.07074714272220639,0.01143505586592175,-0.004693611473272519,-0.15094339622641506,-0.15094339622641506,-0.15217391304347827,-0.15328467153284686,0.116504854368932,-0.5229557185547405,-0.9393524851801186,0.7894736842105263,0.16242038216560514,0.0962267557320815,-0.08380797396257111,-0.08875739644970404,0.010271903323262777,0.08407079646017722,0.11068493150684923,0.024213748956303904,0.0022164758034723953,-0.09559748427672954,0.0,-0.14292108011338212
91,2016-09-30,0.028611566377897413,0.036087223587223605,0.023676427573206867,-0.0776287932251235,0.03163027530853535,0.2588420225307833,0.3944444444444444,0.3944444444444444,0.3931623931623931,0.3965517241379313,0.17333333333333334,-0.11958997722095675,-4.962406015037594,-1.4803921568627452,-0.06712328767123288,0.038372859025032964,-0.06483126110124338,-0.0714285714285714,0.019936204146730363,0.0244897959183672,0.11889491859891475,0.023641304347826297,0.002948765204570769,-0.04172461752433943,0.0,0.123237597911227
92,2016-12-31,0.024230629154147417,0.09811768193271077,0.026462417652194592,0.0442807957153788,0.018153678838833898,-0.2303850156087409,0.30544488711819384,0.30544488711819384,0.2883435582822087,0.2901234567901232,-0.4851778656126482,-0.2710219922380336,-2.3206831119544598,-13.469387755102039,0.8972099853157123,-0.05257731958762879,0.1728395061728394,0.17132867132867147,0.017591868647380826,-0.06772908366533859,0.003527336860670305,0.023095301300769755,-0.005880191106210964,0.3084179970972423,-0.09523809523809523,0.05144893847822729
93,2017-03-31,0.013467714155545485,-0.21352409232015115,0.0011444124833750458,-0.1060536679183075,0.04749188611807242,0.0740941049215793,0.6103763987792472,0.6103763987792472,0.6142857142857143,0.6124401913875599,0.3090211132437619,2.313220940550133,1.410919540229885,-2.1325695581014728,-0.5356037151702786,0.04888256466058438,0.2898785425101213,0.2985074626865669,0.046100653092585375,0.02991452991453003,-0.11775043936731122,0.025428126621691804,0.033641404805915036,0.3139212423738216,-0.05263157894736848,-0.12011790714812087
94,2017-06-30,0.018474864316649242,0.020593787540758468,0.01974172021749876,-0.08308574941092106,0.016825508883397955,0.10876132930513592,-0.4990524320909665,-0.4990524320909665,-0.5014749262536873,-0.5014836795252227,0.3203812316715542,-0.5246384574183182,-0.9904648390941596,-1.060693641618497,0.07000000000000006,0.08514883089936952,0.03578154425612068,0.04367816091954047,0.014506059493206047,0.03734439834024883,-0.1782868525896414,0.0247975708502024,-0.0017882689556509843,0.02828197551709577,0.05555555555555558,0.11306532663316582
95,2017-09-30,0.041888254925180224,0.18160417016983346,0.052201048262489724,0.29653631284916204,0.01820566226953635,0.09173478655767477,0.06809583858764179,0.06809583858764179,0.06508875739644981,0.06547619047619048,0.10771793448084388,-0.2529577464788733,3.375,16.5952380952381,1.1510903426791277,0.06486247977643789,-0.0018181818181818297,0.0,0.015746606334841484,0.048000000000000036,0.001818181818181941,0.02444444444444449,-0.022572554639914144,0.02257799671592764,-0.05263157894736848,-0.08863807373965382
96,2017-12-31,0.010807906510575505,0.01850007115411989,-0.0162827526634034,-0.032057911065149984,0.06856580043942717,-0.165765391014975,1.5442739079102714,1.5442739079102714,1.5444444444444445,1.5363128491620108,-0.3719298245614036,0.5708898944193062,15.7,-0.5412719891745602,0.435916002896452,0.05324585635359092,0.23193685488767435,0.25110132158590304,0.0677120456165361,0.03816793893129766,0.033272837265577504,0.02362014943359836,0.05681818181818187,0.25572059413890025,0.0,0.05217965653896961
97,2018-03-31,-0.03621699530804379,-0.21587257230683246,-0.14690687702146965,-0.14716880341880345,0.15945830969937602,-0.036898529045125916,1.0547563805104407,1.0547563805104407,1.054585152838428,1.052863436123348,0.029529130087789342,0.7604416706673067,0.12147134302822925,-4.171091445427728,-0.5421079172970247,0.014687561471379063,0.4317397732873336,0.5176056338028168,0.15787716955941233,-0.051470588235294164,-0.2037470725995315,0.02613609606781253,0.20326049254249035,0.5386828644501278,0.0,-0.0805084745762712
98,2018-06-30,0.012791141657121141,0.048645759087669216,0.017618500283062666,0.06315899363190303,0.009631260319207469,0.05332643023556827,-0.8204607046070459,-0.8204607046070459,-0.8204038257173221,-0.8240343347639485,0.2736434108527133,-0.5396782110717208,-1.0922959572845157,-0.84,-0.18942731277533045,0.04878836833602596,-0.05886402753872633,-0.00696055684454755,0.009224560392043779,-0.09302325581395354,-0.3110294117647059,0.025470399265718147,-0.0031709426347650282,0.02015375025971333,-0.05555555555555547,-0.01365420720259436
99,2018-09-30,0.03260027227981998,0.41869158878504653,0.03282308911291687,0.25756087981146897,0.0372793071075983,0.0857704595723765,0.2666666666666666,0.2666666666666666,0.2603550295857988,0.2804878048780488,0.3950091296409009,0.8992890995260663,-8.314049586776859,-0.9127906976744186,-0.020380434782608647,0.04485520640788665,-0.043160204828090576,0.014018691588785215,0.023564695801199687,0.03418803418803429,0.046958377801494366,0.02483777131349285,0.0046269519953729965,0.04378818737270862,0.0,0.1280498356116977
100,2018-12-31,0.05171242254292463,-0.23427955443765724,0.07436546151962786,0.3713594128211135,-0.0031531005488730783,-0.009280217292892743,-0.5948361469712016,-0.5948361469712016,-0.6009389671361502,-0.5857142857142857,-0.4031413612565445,-0.2548346849656893,5.28135593220339,-303.1333333333333,6.2857142857142865,0.02895388607147065,-0.24311926605504586,-0.22004608294930886,-0.0036277382447328366,0.004132231404958775,0.010193679918450549,0.024235807860262026,-0.052101324122049486,-0.2257560975609756,0.0,-0.4416321521705784
101,2019-03-31,0.051368343908507086,0.2860941654935085,0.08047583597939867,0.02066845072026413,0.002401593252108647,-0.06899702992917522,0.6666666666666667,0.6666666666666667,0.6705882352941177,0.6206896551724137,0.16739766081871355,1.9070740895772291,-0.7432991545241949,-1.8631950573698144,-0.7447173043974871,0.04367012436242757,-0.5696969696969697,-0.5805022156573116,0.0007001820473322429,0.049382716049382484,0.3188698284561049,0.02664677041142616,-0.04676586699058605,-0.5700604838709677,0.0,0.26016483516483513
102,2019-06-30,0.01396876060497676,-0.0913403064947701,0.013217469557636584,-0.1960281155862992,0.1227137264068252,0.21963190184049086,0.8147058823529412,0.8147058823529412,0.8169014084507045,0.8156028368794328,0.05447714464621156,-0.7197984161267099,-0.5620182200420463,-1.0925357873210635,0.26994780014914244,0.08780407446049088,0.107981220657277,0.11267605633802825,0.1223061852784777,0.0862745098039217,1.5179801071155312,0.025955149501661227,0.10735903153870653,0.09378663540445477,0.0,0.13015042511445385
