,Quarter end,Assets,Current Assets,Liabilities,Current Liabilities,Shareholders equity,Revenue,Earnings,Earnings available for common stockholders,EPS basic,EPS diluted,Cash from operating activities,Cash from investing activities,Cash from financing activities,Cash change during period,Cash at end of period,Price,ROE,ROA,Book value of equity per share,P/B ratio,P/E ratio,Cumulative dividends per share,Equity to assets ratio,Net margin,Asset turnover,Current ratio
0,1993-12-31,0.010956041236397152,,0.03144238144877365,,-0.01836389290602713,-0.02665321144485333,0.27504286064168504,0.27504286064168504,0.06666666666666665,0.0,0.16488533776071398,1.6219244454538573,8.324211984759266,-6.127007299270072,-0.07109496626881162,-0.02777777777777779,0.07305194805194802,0.006688963210702337,-0.12450592885375487,0.07722007722007729,-0.07958148383005703,inf,-0.028932652565037745,0.09825033647375504,0.0,
1,1994-03-31,0.010956041236397152,,0.03144238144877365,,-0.01836389290602713,-0.02665321144485333,0.27504286064168504,0.27504286064168504,0.06666666666666665,0.0,0.16488533776071398,1.6219244454538573,8.324211984759266,-6.127007299270072,-0.07109496626881162,-0.02777777777777779,0.07305194805194802,0.006688963210702337,-0.12450592885375487,0.07722007722007729,-0.07958148383005703,inf,-0.028932652565037745,0.09825033647375504,0.0,
2,1994-06-30,0.03965566854160185,,-0.11718029332615075,,0.27550720481754976,-0.02665321144485333,0.27504286064168504,0.27504286064168504,0.06666666666666665,0.0,0.16488533776071398,1.6219244454538573,8.324211984759266,-6.127007299270072,0.3924022346368714,-0.059428571428571386,0.07305194805194802,0.006688963210702337,0.2742663656884876,0.07722007722007729,-0.07958148383005703,1.0,0.2268402603905859,0.09825033647375504,0.0,
3,1994-09-30,0.01127492898089133,,0.03794023306297456,,-0.01647927023586382,0.06104775263767759,-0.046100653092585486,-0.046100653092585486,0.0,0.0,-0.13593443791199,-0.6134611497704501,-1.0542739329098407,-2.4658314350797266,-0.4130958112662494,-0.04576751721344685,0.07305194805194802,0.006688963210702337,-0.018600531443755508,-0.2508960573476703,-0.07958148383005703,0.5128205128205128,-0.027551020408163263,0.09825033647375504,0.0,
4,1994-12-31,0.02632894018390508,,0.06284207021413858,,-0.01377804827174356,0.048453845269571305,0.2507047925896093,0.2507047925896093,0.25,0.0,0.5088659793814434,1.1839097632031077,-8.72142368240931,-0.35528360528360525,-0.4537872573147389,-0.07937181663837001,0.07305194805194802,0.006688963210702337,-0.016245487364620947,-0.062200956937799035,-0.07958148383005703,0.33898305084745783,-0.039034627492130165,0.09825033647375504,0.0,
5,1995-03-31,0.02410389830935733,,0.054583902374554016,,-0.011977227622372522,0.0121977961734554,0.06633392368378678,0.06633392368378678,0.049999999999999815,0.0,0.1005056026236677,-0.6305582158982077,-0.2325148479744703,-5.207291352817113,3.4953692115143933,-0.025818349469801882,0.07305194805194802,0.006688963210702337,-0.012844036697247764,-0.010204081632653073,-0.07958148383005703,0.2531645569620253,-0.035160515396374666,0.09825033647375504,0.0,
6,1995-06-30,0.05600041455878646,,0.11503792203934228,,-0.01859416282281734,0.0016789882741625741,-0.21440434848256076,-0.21440434848256076,-0.23809523809523805,0.0,0.3895200844353386,4.907230811961855,2.6985446985446986,-1.6732311658550558,-0.52347012639902,0.002839564600094713,0.015128593040847129,0.006688963210702337,-0.020446096654275103,0.015463917525773141,-0.07958148383005703,0.202020202020202,-0.07062019013128118,-0.029411764705882363,0.0,
7,1995-09-30,0.033828876795414686,,0.058320081922855975,,-0.0013296283016612787,0.0536375679255996,0.13742071881606766,0.13742071881606766,0.1875,0.0,-0.6040838210982529,-0.7215848536141934,-0.8820810692648804,-0.4546324859057546,-0.5990885720962842,0.056158565361019264,0.05365126676602072,0.006688963210702337,-0.013282732447817748,0.07614213197969555,0.05614881157423346,0.17226890756302524,-0.0340964442279591,0.012626262626262541,0.0,
8,1995-12-31,0.05155647217834902,,0.0987547003571485,,-0.02024623393719982,0.06483976086008257,-0.0932747549847922,-0.0932747549847922,-0.1578947368421053,0.0,1.005191287665049,1.3638257149290702,7.2926377118644075,-2.3828749756192704,2.0664529291751674,-0.02815013404825728,-0.02263083451202264,-0.07308970099667766,-0.023076923076923102,-0.014150943396226578,-0.06653620352250489,0.1469534050179211,-0.06833081190115986,-0.06670822942643384,0.0,
9,1996-03-31,0.007080033493049642,,0.02132861750607673,,-0.017229164376366568,0.05474698795180721,0.12299664554603053,0.12299664554603053,0.1875,-0.09523809523809523,-0.305267897343539,-0.5698125788859518,-0.8897901829910899,-1.3200282087447108,-0.21566391027468867,-0.0027586206896551557,-0.011577424023154759,-0.060931899641577074,-0.017716535433070838,0.019138755980861344,0.05276030747728844,0.12812499999999982,-0.02408660351826797,-0.06746826987307952,0.0,
10,1996-06-30,0.023964958517662,,-0.02094629882124488,,0.10359324603978548,-0.004614822260806006,0.14454032525721885,0.14454032525721885,0.10526315789473673,0.0,0.3575826312378483,0.7073737821080601,2.6792234135033324,-0.3887174966945791,-0.16808046534173535,0.005532503457814642,0.05856515373352855,0.04580152671755733,0.042084168336673285,0.028169014084507005,0.034185197477597074,0.11357340720221608,0.07792567942318374,0.03295128939828085,0.0,
11,1996-09-30,0.016176140684930784,,0.035548196545243105,,-0.01429476440527644,0.017603855864126716,0.1777584457010295,0.1777584457010295,0.09523809523809534,0.0,-0.18367346938775508,-0.5408209584333052,-0.7882964479798378,-2.5904830569574617,0.32134013109978143,0.0719853278312701,0.07883817427385886,0.06569343065693434,-0.015384615384615441,0.027397260273972712,0.00032092426187424467,0.1044776119402988,-0.03010033444816052,0.05755894590846045,0.0,
12,1996-12-31,0.11491422005455545,,0.11739143211255132,,0.1108207079362904,0.06854320319372076,-0.052566785670318805,-0.052566785670318805,0.0,0.0,0.6714912280701755,5.9729557972037846,27.963913690476193,-0.10698096101541256,0.21717561459596516,0.0988023952095809,0.04102564102564088,0.044520547945205546,-0.0244140625,0.1155555555555554,0.04331087584215587,0.09459459459459453,-0.003713527851458953,0.05245901639344264,0.0,
13,1997-03-31,0.07706224053564847,,0.00020110732788691799,,0.2048240482404824,0.02682792975346171,0.2098492723492724,0.2098492723492724,0.04347826086956519,0.26315789473684204,-0.24744161637365525,-0.06819171451428341,-0.029863207244236082,-0.6340101522842639,0.06530205597319094,0.06072401712728692,0.009852216748768685,0.05245901639344264,0.2012012012012012,0.08764940239043839,-0.02552275522755232,0.1728395061728394,0.1187433439829606,0.08473520249221189,-0.05263157894736848,
14,1997-06-30,0.026507301210934697,,0.043065434899953736,,0.003658187809740143,0.04429872345673935,0.8268714423799806,0.8268714423799806,0.8333333333333335,0.0,-0.06775918177591822,-0.7649782105480509,-0.8236727128293393,9.726768377253816,0.6575412344839313,-0.025321100917431227,0.2256097560975609,0.2429906542056075,0.0024999999999999467,-0.19047619047619047,-0.07888923950773119,0.0736842105263158,-0.02237029985721095,0.26593911545089033,0.0,
15,1997-09-30,0.010183925699364105,,0.02610339637749393,,-0.012646410860559842,-0.01946773749065001,-0.4421516754850088,-0.4421516754850088,-0.4545454545454546,0.0,-0.07093878568757017,0.08438916119485795,-1.4701907193272263,-2.9147918282906646,-0.7595917111202298,-0.024472891566264976,-0.033830845771144265,-0.020050125313283096,-0.01413133832086455,-0.02714932126696834,-0.22130866735183288,0.06862745098039214,-0.02263875365141177,0.0036297640653357717,0.0,
16,1997-12-31,0.13860455381975667,,0.10226026338188343,,0.1927719925480018,0.10431011984823237,0.12698914532616712,0.12698914532616712,0.0,0.0,0.6113794954374665,5.065796767728455,-21.854199936122647,-1.8343574853129851,2.636227864305526,0.016595908915476576,0.0319258496395467,0.005115089514066362,-0.03794266441821237,0.03255813953488396,0.007479102507699009,0.0015290519877675381,-0.14146948941469495,0.029385171790235143,-0.05555555555555547,
17,1998-03-31,0.017146789429830278,,0.034836508850062176,,-0.007217276683339047,0.02123288916359134,0.18702075930428275,0.0011221245558257211,0.12500000000000022,0.12500000000000022,-0.11259160559626913,-0.7793587301140957,-0.9316864360704196,-1.0933149886694724,-0.06765240861350696,-0.058845861807137474,0.03992015968063867,0.025445292620865256,-0.010517090271691565,-0.022522522522522626,-0.06681222707423573,0.13282442748091605,-0.025529445894981184,-0.006587615283267456,0.0,
18,1998-06-30,0.009356695451137487,,0.02221363552864131,,-0.009101276252107549,0.039606956583655206,-0.057586261225775925,-0.06818606388940784,-0.03703703703703709,-0.03703703703703709,0.10088213213213204,-0.04909832409354487,-0.5463513059074094,1.0260190806591505,-0.14701069855254878,-0.004033884630899487,-0.13435700575815734,-0.1389578163771712,-0.013286093888396631,0.009216589861751112,-0.029012634534394063,0.05660377358490565,-0.020244120273891,-0.1763925729442971,0.0,
19,1998-09-30,0.07814657041100026,,0.14303437113087747,,-0.01795308080446545,0.010290743467689543,-0.3713951349995821,-0.4454691259021651,-0.4615384615384615,-0.4615384615384615,-0.2810928309607024,2.2016418160495896,17.553002223869537,0.5419520547945205,-0.2657518075844769,-0.09882543539894696,-0.08203991130820397,-0.09510086455331423,-0.02423698384201089,-0.08675799086757985,0.06168674698795185,0.0573979591836733,-0.09298085688240663,-0.133118625872249,0.0,
20,1998-12-31,0.01853418668818585,,0.034795327661152335,,-0.009496699238170758,0.09987627747741644,0.6998670212765958,0.9515545914678236,0.9285714285714286,0.9285714285714286,0.7066461137131677,-0.6770169434763953,-0.8754195301262586,-3.0205441421432537,0.7313102893890675,0.0,0.015700483091787287,0.015923566878981003,-0.015639374425022945,0.024999999999999908,0.10985020426690872,0.0,-0.02948073701842535,-0.03900928792569658,0.0,
21,1999-03-31,0.012651610134492895,,0.024554418097802788,,-0.008783897257650275,-0.02023237179487181,0.06031448016897434,0.07132271211559837,0.07407407407407396,0.07407407407407396,-0.2252136455221289,0.16722830665543387,-0.03388924524267689,-1.6434460016488046,-0.27179338363319794,0.013932584269662929,0.038049940546968086,-0.009404388714733371,-0.013084112149532643,0.02926829268292685,-0.018404907975460127,0.10735826296743077,-0.023472557818432938,-0.0077319587628866815,0.0,
22,1999-06-30,0.007851128603894919,,0.023013814629516682,,-0.020373430396807838,0.009625214286837602,-0.4971963995868378,-0.5825696005533461,-0.5862068965517242,-0.5862068965517242,0.4896202304622697,-0.1047663992449268,-1.1845745269447825,-0.8518043988896007,-0.0553120267793098,-0.011081560283687895,-0.1202749140893472,-0.13607594936708867,-0.02556818181818199,0.0,-0.03166666666666673,0.04793028322440085,-0.03252032520325199,-0.1558441558441558,0.0,
23,1999-09-30,0.017813092243235133,,0.031856220140416884,,-0.00948522124409723,0.04766726380559239,1.081584739545121,1.5265120132560068,1.5833333333333337,1.5833333333333337,-0.4234415916684224,-0.0940804366026854,-8.971822541966427,-5.664265129682997,0.273095418881296,-0.01389511429852075,0.22135416666666674,0.14652014652014644,-0.013605442176870652,0.014218009478673022,0.15447504302925985,0.0,-0.029229082937522913,0.16538461538461524,0.0,
24,1999-12-31,-0.0050808038488029394,,4.650383220639043e-05,,-0.015463725380560291,0.0360567987510223,-0.021006626251233614,-0.024348253812100373,-0.03225806451612912,-0.03225806451612912,0.4357608979378753,-0.9374978606880028,-3.183048808001805,-2.03552672227371,-0.22213386348575212,-0.1377272727272728,0.04584221748400874,0.015974440894568787,0.0009852216748769127,-0.12616822429906538,-0.28587402161759223,0.04781704781704788,-0.014301844185171109,0.00990099009900991,0.0,
25,2000-03-31,0.018287563361772285,,0.05026442980718282,,-0.047486484386053414,-0.008266360505166492,0.01807315668202758,0.021006638097638808,0.03333333333333344,0.03333333333333344,0.17962330012362734,22.695509309967147,-1.4409191125809564,-1.5886038186157518,0.1680865564832168,0.008434370057986307,0.043832823649337486,0.003144654088050203,-0.05413385826771655,0.0053475935828875,-0.02139874739039671,0.04464285714285698,-0.07598319969454004,-0.006535947712418277,0.0588235294117645,
26,2000-06-30,-0.011279032995284544,,-0.016602635353586637,,0.0007949840689376321,-0.004312340819634164,0.27830822547563483,0.3239239568759773,0.3548387096774193,0.32258064516129026,-0.18257197460082608,-1.3125404455948968,-3.7398234237049772,1.5215408008109477,0.3628473488439938,0.07841087297438576,0.3037109375,0.22257053291536066,-0.002081165452653466,0.1436170212765957,0.05813333333333338,0.0417853751187085,0.012396694214876105,0.2526315789473685,0.0,
27,2000-09-30,0.02237382994827386,,0.036973809358544114,,-0.010163532109612294,-0.0032700636572391413,-0.2021135332521855,-0.2271399266488469,-0.23809523809523805,-0.2195121951219512,-0.027489724348580213,-4.140353471862753,-1.3341318048307524,-1.996984924623116,-0.2654393663705448,-0.0043625787687833215,0.02846441947565537,-0.002564102564102666,-0.013555787278414888,-0.00465116279069755,-0.22177419354838712,0.043755697356426586,-0.034693877551020484,0.0,0.0,
28,2000-12-31,0.02662378826615419,,0.043328774409239434,,-0.0123776437916433,0.061372683396276,-0.03689064558629773,-0.042708919810182544,-0.03125,-0.03125,-0.1704148894920512,0.1662938281489157,1.1989417086284884,-0.5223790322580646,-0.17259216086259654,-0.056475170399221016,0.022578295702840426,-0.012853470437018009,-0.017970401691332127,-0.04205607476635531,-0.06347150259067348,0.041048034934497935,-0.041014799154334036,-0.011554621848739566,0.0,
29,2001-03-31,0.03368928966447648,,0.0502711489693739,,-0.007208320681529545,-0.014933369968402218,0.024767801857585203,0.028818685935136926,0.032258064516129004,0.032258064516129004,0.3973358261275999,0.7623816350017161,1.21925092179313,-0.9096665259603208,-0.018843004314519685,0.012899896800825594,0.01139601139601143,-0.015624999999999887,-0.01076426264800856,0.02926829268292685,0.005532503457814642,0.03942953020134232,-0.04144620811287469,-0.007438894792773709,0.0,
30,2001-06-30,0.03544863853261826,,0.041355974736855934,,0.020035194051903682,0.023639178277059525,0.5574369423171504,0.648019599836668,0.59375,0.59375,-0.08723575060208721,-0.5716298731798967,-0.4677066755277287,-96.00934579439252,1.8246432738041818,0.032603158430972945,0.08098591549295775,0.03703703703703698,0.016322089227421174,0.047393364928910005,0.024759284731774574,0.037933817594834496,-0.00965961361545542,0.060492505353319174,-0.05555555555555547,
31,2001-09-30,0.03449786265058985,,0.05440789911756405,,-0.018537326984596203,0.02896536690373042,-0.3151080434880679,-0.34618434093161543,-0.3333333333333333,-0.3529411764705882,0.10708003518029896,0.6176187419768935,-0.5585162307793403,-1.8282018493015932,-0.5349960285941223,0.08633448445979286,0.019543973941368087,-0.020408163265306145,-0.02462526766595297,0.0678733031674208,0.012080536912751684,0.0,-0.056200650255457514,-0.010600706713780885,0.0,
32,2001-12-31,0.02397169837599944,,-0.06356755358818289,,0.2744844085489431,0.05763730734600925,0.1312080094849164,0.06889495225102316,0.02941176470588225,0.09090909090909084,-0.2998675935120821,-0.22344013490725126,1.139391233162164,-1.173822673555437,0.19998633506422525,0.015440508628519424,0.045367412140575165,0.015625,-0.02524698133918757,0.038135593220339103,0.008620689655172377,0.03732503888024885,-0.04330708661417326,0.01377551020408152,0.0,
33,2002-03-31,0.020251058500156068,,0.037147857641760096,,-0.015277149435842685,-0.04455600485746836,-1.0775008734132991,-1.4387009856058994,-1.4285714285714286,-1.4166666666666667,0.5051770601862795,0.2549871197121629,-0.06515462483041712,-1.0813119234711308,-0.013551215623754498,0.10152057245080504,-0.30073349633251834,-0.24615384615384614,-0.03828828828828845,0.1306122448979592,0.06508875739644959,0.0359820089955023,-0.04423868312757195,-0.31907398087569194,0.0,
34,2002-06-30,0.038239141552443234,,0.0015365430181730755,,0.11952075811964935,-0.02059802405723421,-27.54770848985725,-5.926297074511073,-5.933333333333334,-5.933333333333334,0.018344013066968312,0.097000746420574,0.25191635037582794,-6.873949579831933,0.0806926406926407,0.09744214372716198,0.21153846153846145,0.2108843537414966,0.13231850117096022,0.14440433212996395,0.5888888888888888,0.0347322720694645,0.15554359526372452,0.24390243902439024,-0.058823529411764726,
35,2002-09-30,0.02908667860013714,,0.048923133046745886,,-0.01021347228963998,0.047989190056993085,-0.4763265883684732,-0.5522162800616819,-0.5675675675675675,-0.5810810810810811,0.00579888957433683,-0.311786719450716,-0.4701878492450363,3.2410586552217455,0.3166693371788709,-0.04661487236404005,-0.02164502164502169,0.022471910112359602,-0.018614270941054837,-0.16088328075709768,-0.21794871794871795,0.034265734265734205,-0.043782021425244455,0.0,0.0,
36,2002-12-31,-0.0020743346506723053,,-0.0015134712945189532,,-0.003251911774488692,0.14175379469699867,-0.8498162559446606,-1.1522567409144198,-1.15625,-1.1612903225806452,-0.31903213935230623,-0.8286446162142729,-1.9036746143057504,-1.2578849721706864,-0.062023365244199276,0.034148234381063285,-0.33333333333333337,-0.22252747252747265,-0.04425711275026345,0.056390977443608874,0.050670640834575176,0.032454361054766734,-0.00292255236239658,-0.3315508021390374,0.0,
37,2003-03-31,0.03602270306065192,,0.03262290134020529,,0.04317330630604066,-0.04618893746436037,4.892767182439727,-6.543792107795958,-6.2,-6.2,0.11132627786534566,8.859952793076319,-3.824993791904644,2.276651406147809,-0.21666738744972536,0.08555347091932464,0.4148230088495577,0.28621908127208484,0.058434399117971214,0.13523131672597866,0.6094562647754138,0.06352324819908306,0.030776746458231582,0.4524444444444444,0.0,
38,2003-06-30,-0.010105720717524023,,-0.01946476018689369,,0.00937951474699572,0.012871310341593832,0.1068637029799706,0.1836805555555556,0.1153846153846152,0.1153846153846152,0.3699396198889655,-0.9830567081604424,-1.7040105482913963,-1.099001996007984,0.027383647104289643,0.1168337366055998,-0.3620015637216576,-0.2445054945054945,0.1541666666666668,0.056426332288401326,-0.2467685076380728,0.03017241379310365,0.2559241706161137,-0.3378212974296205,0.0625,
39,2003-09-30,-0.003132943308551961,,-0.02732312921947344,,0.002187477428741147,0.004212767927410877,0.3568906543087278,0.3422557934878263,0.3103448275862071,0.2758620689655173,-0.06744364905638056,-14.829670329670328,0.06436508927456619,29.336693548387093,0.8085872427320113,0.07830393067161867,0.04901960784313708,0.1018181818181818,0.0,-0.06824925816023741,0.6774570982839312,0.02869097429766887,0.006037735849056647,0.09889094269870613,0.0,
40,2003-12-31,0.048624687139807284,,0.06586905764544748,,0.016889471988892346,0.1455605753273097,0.4393169343362473,0.7773589029120909,0.736842105263158,0.7837837837837841,0.0271521918416544,-2.8403428117373286,-1.039738401079242,-0.9128065395095368,0.038982647967672916,0.09931113662456936,0.705607476635514,0.5016501650165015,0.019855595667870096,0.10191082802547767,0.023482910950941797,0.0,-0.02625656414103528,0.7855340622371738,0.0,
41,2004-03-31,0.04927604522647066,,0.08013123568080792,,-0.011187866480370956,-0.032445320831405056,-0.5128248587570621,-0.5580523193261812,-0.5606060606060607,-0.5757575757575757,0.2036316472114137,2.7282343870470314,54.264944649446484,-6.3567073170731705,-0.20098375657744227,0.1044386422976502,-0.015068493150684812,-0.01318681318681314,-0.058407079646017664,0.08092485549132955,-0.3918673330304408,0.028471818710052114,-0.060477657935285034,0.007065473386716814,0.0,
42,2004-06-30,0.01163066265609336,,-0.05277962907038503,,0.1555499320547833,0.03055951254510103,0.5268468050562449,0.6319816373374139,0.5862068965517244,0.6785714285714284,0.016446018062397316,-0.9024882535901,-1.1424336306821217,-3.442088787706317,0.6142806012884754,-0.037115839243498816,0.07023643949930447,0.060133630289532336,0.18890977443609014,0.024064171122994527,-0.048935375420246514,0.027683615819209084,0.18040180401804015,0.08746492048643595,0.0588235294117645,
43,2004-09-30,0.002552288511009637,,0.00043768938482990905,,-0.000273424989778226,-7.062716926309331e-05,-0.29135652438098136,-0.3269829092613903,-0.3695652173913044,-0.34042553191489355,0.3791554130802433,1.927298948082796,2.9187136696043505,-2.262366719105052,-0.4803671596124426,0.0670267616007858,-0.0727745289148799,-0.08403361344537819,-0.007114624505928813,-0.10182767624020894,-0.0408483896307934,0.028037383177569986,-0.003126085446335525,-0.058924731182795724,0.0,
44,2004-12-31,-0.0061919667517162935,,0.000962220648664358,,0.0009762422397605608,0.007860350133696679,0.1745980707395498,0.20638338293964908,0.3103448275862071,0.129032258064516,-0.4896958160986858,-1.374126988726925,-0.1924300787137833,-1.32484076433121,0.3002944062806674,0.11412793373216745,-0.1899088997897688,-0.1490825688073394,-0.004777070063694322,0.12209302325581395,0.15274365274365256,0.02673796791443861,0.0076655052264809065,-0.15767824497257776,-0.05555555555555547,
45,2005-03-31,0.02665715586423012,,0.03401586926927802,,0.013025372722741846,0.03627207560770485,0.09485354503148093,0.10908136482939623,0.05263157894736836,0.14285714285714302,0.2465748511584536,-7.072347017815647,-2.2089530129762402,-1.4021028701335607,-0.09286300246103364,0.016935150764147092,0.04498269896193774,0.07008086253369261,0.014399999999999968,0.020725388601036343,0.2404973357015987,0.05260416666666679,-0.01071922544951587,0.07325013564839944,0.0588235294117645,
46,2005-06-30,-0.013020527859237574,,-0.00443203407072279,,-0.029028596545338518,-0.02291632449979231,0.033754219277409625,0.03833775085195002,0.049999999999999815,0.024999999999999908,0.5498460741721092,-0.7381814934816441,-2.160658710515353,3.9540636042402815,-0.5071441490323747,0.10398050365556456,-0.014900662251655759,-0.017632241813602012,-0.03785488958990535,0.08883248730964466,0.017468499427262252,0.027709054923305217,-0.022369800768962,-0.02426693629929222,0.0,
47,2005-09-30,0.0026338450393597053,,0.0037145805116829407,,0.0004231054136916157,-0.007405942552034417,0.23674769218365774,0.2677089980855136,0.2619047619047621,0.29268292682926833,-0.15125863221207392,-0.8892082825822168,-0.14494436585520346,-1.2102710413694722,0.21636697247706427,0.13980868285504044,0.1596638655462186,0.13076923076923075,-0.0008196721311475308,0.18414918414918424,0.18632141851956094,0.026480500722195544,-0.001787629603146268,0.15077720207253886,0.0,
48,2005-12-31,0.020746203331897476,,0.03382414367176079,,-0.003941314774274285,0.048970972047895016,0.14498044328552795,0.15997267268347048,0.15094339622641506,0.13207547169811318,-0.12259405074365705,21.452066842568158,-1.074250580275569,-3.6913161465400273,-0.4787304652145056,-0.014202711426726909,0.15362318840579706,0.1201814058956916,-0.009844134536505234,-0.013779527559055205,-0.1425860023724792,0.0028142589118198558,-0.025071633237822355,0.13192255740657366,0.0,
49,2006-03-31,-0.001268901657781929,,0.0011973186229294885,,-0.0066258241949701535,0.034215874342367725,-0.11663060806194492,-0.12703037817730933,-0.13114754098360648,-0.1166666666666666,0.18162782001744995,-0.7669421811344406,-14.08579980046558,-0.5151247794303,-0.4453061696955666,0.12148002619515386,0.08103015075376874,0.05870445344129549,-0.008285004142501995,0.1337325349301397,-0.022966242390702774,0.02572497661365758,-0.006980161645848693,0.054097056483691335,0.0,
50,2006-06-30,0.00025555088465334386,,-0.004331240103780387,,0.009894597077092282,-0.006289885680179963,0.2328316844445877,0.25655138129394217,0.2641509433962264,0.2452830188679245,-0.02118098774287458,-0.4977729220942937,-0.20783247350631529,-3.404471016376397,1.9303005008347247,0.0011678832116788216,0.12260313771063334,0.10516252390057357,0.010860484544694904,0.008802816901408494,-0.0617388841687907,0.02553579571363418,0.011838697743248305,0.10339622641509427,0.0,
51,2006-09-30,0.124188567104782,,0.09340399826022527,,0.1894538863209787,0.04791166143041958,-0.3469259723964868,-0.3750529855596688,-0.35820895522388063,-0.3636363636363637,0.005603810591201963,35.045348058902285,-8.094158031503639,4.662918918918919,3.730380287708304,0.06299212598425208,-0.09782608695652173,-0.07612456747404839,0.18016528925619826,0.05061082024432784,-0.05161485058859039,0.025344597598932816,0.09360146252285184,-0.07455540355677147,0.0,
52,2006-12-31,0.01836430286176172,,0.10929228390205313,,-0.15197864583164344,0.06249283541290063,-0.021733909702209453,-0.1928555279222247,-0.2790697674418604,-0.23809523809523805,-0.058104893156439526,-0.6093580988547262,-1.0666027531067417,-2.048623572983086,-0.8269450800915332,0.10164609053497943,-0.16695352839931166,-0.1123595505617978,-0.0091036414565826,-0.06644518272425237,0.15658816040738374,0.02471812662619266,-0.02507522567703091,-0.15188470066518844,0.0,
53,2007-03-31,0.08954714822476784,,0.07513213627527904,,0.10573055231749896,0.01667330611160911,-0.05339388732048611,0.2941176470588236,0.3548387096774193,0.28125,0.26712328767123283,-0.06599165745659387,-2.860469853340576,-1.0817782956179796,0.3907785993910395,0.11480513012078195,-0.11707988980716245,-0.1181434599156118,0.0749116607773852,0.12633451957295372,0.27655476059438633,0.024121878967414245,0.0030864197530862114,-0.07668845315904138,0.0,
54,2007-06-30,-0.00962939724438383,,-0.012646256153765243,,-0.0023356967123771,-0.005338731928718921,0.15482365145228205,0.15077922077922068,0.11904761904761907,0.14634146341463405,-0.020454341384573915,-0.81992264040512,-2.62994051311996,-1.9503561887800536,-0.2670294614374179,-0.06254886630179822,-0.14898595943837756,-0.14832535885167464,-0.0032873109796187627,-0.12796208530805694,-0.0004311273981462138,0.023553719008264414,0.007521367521367672,-0.11514865502595563,-0.05555555555555547,
55,2007-09-30,0.009893990496888216,,0.017723234482786232,,-0.003504232595028189,0.061478739730974175,-0.11988172767422713,-0.1205281570928789,-0.1063829787234042,-0.1063829787234042,-0.11078722546107878,1.6366141454108671,-0.7173436030630066,-0.663387210119466,-0.1226318484383001,-0.030501608483259886,-0.004582951420714965,-0.0393258426966292,-0.007915567282322011,-0.02717391304347816,0.08324347638559404,0.024626564392410174,-0.013233797081778076,-0.01866666666666672,0.0,
56,2007-12-31,0.020286983093725564,,-0.0937926279835286,,0.2931920832835415,-0.13245913807233756,4.1953221348075695,4.219769878951196,4.023809523809525,4.023809523809525,0.1437436859575696,-0.42716261121234855,-1.4999207858048162,-29.12108559498956,3.930551502772104,0.0677153742165415,0.9585635359116024,0.9473684210526316,0.2500000000000002,0.07635009310986972,0.06768863229145937,0.024034672970843163,0.27063273727647874,1.1820652173913049,0.0,
57,2008-03-31,-0.0034011341128030725,,-0.004604831545972021,,-0.0019226076409074586,0.1338341978147337,-0.7545511099469583,-0.755385838256865,-0.7582938388625592,-0.7582938388625592,-0.05506985128436237,0.8158214820359282,-6.806052923466963,-1.5700816629547143,-0.4544593714860626,-0.1655156537753223,-0.030089327691584344,0.0300300300300298,-0.00265957446808518,-0.33217993079584784,-0.6035800857728884,0.02347056560215477,0.0016238159675237007,0.024657534246575352,0.0,
58,2008-06-30,0.015916391698247434,,0.026660510117692212,,-0.0011191121889744249,0.01942258868286384,-0.03374908290535583,-0.03390171183544943,-0.03921568627450989,-0.03921568627450989,0.3461083555894697,0.8251191549658636,-0.8063970307297637,-0.6799496462212962,-0.26661604107904824,0.056965517241379215,-0.048957828405235104,0.0,-0.003199999999999981,0.059585492227979264,0.026810912511759044,0.02293233082706769,-0.01675222912726282,-0.004618376276130265,0.0,
59,2008-09-30,0.028083158794494082,,0.042227704424122825,,0.004878316553340145,0.015983777198636858,0.2805273693656383,0.28180588786018923,0.2857142857142858,0.2857142857142858,-0.2698581409520571,-0.1876288077694024,-5.89695517338596,-4.893937338939374,1.4156106700853015,0.023619992170168302,0.005096839959225052,0.05102040816326525,0.004280363830925449,0.02689486552567244,0.01786532295006871,0.02388827636898183,-0.02253366309425664,0.0612942612942613,0.0,
60,2008-12-31,-0.006031093265011389,,-0.008645847343987545,,-0.0018474654439782914,0.0005615973650459072,-0.09101935205649292,-0.09132716550343556,-0.11111111111111104,-0.11111111111111104,0.04386560819859864,-0.2986967854039966,-2.358386827484959,-2.1761755485893417,-0.6892694576554877,-0.18141254462009185,-0.4061866125760649,-0.41054091539528426,-0.0037293553542887548,-0.18571428571428567,-0.2272727272727272,0.023330940416367518,0.004217036828788379,-0.4286700414173953,0.0,
61,2009-03-31,-0.0005865280899748361,,0.012083839117863704,,0.00630269818284912,-0.00485433211216546,-0.6891326908821349,-0.6919023518904436,-0.6964285714285714,-0.6964285714285714,0.34965880143545114,-0.2342666005946482,-0.27008412977600715,-1.2143153281212982,0.4753990672009461,-0.2281576078492445,-0.15286080273270708,-0.15764705882352947,0.00588235294117645,-0.2251461988304093,0.3179965055329061,0.045598035776920336,0.006718924972004325,-0.15747080144985906,0.0,
62,2009-06-30,0.046585496683556826,,0.07662078823562267,,-0.006149994606049924,-0.006577693767577997,1.7105112552460895,1.7328244274809161,1.8235294117647056,1.8235294117647056,0.014286501529220619,-0.22074098042387968,-3.846910927882941,19.3950531988393,6.5716384683882465,0.05710250201775624,-0.006048387096774244,-0.02234636871508366,-0.0074428495481125845,0.05283018867924527,0.2514361467079098,0.021804763502180524,-0.050333704115683935,-0.006214149139579296,0.0,
63,2009-09-30,0.07583688928071974,,0.06876292019675256,,0.0892916574342284,0.005017723150577691,-0.034627159798712004,-0.03482780567145183,-0.06249999999999989,-0.06249999999999989,-0.348097741195007,0.05277581696632483,1.1999816437043005,0.6149770662402863,1.4016841213931637,0.09066615766367624,-0.10750507099391482,-0.11428571428571432,0.054097482592394115,0.096774193548387,0.09639830508474567,0.02166776099803025,0.013177159590043841,-0.08706108706108706,-0.058823529411764726,
64,2009-12-31,-0.07412496390381818,,-0.11154976566844066,,-0.004284073081246675,0.05722486869427135,0.1653847555863377,0.1662453749496282,0.15555555555555567,0.15555555555555567,0.3034899468694656,0.8537114459256923,-2.337800378254098,-2.145446765309248,-0.6685119531471888,0.11988099404970255,-0.03863636363636369,-0.02580645161290318,-0.005589430894308967,0.062091503267973865,0.24154589371980675,0.0003213367609253837,0.07543352601156061,-0.0300316122233929,0.0,
65,2010-03-31,-0.03909153343146177,,-0.05834508053163901,,-0.007031891638401011,-0.00012997516030266443,-0.08601814200813263,-0.08638291188942993,-0.09615384615384626,-0.09615384615384626,-0.07352823644123341,-0.4630736824187749,-0.4957709779245394,-0.5868905174718628,-0.8331179047042226,0.07188623222378497,0.17257683215130035,0.1887417218543046,-0.00817577925396018,0.07692307692307687,0.09831387808041514,0.04240282685512376,0.03332437516796572,0.17544812601846815,0.0625,
66,2010-06-30,0.0023579421407957657,,0.0070983862604527825,,-0.031187919647564726,-0.03347295443056253,0.06481861738535244,0.06511947739384571,0.06382978723404252,0.06382978723404252,0.23158675661220476,0.4547255795522092,-0.7683427134228049,-1.008537612482823,0.042621935026998285,0.07799970841230497,0.012096774193548487,0.03342618384401108,-0.03297269448737772,0.08857142857142852,-0.09045819555975454,0.02033898305084736,-0.03381014304291285,0.01663585951940849,0.0,
67,2010-09-30,0.007576253083068529,,0.01625934926986661,,-0.006553075440325018,0.001711062128740615,-0.04737417239827735,-0.04761289906065402,-0.040000000000000036,-0.040000000000000036,-0.2947999551720274,0.34459275401797873,-0.5442733825754205,-15.935617860851504,-0.6105616165046484,0.0293481200973762,0.031872509960159334,0.04851752021563338,-0.007991475759190125,0.06299212598425186,0.018696442482472042,0.02023557837511336,-0.013997308209959591,0.012727272727272698,0.0,
68,2010-12-31,0.010358923227120842,,0.019656926334972846,,-0.0049009256630918605,0.031634144886024666,0.10715249662618076,0.10768031453362248,0.10416666666666674,0.10416666666666674,0.5305919745729042,0.5353119935170179,-1.34862982490399,-1.4604741708961968,0.7219315456725528,0.04572329523058727,0.019305019305019263,0.010282776349614496,-0.00537056928034374,0.05432098765432092,0.029824114198317764,0.00029603315571336003,-0.01501501501501501,0.007181328545780906,0.0,
69,2011-03-31,0.018327909042829882,,0.008779214556239978,,0.035294690620290003,0.0012725497993564259,-0.04967089224768406,-0.0498760747835133,-0.056603773584905766,-0.056603773584905766,-0.40299805321219984,-0.3018486995764221,-0.7921956684092606,-1.8751321153555789,-0.3669051085649174,0.007161703731624503,0.018939393939394037,0.007633587786259666,0.024298056155507508,0.014051522248243577,0.001980198019801982,0.03965670316661751,0.01690687361419063,0.016042780748663166,0.0,
70,2011-06-30,0.000996748678538717,,-0.0195511355892799,,0.03540695017540085,-0.015901098345621367,0.11450650933111015,0.11500434768606492,0.10000000000000007,0.10000000000000007,0.5804474010304572,-0.549179708172677,-36.04043126684636,-2.698930296756384,0.9846015398460156,0.04990019960079839,0.013940520446096729,0.02020202020202011,0.026357406431207098,0.025404157043879882,0.034337944664031735,0.0,0.03461433633142552,0.024999999999999908,0.0,
71,2011-09-30,0.010612705190351734,,-0.012802206899935165,,0.04854997505202574,0.010162974486164432,0.35377046350375463,0.3551210213159264,0.34545454545454524,0.34545454545454524,-0.2537311379798897,0.02938956900888812,-0.2954358974358975,-0.7743475170102571,0.11195082627972597,-0.014615019011406716,0.10357470210815768,0.12376237623762387,0.03749357986646129,-0.04054054054054068,-0.0384523525197038,0.01907201821804705,0.03793466807165435,0.1287976037655112,0.0,
72,2011-12-31,0.12444820771968468,,0.20823814619191894,,-0.05904800813366695,0.021581531845653142,-0.342847427369137,-0.3438199373361468,-0.33783783783783783,-0.33783783783783783,0.3226918327097119,2.8714617358367613,-3.512264356940097,19.583258325832585,2.0723153602174897,0.04063668153864697,-0.02657807308970095,-0.05066079295154191,-0.06237623762376233,0.0023474178403755093,-0.07600596125186276,0.019273743016759992,-0.16370558375634506,-0.01743745261561791,0.0,
73,2012-03-31,0.0024426843516285324,,-0.005856522273765097,,0.021083108843738874,0.0402033633163863,0.3901878981921672,0.3918989150912753,0.3673469387755104,0.3673469387755104,-0.03209308807134892,-0.5867488638276385,-1.4171833352648049,-0.9699142907119118,0.02029318939326896,0.0837775202780997,0.07167235494880543,0.04640371229698381,0.01742344244984162,0.1569086651053866,0.10268817204301084,0.01890929021649756,0.018816388467374656,0.06751543209876543,-0.058823529411764726,
74,2012-06-30,0.0032928592299272808,,0.0053023087432282345,,0.0002818645906399464,0.008688281415554222,-0.2415437584329781,-0.2423047303446827,-0.2388059701492537,-0.2388059701492537,0.1580978159148827,-0.13278346316379008,0.13823396645716854,8.877906976744185,0.19646728917926626,0.06404362236715477,-0.015923566878980774,-0.04434589800443467,-0.002594706798131896,0.04453441295546545,-0.009751340809361464,0.018558364712210732,-0.0029788501638368103,-0.03324900614383808,0.0,
75,2012-09-30,0.033526862376318516,,0.03341874541554901,,0.036725463154174236,0.06942938465708859,0.18528969726712274,0.18602932117777504,0.17647058823529416,0.17647058823529416,-0.2632835227131455,1.0573885986027125,-3.3103416717510683,3.7753090052972342,0.7841351148911493,0.07043810289389074,-0.05420711974110026,-0.09048723897911837,0.028616024973985518,0.07364341085271309,0.08813392417528321,0.01822022709268567,0.0035853002688974725,-0.0871028037383178,0.0,
76,2012-12-31,0.024768034604697453,,0.034425939800030385,,-0.0006872734812615189,-0.009131523082285152,-0.024635130938826192,-0.024696167030227482,-0.033333333333333326,-0.05000000000000005,0.4761727978400271,0.8565925207242426,-1.898511877252981,-2.7054201460573752,-0.7495395449620802,-0.015113113676898491,0.03250641573994861,0.030612244897959107,-0.005058168942842611,-0.041516245487364656,0.04570135746606319,0.01893153526970948,-0.025007442691277082,0.0196560196560196,0.0,
77,2013-03-31,0.0018896696605033012,,-0.006175527921615465,,0.018060913326888528,0.00887672354250335,-0.08235169266687893,-0.08264770881593309,-0.08620689655172398,-0.07017543859649111,-0.22617115160383186,-0.6489859594383776,-0.5924581539230238,-0.9483792866693168,-0.15448253487617605,0.01887152115897828,-0.06876553438276722,-0.07178217821782172,0.013218098627351129,0.02259887005649719,-0.01579402855906531,0.018579791295495033,0.016183206106870074,-0.07309236947791165,0.0,
78,2013-06-30,0.04589711239212568,,0.05210049581280907,,0.038673244517588135,0.001236117450174934,0.08531860760957555,0.08565291846863854,0.07547169811320731,0.07547169811320731,0.16707783670394272,1.46311986863711,-4.987884032886196,-14.491774588729436,2.4650508409541474,0.0016838166510757535,0.011565836298932377,0.008000000000000007,0.031610637230305993,-0.011049723756906049,0.06506924598812924,0.018240879560219803,-0.006610576923076872,0.017331022530329362,0.0,
79,2013-09-30,0.018180981459183343,,0.010463067443061023,,0.034742712849181734,0.006856730422230228,0.6542262713444684,0.6565607956368302,0.6491228070175439,0.6491228070175439,0.013024821842208434,-0.6150413766743998,-1.156051070601852,-0.7475094692056244,0.17962275990624366,-0.04538662682106831,0.13192612137203175,0.1322751322751321,0.04523346303501952,-0.07448789571694603,-0.07058823529411773,0.017914110429447794,0.016636418632788974,0.15672913117546838,0.0,
80,2013-12-31,0.014381138393393831,,0.003426017234088974,,0.028528571185063575,0.02297679683078657,-0.5417565783117009,-0.5429295374584422,-0.5425531914893618,-0.553191489361702,0.09668632546981204,2.31827102911635,-1.987194344651756,-2.9986642692011305,-0.30433932301241484,0.01956564273136374,-0.0815850815850816,-0.07009345794392519,0.0013959981386693074,-0.0241448692152918,-0.11325782811459027,0.018804243008679,0.014281463850044585,-0.06332842415316642,0.0,
81,2014-03-31,0.04416686772716005,,0.029293319796094064,,0.025948790188929486,0.050060239482678126,0.36185690188360975,0.3635817944281627,0.34883720930232553,0.3571428571428571,-0.09807451293152558,-0.3873816200569198,-1.2553266420144389,-0.6599835492494346,-0.148751222913176,0.03444636346190744,-0.005922165820642977,-0.005025125628140725,0.019516728624535462,0.03298969072164959,0.09767092411720513,0.0184571699006153,-0.017307128190084953,0.0051100628930815795,-0.0625,
82,2014-06-30,0.005864745859121222,,-0.0067144160754955,,0.02963039243796684,-0.01686491675837687,0.12365494284313484,0.12408721321663466,0.10344827586206916,0.1228070175438598,0.17363128773906664,0.15949568378010004,4.7958620689655165,1.5995615361354705,-0.4542596335486598,0.09071514701790197,0.005957446808510625,0.015151515151515138,0.022789425706472244,0.06986027944111782,0.0732375085557837,0.01812267657992561,0.023582089552238727,0.020336331638639127,0.0,
83,2014-09-30,0.01081195129849255,,0.0015513880168318561,,0.02847568999340422,0.017809189803926314,0.08106556435870949,0.08129463257313985,0.078125,0.078125,-0.24895863605541024,-0.11049940244117472,-1.143979057591623,-0.4941402274115218,-0.4210640975987606,0.0329109618164809,-0.11252115059221668,-0.1044776119402986,0.02272727272727271,0.00932835820895517,0.004676870748299367,0.01780009128251936,0.017789442986293258,-0.10348792640858573,0.0,
84,2014-12-31,0.015062738341178772,,0.010464606820853373,,0.019753743988833783,0.03181855409563705,-0.25306425916091346,-0.2537761775921942,-0.26086956521739124,-0.26086956521739124,0.4945325823695488,0.268980859452435,8.635261707988981,-2.3816613969531475,1.0048919178826776,0.05162193314671515,0.01620591039084851,0.022222222222222362,0.0117647058823529,0.02957486136783727,0.16504443504020316,0.01950672645739915,0.004871060171919961,0.02180418982471144,0.0,
85,2015-03-31,0.05143758233686024,,0.08570224194327336,,-0.00799800049987498,0.047710302363686896,0.3135202775723793,0.3147286379078995,0.3137254901960784,0.3137254901960784,-0.21381995320471026,-0.17601062260253764,2.9011036139066784,4.137971207456103,2.5752539050280494,0.11954904877475925,0.028142589118199,0.024456521739130373,-0.008182601205856899,0.10592459605026927,0.07773338176534694,0.019133494611832003,-0.056743655546050875,0.02468619246861925,0.0,
86,2015-06-30,-0.009812686293991568,,-0.03292174002644732,,0.02764756036338989,-0.01802567210701766,-0.05529814229420171,-0.055460250591735205,-0.05970149253731349,-0.05970149253731349,0.11802014978166996,0.2786981936910844,-1.8759426875297736,-2.2087362130120014,-0.8706521929338474,-0.03132867132867123,-0.016423357664233532,-0.01591511936339518,0.021276595744680767,-0.024350649350649456,-0.0699359622514325,0.018774277082434176,0.038089480048367534,-0.018374846876276,0.0,
87,2015-09-30,0.01055486055923338,,0.004576741905740756,,0.018422912595715824,0.020891541433145425,0.20203061972863945,0.202634664459618,0.19047619047619047,0.19047619047619047,-0.04538412864654928,-0.4223679225079485,-0.7767281915694707,-0.937619755865525,-0.4198872604284104,-0.047069015304649235,0.016697588126159513,0.016172506738544312,0.0140306122448981,-0.06655574043261225,-0.04330494654828776,0.01842829908917598,0.007862550960978655,0.010815307820299493,0.0,
88,2015-12-31,0.026737305026983682,,0.03722839348698948,,-0.0011736779163644686,0.03916287003649077,0.295669914389765,0.2964577239968649,0.3200000000000001,0.30666666666666664,0.12780279307901532,-0.040554414784394255,-0.1298857035787896,-1.8787455697562023,0.6360385572139304,0.08166666666666678,0.1742700729927007,0.1618037135278516,-0.004612159329140608,0.06773618538324411,0.05625000000000013,0.019550748752080068,-0.0271597804102861,0.1596707818930041,0.0,
89,2016-03-31,0.043518050438248634,,0.012639091156378957,,0.1149223831238968,0.030320975341156412,0.13245725049298065,0.1327209189165277,0.11111111111111116,0.12244897959183687,0.018472918883315703,1.9975477082218656,-5.300314397691546,-1.1625519432901492,-0.06319490639551463,0.06380445440537885,0.10256410256410242,0.12557077625570767,0.09604043807919127,0.06844741235392315,-0.10112963959117804,0.01917584659322724,0.06920106920106918,0.12633073101490422,0.0,
90,2016-06-30,0.01229373302712333,,0.003001698850668699,,0.03708345934744362,-0.001830153672407575,-0.2730686764992528,-0.2735485550637855,-0.28181818181818186,-0.2909090909090909,-0.017710033032196426,-0.5080743924992687,-1.0060791795611372,-0.1774436090225564,-0.05548792858592011,0.03792218052538043,0.007751937984496138,0.026369168356997985,0.029592621060722468,-0.05312500000000009,-0.09116297626171954,0.01881505204163325,0.02444444444444449,0.028670447385003236,0.0,
91,2016-09-30,0.04025639167476802,,0.05293217695714248,,0.025445759533907708,0.016041943418812817,0.05427146457875254,0.054384833172060436,0.03797468354430378,0.0512820512820511,-0.0910785187586095,0.3860303381545129,-215.88962108731465,-76.5566727605119,4.43878208570508,0.028480811925150507,-0.016783216783216703,-0.003952569169960452,0.02053004852556928,-0.0016501650165016144,-0.014266900790166903,0.01846758349705313,-0.014099783080260388,0.005206738131699806,0.0,
92,2016-12-31,0.004806444363210982,,0.0010902235786394154,,0.002049485727610545,0.014675104520349704,-0.015938416670905564,-0.01595826039666215,-0.02439024390243893,-0.02439024390243893,0.4518364981724168,0.10390866450932634,-1.4323203360983765,-1.942583384749392,-0.7692755798224741,-0.11890958430985556,-0.07752489331436696,-0.06150793650793651,-0.002194586686174005,-0.13553719008264453,-0.13560454241816955,0.018904320987654263,-0.002750275027502802,-0.05210237659963435,0.0,
93,2017-03-31,0.04294837127132856,,0.07324073351541173,,0.0025086847844397737,0.01606984503378106,-0.031824525733583735,-0.031898725432627506,-0.025000000000000026,-0.025000000000000026,-0.07073885878325481,0.8331269268266976,-3.730116507953397,-0.9582097981081462,-0.13933584388907905,-0.048649027019459716,-0.09791827293754818,-0.10570824524312904,0.0003665689149559004,-0.04780114722753348,0.00025759917568257684,0.018553578190079408,-0.03861003861003853,-0.0935390549662488,0.0,
94,2017-06-30,0.0260427495491673,,0.03675726610816965,,0.005386810866673475,0.0031824252973879923,0.3577326926499378,0.3585942378021585,0.34615384615384626,0.34615384615384626,-0.0025027670857218354,-0.598589170463856,-0.5638047728542293,-24.40724815724816,3.789478918058871,-0.04856154808329039,0.07948717948717943,0.05910165484633567,0.005496518871381585,-0.048192771084337394,0.047128508884882736,0.018215613382899683,-0.02008032128514059,0.0755319148936171,0.0,
95,2017-09-30,0.07196239926127368,,0.047899155656406345,,0.10870838555346474,0.04760417017145002,0.3996015257369807,0.399758390671779,0.3999999999999999,0.3999999999999999,-0.19007477455843255,1.8495295560548957,1.1892366798701492,-1.964074841892565,-0.7627847102547599,-0.0017013378702342985,0.17893903404592248,0.1495535714285714,0.029154518950437188,-0.008438818565400852,-0.07968519429414644,0.017889740781307006,-0.0357142857142857,0.16815034619188918,-0.06666666666666654,
96,2017-12-31,0.008779424082768106,,0.0020219347664360843,,0.0261445009719532,0.027547223483962213,-0.5255907171019976,-0.5436679174484053,-0.5442176870748299,-0.5442176870748299,0.22216769417947213,-0.5962249568804371,-0.9910145834466996,-0.8957210517720072,-0.3353172866520788,-0.016577581532264296,-0.04768300873069176,-0.0601941747572815,0.019121813031161672,-0.042553191489361764,-0.17263495456974887,0.017934002869440357,0.0191256830601092,-0.053626869884278894,0.0,
97,2018-03-31,0.002847466161441936,,0.009588350141220392,,-0.006652384561562029,0.006465526864531945,0.20907691092861655,0.21774077500256966,0.20895522388059692,0.20895522388059692,0.038824149440768174,-0.640699646753085,-23.333080999243002,-7.329939963456018,3.8525151435343696,-0.05238282788499416,-0.003526093088857541,-0.008264462809917328,-0.007296733842946491,-0.07111111111111112,-0.021317829457364382,0.017618040873854882,-0.010128090557045001,-0.00984193259767363,0.0,
98,2018-06-30,0.0014424119644877995,,-0.0013972046380843484,,0.00591438990561044,-0.0022315387857412268,0.038336571587179735,0.03962050745311218,0.03703703703703698,0.03703703703703698,0.11878724432275732,-0.2958335137944476,1.4117686936478884,-0.2729484536082474,0.4784531886024424,-0.008063175394846245,-0.06440198159943378,-0.0625,0.0024501225061253074,0.0,-0.0155115511551156,0.01731301939058172,0.0051158591634064,-0.06807228915662655,0.0,
99,2018-09-30,-0.00270344326870553,,-0.016672522997360106,,0.02067468334757949,0.021569394669678443,-0.01630631338941746,-0.016822551312029144,-0.02380952380952384,-0.02380952380952384,-0.2686657405474661,0.017252514069563633,0.16213177422981784,-1.401593783676479,-0.12996273930361044,0.05472219894410468,-0.17700453857791246,-0.15777777777777768,0.017108938547486074,0.05023923444976086,0.11330874958095882,0.017018379850238352,0.02485029940119765,-0.17776341305753066,0.0,
100,2018-12-31,0.0006331868836768617,,-0.00664847281310621,,0.014759247347596371,0.024474109152002432,-0.12869656958342654,-0.13298540001321268,-0.13414634146341464,-0.13414634146341464,0.4957137936125191,1.432855674466413,-0.2989672020123839,-1.9555116164112705,0.14273056191390388,-0.003257587795963745,0.007352941176470562,0.013192612137203021,0.008925506350841106,-0.018223234624145768,0.2029509183980729,0.017068273092369468,0.01519135261466542,0.004323899371069251,0.0714285714285714,
101,2019-03-31,0.009813274010420871,,0.007864396737369939,,0.018017461169338226,-0.013378594249201292,0.1034179096262866,0.10739865894544344,0.09859154929577474,0.09859154929577474,-0.3096162450977812,0.29280264433233083,-0.5341832421895216,-2.9303820855812583,-0.24111065982350555,0.01387006775607813,-0.02007299270073004,-0.005208333333333259,0.012249064307587655,0.0046403712296985145,0.0012515644555692873,0.016781836130306038,0.009496402877697818,-0.012133072407044976,0.0,
102,2019-06-30,0.005097328669139811,,0.006269018692657946,,0.007959272376450777,-0.0075874037041343545,0.34513833466347443,0.35705439157807817,0.34615384615384626,0.34615384615384626,0.3092766801056053,-0.9103107548276094,1.5916598770461443,-3.2227029096477797,0.7061864448012456,0.04300652567025698,0.056797020484171463,0.06806282722513113,0.007731092436974896,0.03002309468822162,0.05275000000000008,0.01650485436893212,0.003420752565564511,0.0677496038034866,0.0,
