,Quarter end,Assets,Current Assets,Liabilities,Current Liabilities,Shareholders equity,Revenue,Earnings,Earnings available for common stockholders,EPS basic,EPS diluted,Cash from operating activities,Cash from investing activities,Cash from financing activities,Cash change during period,Cash at end of period,Price,ROE,ROA,Book value of equity per share,P/B ratio,P/E ratio,Cumulative dividends per share,Equity to assets ratio,Net margin,Asset turnover,Current ratio
0,1993-12-31,0.07389088133086298,,0.08390097577959699,,-0.01661245353159846,0.14201099985897625,0.4250936329588016,0.4250936329588016,0.435483870967742,0.0,-12.589442815249267,0.6384364820846906,-1.4991539763113368,-2.2204610951008643,-0.21566190180236167,0.1326815642458099,0.04555555555555557,0.09756097560975596,-0.019841269841269767,0.021739130434782483,-0.15565648224607764,inf,-0.08471275559883151,0.04834605597964381,0.08000000000000007,
1,1994-03-31,0.07389088133086298,,0.08390097577959699,,-0.01661245353159846,0.14201099985897625,0.4250936329588016,0.4250936329588016,0.435483870967742,0.0,-12.589442815249267,0.6384364820846906,-1.4991539763113368,-2.2204610951008643,-0.21566190180236167,0.1326815642458099,0.04555555555555557,0.09756097560975596,-0.019841269841269767,0.021739130434782483,-0.15565648224607764,inf,-0.08471275559883151,0.04834605597964381,0.08000000000000007,
2,1994-06-30,-0.030312118182827974,,-0.03799079160866803,,0.03894467414845448,0.14201099985897625,0.4250936329588016,0.4250936329588016,0.435483870967742,0.0,-12.589442815249267,0.6384364820846906,-1.4991539763113368,-2.2204610951008643,0.3355784469096672,0.002466091245376223,0.04555555555555557,0.09756097560975596,0.040485829959514115,0.021739130434782483,-0.15565648224607764,1.0,0.07127659574468083,0.04834605597964381,0.08000000000000007,
3,1994-09-30,-0.026841998755264385,,-0.032260688279387106,,0.018647665251667608,-0.0026549765374166427,-0.1011826544021025,-0.1011826544021025,-0.1123595505617977,0.0,-0.18294534412955465,1.0687872763419484,-4.298305084745763,-1.033057851239669,-0.008306140611094581,-0.022140221402214052,0.04555555555555557,0.09756097560975596,0.01945525291828809,-0.06079027355623101,-0.15565648224607764,0.5,0.046673286991062435,0.04834605597964381,0.08000000000000007,
4,1994-12-31,-0.23693761206561706,,-0.26457902955396995,,-0.018194671826164632,-0.15941311211539655,-0.4385964912280702,-0.4385964912280702,-0.40506329113924056,0.0,1.0291111799318675,0.3757447626369401,-0.9917780061664954,20.071428571428573,-0.22494765180975174,0.08050314465408802,0.04555555555555557,0.09756097560975596,-0.011450381679389388,0.06148867313915862,-0.15565648224607764,0.3888888888888888,0.2874762808349145,0.04834605597964381,0.08000000000000007,
5,1995-03-31,0.018181444231916144,,0.01468872180451131,,0.033804524955470594,0.11400795404330545,0.7864583333333333,0.7864583333333333,0.7234042553191491,0.0,-0.5949328449328449,-0.2654372729812797,172.125,-1.2813559322033898,0.06406792744114242,0.3015133876600697,0.04555555555555557,0.09756097560975596,0.0347490347490349,0.3170731707317074,-0.15565648224607764,0.28,0.01547531319086226,0.04834605597964381,0.08000000000000007,
6,1995-06-30,0.035259064740935216,,0.0327045740165508,,0.03530188056746941,0.1773767023667856,0.2580174927113703,0.2580174927113703,0.2592592592592593,0.0,0.30331574981160503,-0.02015975656143021,-0.2595667870036101,1.1566265060240966,0.12985128763148346,-0.0974955277280859,0.02284803400637614,0.09756097560975596,0.04477611940298498,-0.12962962962962976,-0.15565648224607764,0.21875,0.0,0.013349514563106846,0.07407407407407396,
7,1995-09-30,0.04843367381781638,,0.05676514990614723,,0.0011330642305784624,-0.02627884777359757,-0.06720741599072999,-0.06720741599072999,-0.058823529411764726,0.0,-0.07834634287366292,-0.0025232919254658537,-0.02730375426621157,-0.8770949720670391,0.01412520064205447,-0.06937561942517334,0.032727272727272716,0.09756097560975596,0.007142857142857118,-0.10904255319148927,-0.10855745721271393,0.15384615384615374,-0.04571843251088537,0.02754491017964078,0.06896551724137945,
8,1995-12-31,0.060968403813316925,,0.06177144781583733,,0.047216524014996215,0.13903465774753476,0.15838509316770175,0.15838509316770175,0.15625000000000022,0.0,0.7707026348808029,0.8812998637867289,0.8481203007518796,-8.636363636363637,-0.10636277302943976,-0.06070287539936104,0.16599597585513082,0.1518518518518519,0.05319148936170226,-0.06567164179104479,-0.10970927043335166,0.1777777777777778,-0.012927756653992484,0.09440559440559436,0.06451612903225823,
9,1996-03-31,0.00955116539127765,,0.012794802271448358,,-0.011415448005673956,-0.13436614013770753,-0.18659517426273453,-0.18659517426273453,-0.18018018018018025,0.0,-0.5840566873339239,-0.7071783202316921,-0.7748847301328994,-2.032738095238096,0.12291888062345024,0.8582766439909297,0.00474547023295946,-0.016077170418006492,-0.010101010101010166,0.7635782747603832,0.5539125077017868,0.15094339622641506,-0.02080123266563949,-0.006389776357827559,0.0,
10,1996-06-30,0.051552258126170036,,0.05994312298265904,,0.0008540876635578787,0.11510118142472806,0.2577455504284773,0.2577455504284773,0.2637362637362637,0.0,0.477427597955707,0.5506888025432709,0.2313253012048193,-0.7089337175792507,0.03186119873817028,-0.13605857230018306,0.01760412194074701,-0.013071895424836557,0.006802721088435382,-0.12681159420289845,-0.1578112609040444,0.11475409836065588,-0.04799370574350903,0.009646302250803984,-0.03030303030303028,
11,1996-09-30,0.029333157083786032,,0.029985036075448782,,0.023996450027307548,0.050089163956781764,-0.06289308176100628,-0.06289308176100628,-0.05217391304347807,0.0,0.4782358028250216,0.326879271070615,1.0528375733855184,12.871287128712874,0.4283093855090188,-0.04519774011299438,0.01097046413502123,-0.013245033112582849,0.027027027027026973,-0.051867219917012486,-0.07532956685499048,0.11764705882352945,-0.0049586776859504855,-0.010615711252653924,0.0,
12,1996-12-31,0.09318490099605904,,0.10243834729098222,,0.037534584486149436,0.14849408121472465,0.15604026845637575,0.15604026845637575,0.14678899082568808,0.0,0.34672386895475826,0.2302145922746781,-1.1053384175405148,-1.3433261955745897,-0.10295376712328763,-0.07544378698224853,0.015442404006677625,-0.016778523489932917,0.039473684210526334,-0.10065645514223197,-0.10336048879837068,0.11842105263157897,-0.05066445182724244,-0.013948497854077369,0.0,
13,1997-03-31,-0.008568219029228885,,-0.007487304318630096,,-0.021236947791164692,-0.12338001217708973,-0.18867924528301885,-0.18867924528301885,-0.5920000000000001,0.0,-0.6462496379959455,-0.8088194250627965,6.434389140271493,0.18503118503118496,-0.13600572655690768,0.8071999999999999,0.011919441019317743,-0.017064846416382284,-0.01582278481012667,0.7396593673965937,0.7490062464508802,0.09411764705882364,-0.013123359580052507,-0.015233949945593015,0.0,
14,1997-06-30,0.03269176651806216,,0.03236978087497788,,0.038012079831932784,0.09128342511286404,0.2892069171138938,0.2892069171138938,0.2941176470588236,0.0,1.051985264019648,2.667883211678832,-1.119902617163725,-1.3245614035087718,0.051090858878762864,0.0030987162461266764,0.01462225832656383,-0.0034722222222222103,0.038585209003215486,0.01958041958041945,-0.02110389610389618,0.096774193548387,0.005319148936170136,-0.0022099447513811428,0.0,
15,1997-09-30,0.023151916298848718,,0.01807152424213876,,0.0655872493833407,-0.0002727644678819363,-0.0684551341350601,-0.0684551341350601,-0.06060606060606066,0.0,-0.5701176939956114,-0.34925373134328364,7.1116751269035525,1.6108108108108108,0.12690488702049385,-0.14077669902912626,-0.0008006405124099113,-0.003484320557491261,0.0619195046439629,-0.1728395061728395,-0.172139303482587,0.08823529411764719,0.041446208112874805,0.0066445182724250715,-0.03125,
16,1997-12-31,0.0653854510537788,,0.06975976954613294,,0.022020417853751084,0.21390568869082816,0.16683217477656398,0.16683217477656398,0.14516129032258052,0.0,1.148027842227378,1.6330275229357798,2.4749687108886107,2.254658385093168,0.3665190020983913,-0.1258346173600411,0.00961538461538458,0.006993006993006867,0.026239067055393583,-0.17744610281923726,-0.1530448717948718,0.09009009009009006,-0.040643522438611364,-0.006600660066006458,0.032258064516129004,
17,1998-03-31,0.01888741233898661,,0.02004573285394073,,0.008159591149311751,-0.15242554785540366,-0.1953191489361702,-0.1953191489361702,-0.18309859154929573,-0.2784810126582279,-0.2207820263555843,-0.49198606271777007,-0.9414730776157032,-1.2811704834605595,-0.07541375191946764,0.6933019976498238,-0.0063492063492063275,-0.006944444444444421,0.008522727272727293,0.6512096774193548,0.6357615894039734,0.08264462809917372,-0.010591350397175623,-0.0011074197120709561,0.0,
18,1998-06-30,0.029468546007476837,,0.029920139221744524,,0.02494311472104616,0.10801732520109608,0.2956107879428873,0.2956107879428873,0.2931034482758621,0.29824561403508776,0.030496257277516037,1.0331504343850022,10.135384615384616,2.52262443438914,-0.2873223842037276,-0.01977793199167244,0.004392971246006239,0.0,0.028169014084507005,-0.028083028083027983,-0.042510121457489884,0.07633587786259532,-0.004460303300624413,0.0011086474501109669,0.0,
19,1998-09-30,0.04921256138634345,,0.04983586134310891,,0.04440073064493477,-0.037255684084563256,-0.06775510204081636,-0.06775510204081636,-0.06666666666666676,-0.08108108108108103,0.3314500941619585,0.21196446643427413,1.1370544349267755,-2.223506743737958,0.4932677369238736,0.01911504424778765,0.0059642147117295865,-0.010489510489510523,0.038356164383561715,-0.008793969849246297,-0.011778918755662948,0.07092198581560294,-0.0044802867383512135,0.008859357696566983,-0.03125,
20,1998-12-31,0.06384218785025775,,0.06656936895157163,,0.04614556706578776,0.18648491879350335,0.16943957968476364,0.16943957968476364,0.15714285714285725,0.19117647058823528,0.4320064659527176,0.4926702542215624,-0.02366175329712961,-1.7611548556430447,-0.25143055314721696,-0.08579367836054186,0.004347826086956497,-0.0035335689045936647,0.044854881266490836,-0.12040557667934082,-0.10635696821515894,0.07284768211920545,-0.017101710171017137,0.015367727771679498,-0.03225806451612912,
21,1999-03-31,0.016297919563965424,,0.017526696080311988,,-0.0022376543209876587,-0.1561616091070992,-0.19318607263197307,-0.19318607263197307,-0.18518518518518526,-0.19753086419753085,-0.3974883589671229,-0.6093361511685729,-0.6961991789166998,-1.1924137931034482,0.06462821403752605,0.3199088145896658,0.00039354584809125903,-0.010638297872340384,-0.002525252525252486,0.2636887608069163,0.2729138166894665,0.07407407407407396,-0.01831501831501836,0.012972972972973064,0.0,
22,1999-06-30,0.018375279209146944,,0.016960868718225885,,0.021086278452298046,0.13428512311193885,0.308584686774942,0.308584686774942,0.303030303030303,0.3076923076923077,0.4168618266978923,0.54733492442323,0.8212728857890148,0.8028673835125448,0.10944299390774592,0.04231433506044889,0.011801730920534936,0.0035842293906809264,0.02025316455696213,0.04561003420752563,0.013433637829124212,0.06896551724137945,0.0027985074626866173,0.01600853788687306,-0.033333333333333326,
23,1999-09-30,0.03214317707386072,,0.03522832602113324,,0.009138875564868254,-0.007661437431594309,-0.05921985815602838,-0.05921985815602838,-0.05813953488372081,-0.07058823529411762,-0.03966942148760333,-0.3605141388174807,-0.6596457635232169,1.0139165009940356,0.1986664051774858,0.03590168461750887,0.018662519440124425,0.003571428571428559,0.00992555831265518,0.01526717557251911,-0.0021208907741251393,0.059139784946236514,-0.02232558139534879,0.007352941176470562,0.0,
24,1999-12-31,0.06568759468103003,,0.06675480955763402,,0.06464363445325594,0.207904411764706,0.16434225405201652,0.16434225405201652,0.16049382716049365,0.17721518987341778,0.4566265060240964,2.207911239749156,8.79535864978903,1.4106614017769004,0.39954188481675396,0.21807517995201287,0.016793893129771087,0.007117437722419906,0.05651105651105647,0.20622986036519864,0.1748140276301806,0.07106598984771573,-0.0009514747859181717,0.0010427528675704958,0.0,
25,2000-03-31,0.040565153010858834,,0.04147676881282725,,0.04560941795709295,-0.08701871861208342,-0.1608934930398187,-0.1608934930398187,-0.7234042553191489,-0.7204301075268817,-0.8017251565638662,-0.972781954887218,-0.39888003446047815,2.8935298935298936,1.111526771101239,0.05734296344933254,0.0048798798798797005,0.0,0.046511627906976834,0.0,0.017865219357756645,0.061611374407583026,0.004761904761904745,-0.01041666666666663,0.034482758620689724,
26,2000-06-30,0.0056992152017019135,,0.0024929214998361533,,0.032068857027282016,0.09554607280970796,0.3032407407407407,0.3032407407407407,0.3076923076923077,0.2692307692307692,1.3206197854588797,19.922651933701662,-0.8220470560133764,-1.6286285233487592,-0.3309157346916177,0.07286276133305725,0.011953679491968572,0.014134275618374659,0.031111111111111086,0.02582368655387346,0.031104199066873894,0.06249999999999978,0.026540284360189625,0.0031578947368420267,0.0,
27,2000-09-30,0.0167460616922932,,0.01429865320406676,,0.03962983124659769,-0.02580488101758871,-0.05861456483126115,-0.05861456483126115,-0.029411764705882363,-0.03030303030303028,0.4609655880842321,0.04761904761904767,0.9523489932885908,-0.4472143215660031,-0.2733967728589161,0.06116148948485445,0.0,0.013937282229965264,0.038793103448276016,0.028645833333333263,0.018745959922430663,0.058823529411764726,0.02216066481994483,0.005246589716684236,0.0,
28,2000-12-31,0.01360343831832278,,0.008084159802175916,,0.057534820400041875,0.09267820328606224,0.12735849056603765,0.12735849056603765,0.09090909090909084,0.125,1.0089646686588152,0.16728280961182995,-0.35441732554142313,-0.822639225181598,-0.06673499601412136,-0.0261818181818182,-0.0033222591362124247,0.020618556701030855,0.053941908713692976,-0.062447257383966275,-0.07148900169204743,0.06349206349206349,0.043360433604336064,0.024008350730688962,0.0,
29,2001-03-31,0.0022402438410455967,,0.001475451939053185,,0.00867464152737063,-0.1282982190331895,-0.2822873082287308,-0.2822873082287308,-0.2777777777777777,-0.2777777777777777,-0.6106396010149621,-0.8233642841718851,-2.0724174653887117,-0.969283276450512,-0.002196461256863902,-0.2768857356235997,-0.0344444444444445,-0.010101010101010166,0.00984251968503935,-0.3141314131413141,-0.30523917995444194,0.059701492537313376,0.0069264069264067816,-0.0050968399592252744,0.0,
30,2001-06-30,0.01680879482174058,,0.01589727351946002,,0.02589829177302172,0.048666907159019994,0.5145744267392149,0.5145744267392149,0.6923076923076923,0.6538461538461537,1.6557303370786518,3.0476772616136922,0.02383316782522349,8.833333333333334,-0.02164608046960992,0.004905757810482969,0.00805523590333723,0.027210884353741527,0.025341130604288557,-0.003937007874015741,0.004918032786885185,0.056338028169014225,0.008598452278589797,0.047131147540983465,0.0,
31,2001-09-30,0.03312024107044609,,0.034573536381808045,,0.02579953683324088,-0.07846264502611255,-0.15807031049525275,-0.15807031049525275,-0.25,-0.2558139534883721,-0.3736672871890336,-0.0897009966777409,-2.1998060135790496,-5.711864406779661,0.10424999999999997,0.17497430626927013,-0.020547945205479312,-0.006622516556291425,0.02661596958174917,0.14492753623188406,0.08907014681892345,0.053333333333333455,-0.006820119352088594,0.028375733855185988,-0.033333333333333326,
32,2001-12-31,0.07591007983099217,,0.08302501257351147,,0.022893072373453727,0.15294556807384274,0.1987199024687596,0.1987199024687596,0.18181818181818188,0.25,0.15171575249932445,1.0664675956646759,3.2069523039611965,-0.7026378896882495,0.02807335295449409,-0.08200306144762738,0.005050505050504972,-0.0066666666666665994,0.022222222222222143,-0.1058688147295742,-0.08208508088675859,0.05696202531645556,-0.04892703862660952,0.0342530922930544,-0.06896551724137923,
33,2002-03-31,0.011540877898602586,,0.012322292314200123,,0.0063293448124908105,-0.10166298749080203,-0.3635901347571828,-0.3635901347571828,-0.35897435897435903,-0.375,-0.36785923753665695,-0.514102221032914,-0.6108762490392006,0.4516129032258065,0.039638846069147686,-0.4118627918056217,-0.024739080015461767,-0.04026845637583887,0.0054347826086957865,-0.4247104247104248,-0.4285248041775457,0.05389221556886237,-0.005415162454873501,-0.005519779208831732,-0.03703703703703709,
34,2002-06-30,0.08018596625766873,,0.08288065694093705,,0.06445415163763579,0.08823433046099405,0.7682780663204154,0.7682780663204154,0.8,0.76,0.012618296529968376,1.0592576274920145,2.4587654320987653,1.1361111111111108,0.0814446091929677,0.13406237343053862,0.008719778042013404,-0.010489510489510523,0.06306306306306309,0.12975391498881428,0.14220445459737285,0.051136363636363764,-0.014519056261343087,0.028677150786308836,-0.03846153846153855,
35,2002-09-30,0.02705735753057925,,0.023041271705393832,,0.0601256662182641,-0.018937797314385496,-0.0765928603705377,-0.0765928603705377,0.1333333333333333,0.15909090909090914,0.8766721641927799,-0.3692233632862645,-0.8238863506567675,0.18985695708712624,0.08960924493193613,0.1646428571428571,0.0172888015717092,0.010600706713780994,0.0610169491525423,0.09504950495049512,0.15649999999999986,0.0486486486486486,0.03222836095764281,0.03147482014388503,0.0,
36,2002-12-31,0.03549988029298512,,0.037386204535624364,,0.023258055189694597,0.08571428571428563,-0.2410080743821874,-0.2410080743821874,-0.3921568627450981,-0.3921568627450981,-0.17966995410604436,0.8978207411176122,4.031617349006892,-2.7125683060109287,-0.1991731080352328,0.17049984667279985,-0.09076863653920443,-0.09090909090909094,0.017571884984025617,0.10307414104882452,0.031560743623000535,0.0489690721649485,-0.012488849241748423,-0.06538796861377505,-0.040000000000000036,
37,2003-03-31,0.014585115185903774,,0.011259423196624985,,0.04162873198756789,-0.14299847362767826,-0.03320438426821404,-0.03320438426821404,0.032258064516129004,0.032258064516129004,-0.5835019640518986,-0.8006344667351771,-0.8749697897365665,-1.3758774728781107,0.06610549943883283,-0.2313335079905685,-0.011045029736618472,-0.003846153846153833,0.04238618524332805,-0.24426229508196706,-0.18566638725901088,0.04668304668304657,0.027100271002709952,0.03638059701492535,-0.04166666666666663,
38,2003-06-30,0.05349756868174227,,0.05015993731473367,,0.08454142680611221,0.10072891586134114,0.26508836278759595,0.26508836278759595,0.1875,0.1875,1.371820520148614,3.6450022411474667,5.494201030927835,-4.98641765704584,-0.24718391409622065,0.010906612133606108,-0.09106529209621994,-0.07335907335907332,0.08132530120481918,-0.030368763557483858,-0.033968090581574906,0.04460093896713624,0.02902374670184704,-0.044104410441044066,0.0,
39,2003-09-30,0.01964033913576646,,0.020891906526022685,,0.00712816807469996,0.0006292511910825915,-0.03821823932525037,-0.03821823932525037,-0.05263157894736848,-0.05263157894736848,0.3382335221110977,-1.4433079224162888,-2.8961206468895724,-1.503833049403748,0.16543140819465818,-0.03641267700606887,-0.06710775047258988,-0.05833333333333346,0.0055710306406684396,-0.10961968680089484,0.0015982951518380695,0.04269662921348294,-0.011965811965811923,-0.03766478342749535,-0.0434782608695653,
40,2003-12-31,0.03277862227702166,,0.02526514550879333,,0.09242422152012253,0.11100796550278492,0.24965744039462856,0.24965744039462856,0.3888888888888888,0.3611111111111112,-0.3350441202953358,-1.751306051371354,-1.2013500078488828,2.6601859678782755,0.5195584353251741,-0.13750874737578722,0.04812563323201635,0.0752212389380531,0.08864265927977844,-0.14321608040201006,-0.0430851063829788,0.0431034482758621,0.057958477508650574,0.09393346379647748,0.0,
41,2004-03-31,0.022584376732671,,0.012099060838401288,,0.0922707754483456,-0.10110239616182848,-0.2894736842105263,-0.2894736842105263,-0.36,-0.34693877551020397,0.08476641841570752,0.4190931479067073,-0.35239085239085244,-0.8367205542725173,0.05582754264055589,0.4279918864097365,-0.049782503624939634,-0.016460905349794164,0.07760814249363879,0.3137829912023462,0.2623679822123404,0.04132231404958686,0.06786590351594435,-0.006261180679785317,0.0,
42,2004-06-30,0.052829909410275766,,0.022382488859692632,,0.13639201720509675,0.11049475262368813,0.21111111111111105,0.21111111111111105,0.1875,0.1875,0.16602172013481464,-0.06400571661902821,-2.315409309791332,-5.393210749646393,-0.23229377009946905,-0.06306818181818198,-0.07019328585961349,-0.02510460251046021,0.09917355371900816,-0.1316964285714286,-0.06296785557023332,0.039682539682539764,0.07963246554364467,-0.018001800180018068,-0.045454545454545525,
43,2004-09-30,0.010809298722537442,,0.007651974326200239,,0.035560936895871136,0.03340083704603747,0.03236493374108052,0.03236493374108052,0.0,0.0,0.0306177068836313,-0.2293597993238085,-0.16076876143990235,-0.9388280746941404,-0.018509498295177784,-0.04426925409338989,-0.05634573304157552,0.0,0.03437164339419985,-0.12853470437018,-0.044172932330827086,0.03816793893129766,0.02411347517730511,-0.008249312557286892,0.04761904761904767,
44,2004-12-31,0.06512304504555644,,0.06270310267575517,,0.08886094107706066,0.15512646321070234,0.3833621328067145,0.3833621328067145,0.3947368421052633,0.368421052631579,-0.012672691388802336,0.7524766487404473,-3.9556524900036347,-28.647368421052636,0.5213895781637716,0.006662436548223294,-0.01855072463768104,0.02575107296137347,0.0851505711318794,-0.02949852507374628,-0.006391347099311662,0.040441176470588085,0.022853185595567812,0.01663585951940849,0.0,
45,2005-03-31,0.0022864543568548172,,-0.004075064615443824,,0.018507322619359057,-0.10140469135243957,-0.2924696645253391,-0.2924696645253391,-0.30188679245283023,-0.2884615384615385,0.03650710152551295,-0.3463619478317047,-1.514942811462305,-1.4624024367028363,-0.15846816283924847,0.08761424519382288,-0.02185469580626109,0.012552301255229992,0.0181818181818183,0.0030395136778114122,0.06729341909945563,0.03886925795053009,0.016249153689912088,0.001818181818181941,0.0,
46,2005-06-30,-0.015767930520603546,,-0.0160882655699518,,-0.004323481465731138,0.04606554901072335,0.17200504413619178,0.17200504413619178,0.18918918918918928,0.18918918918918928,-0.4238733252131547,-1.010007412898443,0.3761643181275376,-0.9979415397282831,-0.00038762694782545903,-0.0057954216169224795,0.007850241545893644,0.024793388429751984,-0.0037593984962407396,-0.024242424242424176,-0.03616133518776088,0.03741496598639449,0.011325782811458796,0.011796733212341204,0.0,
47,2005-09-30,-0.10493515334390467,,-0.11536307909937528,,0.005312144077448844,0.00892771200308018,0.006455777921239525,0.006455777921239525,0.0,0.0,1.5146229739252997,-170.20987654320987,-0.560222145088511,392.4,-0.15255157437567854,0.04197027105800055,0.008388256440982733,0.04838709677419351,0.008490566037735903,0.04658385093167694,0.005772005772005873,0.03606557377049202,0.12318840579710155,0.011659192825111964,0.04545454545454541,
48,2005-12-31,0.0160697901827751,,0.028873897633787667,,-0.032129296076331415,-0.3552364824576049,-0.2683344023946974,-0.2683344023946974,-0.25,-0.2727272727272727,-0.4507111329082884,-0.02743324091638699,-3.5114443567482243,-1.444331469242501,0.07998535737164825,0.004755244755244803,-0.1128936423054071,-0.09230769230769233,-0.018709073900841863,-0.0029673590504452067,-0.02965088474414157,0.03955696202531645,-0.04750733137829921,-0.014184397163120588,-0.08695652173913049,
49,2006-03-31,0.0022931113094646354,,0.005901970801344136,,-0.016698521275525624,0.406762105574668,0.2974868497954413,0.2974868497954413,0.21212121212121213,0.21875,-0.2973214285714286,-0.522655663915979,-0.8155248271527341,-0.6338672768878719,0.02711634607236668,0.017538975501113496,0.04085733422639004,0.05932203389830515,-0.014299332697807475,0.03571428571428581,0.14736323311976365,0.038051750380517564,-0.019088669950738883,0.040467625899280664,0.04761904761904767,
50,2006-06-30,-0.018415534958843627,,-0.02472473922428053,,0.011783306207858724,0.053091062084198885,0.11396396396396402,0.11396396396396402,0.2,0.20512820512820507,0.21528408059538928,1.0517051705170517,3.677172061328791,-3.715625,-0.07169375464070626,-0.07359781121751019,0.02574002574002554,0.048000000000000036,0.01934235976789167,-0.06034482758620685,-0.08505154639175261,0.03665689149560114,0.030759573132454587,0.02765773552290418,0.0,
51,2006-09-30,0.0296299874554109,,0.031356636124766364,,0.02380689756599752,0.016105673192169382,-0.015972503032753767,-0.015972503032753767,0.0,0.021276595744680767,0.4176250933532486,0.18544618919954048,0.5845929703150611,-4.125431530494821,0.2413793103448276,0.004430005906674417,0.015056461731493219,0.003816793893129722,0.025616698292220352,-0.012232415902140636,-0.014553990610328691,0.03536067892503536,-0.0054811205846528885,0.0193439865433136,0.0,
52,2006-12-31,0.02224714653295501,,0.026445760855651423,,0.008367599791707871,0.09652765831961264,0.3511403328539142,0.3511403328539142,0.3125,0.35416666666666674,-0.056896006743230476,0.06668389764797111,-0.0961958395586714,-0.8869661266568483,0.02197880870561275,-0.002646280505733456,0.16996291718170586,0.16730038022813698,0.010175763182238562,-0.02786377708978327,-0.02667937112910901,0.0382513661202184,-0.013472137170851273,0.051980198019802026,0.09090909090909084,
53,2007-03-31,0.024153841078883964,,0.0254820757707237,,0.016516195665722933,-0.0991909638959234,-0.31447688564476883,-0.31447688564476883,-0.3015873015873016,-0.32307692307692315,-0.4478829181097084,-0.5653622486067361,-0.08214649033570698,15.237785016286646,0.34921190893169873,0.15300707547169812,-0.011621764395140066,-0.013029315960912058,0.016483516483516425,0.14012738853503182,-0.038179148311306976,0.03684210526315801,-0.007448789571694592,-0.01019607843137249,0.0,
54,2007-06-30,0.034244062289939585,,0.03759760429281545,,0.02499802923735861,0.05276775718372928,0.20230700976042584,0.20230700976042584,0.20454545454545456,0.20454545454545456,1.7296641036017806,2.183693379790941,-0.17664172901080633,-1.6840521564694082,-0.17705088265835933,0.0007670672462285477,0.004275788348476972,-0.003300330033003229,0.028828828828828763,-0.013966480446927498,-0.0234096692111958,0.035532994923857864,-0.008755472170106193,0.008716323296354966,0.0,
55,2007-09-30,0.03137706778166982,,0.04402924213641457,,-0.035822017893918257,0.005151715663106239,0.021955719557195552,0.021955719557195552,0.018867924528301886,0.018867924528301886,-0.24114158636026686,-0.4566825723416363,0.061921588423355274,-2.213196480938416,0.26107255520504724,-0.050587634133878456,0.02820649281532739,0.0033112582781456013,-0.022767075306479808,-0.07932011331444755,-0.07764460656591987,0.03431372549019596,-0.06561514195583595,0.0204241948153967,-0.04166666666666663,
56,2007-12-31,0.04415220570666367,,0.04740967340072055,,0.024177752568000036,0.12129120233225188,0.21700667990612035,0.21700667990612035,0.2962962962962961,0.2777777777777777,0.689752857282407,1.4168076706147774,0.38488353668198383,-1.956490210297317,-0.19796878126876127,-0.028794402583422807,0.0005175983436851438,-0.0264026402640265,0.03673835125448033,-0.0061538461538461755,-0.0559322033898304,0.036729857819905336,-0.01890614449696149,-0.010007698229407171,0.0,
57,2008-03-31,0.04847379161286347,,0.056390988636059174,,0.0038162324007648962,-0.11364351162644415,-0.36151906245364185,-0.36151906245364185,-0.3714285714285713,-0.3623188405797101,-0.6074112614175049,-0.2786131021836973,0.6479405034324943,-0.8877937831690674,-0.027696338344457616,-0.4691050152396786,-0.012933264355923456,-0.04745762711864399,0.006050129645635227,-0.4860681114551084,-0.478755236385398,0.03542857142857159,-0.042670337233310485,-0.020995334370139784,-0.0434782608695653,
58,2008-06-30,0.015707107652088492,,0.014305522675775341,,0.02056896551724141,0.1092423059636174,0.17843866171003708,0.17843866171003708,0.15909090909090914,0.15909090909090914,0.6638197614489767,-0.13028006285238936,-0.21814899673679103,-9.425675675675675,0.2400076987232951,0.3710855949895615,-0.018867924528301886,-0.0462633451957295,0.02233676975945009,0.36144578313253,0.3708381171067736,0.034216335540838694,0.005032350826743359,-0.0413026211278793,0.0,
59,2008-09-30,-0.020588249184167903,,-0.016144582999911058,,-0.051180038180190235,0.007314836535795788,-0.14984227129337535,-0.14984227129337535,-0.1568627450980392,-0.1568627450980392,-0.09629170723072833,-0.3795100696105,-1.1229020513275907,-1.7618283881315158,-0.14745447019867552,0.23106204796345664,-0.05555555555555547,-0.07835820895522394,-0.05210084033613449,0.20353982300884965,0.2420435510887773,0.033084311632870955,-0.031473533619456484,-0.08036454018227013,0.0,
60,2008-12-31,-0.038311132541739464,,-0.03393171577563558,,-0.06821156088918956,-0.023648219502900414,-0.1368274582560297,-0.1368274582560297,-0.023255813953488413,-0.18604651162790695,0.988052100675742,-1.9619765350689389,-1.2572254335260116,-12.189122807017545,1.9352469959946597,0.07297464440321577,-0.12726244343891413,-0.14574898785425094,-0.1214539007092198,0.13235294117647056,0.13014160485502368,0.032024793388429895,-0.031019202363367637,-0.14054054054054055,0.0,
61,2009-03-31,-0.0463317075494285,,-0.04798021506759409,,-0.034834949601108334,-0.16709673222455926,-0.24476088124664164,-0.2649113379903277,-0.3809523809523809,-0.2571428571428571,-1.022857142857143,0.4151161755541708,-48.15449438202246,-1.0424911411458495,-0.028014968883743,-0.5530259365994237,-0.058976020738820474,-0.06635071090047406,-0.03733602421796178,-0.4902597402597403,-0.4647971360381862,0.031031031031031112,0.012195121951219523,-0.07023060796645697,0.0,
62,2009-06-30,0.02281919067516469,,0.009792256164684376,,0.10988031954384823,0.01746895420582639,-0.049804340092493786,-0.05116959064327487,-0.07692307692307697,-0.07692307692307697,-13.967672413793107,-0.2920860593860091,-0.2981473759456722,-5.050184501845019,0.11673615247170945,-0.09671179883945846,-0.14393939393939392,-0.13197969543147206,0.10587002096436082,-0.06369426751592366,0.0078037904124859106,0.009708737864077666,0.08509036144578319,-0.11837655016910932,0.0,
63,2009-09-30,0.01243690308519496,,0.0065804177835486755,,0.04825230335625541,-0.032828412056701284,-0.06626731561213027,-0.06818181818181822,-0.04166666666666663,-0.04166666666666663,0.3957121489114177,-0.3193814982671288,-0.4059582413851638,0.6505102040816326,0.17253333333333346,-0.13062098501070665,-0.1520514883346742,-0.1228070175438597,0.04644549763033168,-0.217687074829932,0.05309734513274345,0.00961538461538458,0.03539208882720324,-0.09079283887468036,-0.045454545454545525,
64,2009-12-31,-0.007651241486280269,,-0.008088671781184442,,-0.0020250321197321512,0.09767454165454104,0.22253408179631107,0.22943365026870602,0.21739130434782614,0.21739130434782614,0.2672064777327936,0.06919963441702581,0.13516216602371767,0.2018105542062265,0.17684135287046354,-0.05172413793103437,-0.09108159392789372,-0.05333333333333323,-0.0045289855072462295,-0.08695652173913038,0.12289915966386555,0.00952380952380949,0.005361930294906171,-0.03797468354430367,-0.04761904761904756,
65,2010-03-31,-0.0057084896996487675,,-0.003468954532026114,,-0.017870083808646853,-0.11776047817599,-0.36208592981305343,-0.37121721587088097,-0.3928571428571429,-0.3928571428571429,-0.3333959781995865,1.3212846501404325,2.529137822529893,-1.2472900973727723,-0.03715973717630172,0.4761904761904761,-0.1096033402922756,-0.08450704225352124,-0.018198362147406773,0.4761904761904763,0.579045837231057,0.00943396226415083,-0.012000000000000009,-0.07017543859649122,0.0,
66,2010-06-30,-0.03527989142669696,,-0.038506793968252066,,-0.010946655670819094,0.022920366070209086,0.5984575835475578,0.6224598930481284,0.6470588235294119,0.6470588235294119,0.3297152523259093,-0.5410068914724604,-0.543671314954171,-2.5653789004457654,0.06041403830714542,-0.004105571847507372,0.041031652989449,0.053846153846153884,-0.012048192771084263,0.012903225806451646,0.0936018957345972,0.009345794392523477,0.02496626180836703,0.05660377358490544,0.0,
67,2010-09-30,0.011859773578867472,,0.014318068038238653,,0.014060772025909827,-0.041555389381476286,-0.33901576069475714,-0.3473961766644693,-0.3571428571428572,-0.3571428571428572,0.05470157956111521,-0.21994269340974212,0.0075810863618601685,0.07807308970099669,0.0614201119433253,-0.10365135453474672,-0.038288288288288334,-0.03649635036496357,0.016885553470919357,-0.08917197452229307,-0.14138678223185275,0.011111111111111072,0.0026333113890717463,-0.03124999999999989,0.0,
68,2010-12-31,-0.010026040293928506,,-0.017542705111451614,,0.02942805705580942,0.12221355327686136,1.2068126520681264,1.2525252525252526,1.3888888888888888,1.3888888888888888,-0.03035480952859582,-1.309138995004408,-0.39031957803288864,-0.87343165309267,0.007324001069941133,0.12089356110381068,0.1463700234192038,0.15909090909090895,0.033210332103321034,0.09790209790209793,0.18296529968454256,0.012820512820512777,0.03939592908732759,0.15975422427035313,0.0,
69,2011-03-31,-0.03112154160720748,,-0.039823418147485364,,0.03866785498082992,-0.04533942493916676,-0.2429988974641676,-0.24708520179372195,-0.2558139534883721,-0.2790697674418604,-0.20223903804291488,-9.215304182509506,1.8716284987277356,4.631304347826087,0.040943806585402864,0.16529894490035169,0.11133810010214497,0.15032679738562105,0.04017857142857162,0.13375796178343946,0.0,0.012658227848101113,0.07201516108654449,0.11788079470198687,0.0,
70,2011-06-30,0.015515836650239034,,0.01110376581269268,,0.03674262354798241,-0.07342384519350809,0.09641712787649293,0.09857057772483624,0.09375,0.129032258064516,-0.03274428274428276,-0.7981486838299103,-0.8362943600194941,1.7455219271155036,0.10799057360122456,-0.023641851106639744,0.02022058823529416,0.051136363636363535,0.036909871244635184,-0.0617977528089888,-0.13706666666666667,0.013392857142857206,0.02121390689451985,0.06398104265402837,0.0,
71,2011-09-30,-0.0019347070204158712,,0.003604207427558626,,-0.02821025344722583,-0.007242105263157938,-0.1434643995749203,-0.3648685280563838,-0.3714285714285713,-0.3714285714285713,0.22017732401934453,-0.529091430209229,1.4411366711772664,-0.9677165354330708,0.003146515809323347,-0.1174652241112829,0.008108108108108025,0.09189189189189184,-0.024006622516556383,-0.14970059880239514,-0.1662546353522868,0.013215859030837107,-0.02654356607039832,0.030066815144766057,0.0,
72,2011-12-31,-0.027732140436491748,,-0.019346010243449733,,-0.0644619599713967,0.07048943930782925,0.15694789081885865,0.5919760990183525,0.5909090909090908,0.5909090909090908,0.005835076516569338,-2.5429093122337187,0.2834811529933481,-24.96515679442509,-0.07515929135837551,-0.057209573847051935,-0.04736371760500446,-0.03960396039603953,-0.06700593723494475,-0.035211267605633645,-0.0859896219421794,0.014782608695652176,-0.03793716656787194,-0.03675675675675672,0.0,
73,2012-03-31,-0.013277248125458385,,-0.021660535329189438,,0.0294491489032791,-0.07073428420496564,-0.18659517426273453,-0.18659517426273453,-0.17142857142857149,-0.17142857142857149,-0.29225043782837123,-3.0982248520710063,0.17465664679968906,-0.8761267810410003,-0.0100683037507977,0.21486068111455128,-0.017823639774859238,-0.02061855670103097,0.029090909090909056,0.2992700729927007,0.29359286293592857,0.014567266495286947,0.043746149106592684,-0.003367003367003352,0.0,
74,2012-06-30,-0.019213840521449917,,-0.027142396494981517,,0.0021023300825080415,0.037490762321641835,0.02340145023071849,0.02340145023071849,0.0,0.0,0.19873182802350756,-1.1280315848843767,0.11272887712331793,9.988262910798122,-0.111758386057061,-0.009683995922528109,-0.029608404966571245,-0.0368421052631579,0.005300353356890497,-0.033707865168539415,0.006896551724137946,0.014358108108108112,0.02184179456906743,-0.05067567567567577,0.0,
75,2012-09-30,0.0068561533219713144,,0.0011258772898976588,,0.020254913877072008,-0.004164269472069271,0.12431561996779394,0.12431561996779394,0.13793103448275867,0.13793103448275867,-0.2438395045800542,-12.59618208516887,-0.7240946338884483,-2.192480239265114,0.15003763036232656,0.08903757076685538,0.09842519685039376,0.03825136612021862,0.027240773286467457,0.08139534883720945,0.14570361145703606,0.014154870940882525,0.013287117273252493,0.08659549228944252,0.049999999999999815,
76,2012-12-31,-0.019391025641025683,,-0.024534740323439608,,0.0038677459364189204,0.08192797601034417,0.14895445431108567,0.14895445431108567,0.15151515151515138,0.15151515151515138,0.9199795256782121,-1.1561352412308472,3.3516167664670657,-1.7267108563238982,-0.0948090496891506,0.017013232514177634,0.007168458781361853,0.03157894736842115,0.011976047904191713,-0.010752688172043,-0.07173913043478264,0.015599343185550119,0.023375142531356863,0.01091703056768556,0.0,
77,2013-03-31,-0.021359115635141143,,-0.0273283314597258,,0.005592313819843042,-0.10977191242657712,-0.1206681625529793,-0.1206681625529793,-0.10526315789473684,-0.10526315789473684,-0.5903314671643117,-26.5352798053528,0.2635402906208719,-2.531492666091458,0.16040744135607232,0.03578066914498135,0.02758007117437722,0.05102040816326525,0.01098901098901095,0.021739130434782483,0.011709601873536537,0.015359741309620256,0.027855153203342642,0.036717062634989306,0.0,
78,2013-06-30,-0.015132177309934547,,-0.01829628535558669,,-0.009740207252210696,0.0032276492430733943,-0.11170966827332007,-0.11170966827332007,-0.11764705882352955,-0.11764705882352955,0.5880694143167029,-0.8265840876607908,-0.39614915490503577,-1.0867605633802817,-0.011993235726046936,0.021982951996410986,-0.002597402597402709,0.014563106796116497,0.005852842809364489,0.010638297872340495,-0.01620370370370372,0.015127388535031816,0.005420054200542035,0.011458333333333348,0.0,
79,2013-09-30,0.0013579777788206293,,0.0012468734131985124,,0.001493767804814361,0.01713976596532185,0.01851260772422592,0.01851260772422592,0.03333333333333344,0.03333333333333344,-0.28548012566589265,-1.901648351648352,-0.842807675660078,1.0389610389610389,-0.024750579915771453,0.0474100087796312,-0.02170138888888895,-0.00956937799043056,0.008312551953449931,0.04210526315789487,0.03941176470588248,0.014901960784313715,0.0,-0.016477857878475888,0.04761904761904767,
80,2013-12-31,-0.007374840876998245,,-0.023696780385917937,,0.0641769634531999,0.12489853044086785,0.004700720777185864,0.004700720777185864,0.06451612903225823,0.032258064516129004,1.1825654750525714,-0.4099126548852325,2.0178981184029365,-1.9913557779799815,0.025159338629225925,0.08130762782900257,-0.07187222715173025,-0.04830917874396135,0.07254740313272867,0.07575757575757569,0.09790605546123343,0.01700154559505407,0.07223719676549868,-0.06387434554973825,0.0,
81,2014-03-31,-0.006561471914219519,,-0.01066611258289618,,0.00972688142395417,-0.14952596610844304,-0.06456643792888339,-0.06456643792888339,-0.09090909090909094,-0.0625,-0.5654725409477095,-1.6168674698795182,0.29273114355231145,-1.7687012391005048,-0.01886537443544667,0.01279069767441854,-0.05640535372848954,-0.035532994923857864,0.010760953112989968,-0.05633802816901413,0.06030927835051547,0.016717325227963542,0.016088486676721914,-0.03467561521252782,0.0,
82,2014-06-30,-0.0005871963596891794,,-0.004727429005917605,,0.016512940319791225,0.06012639709754807,0.18206068689563185,0.18206068689563185,0.16666666666666674,0.16666666666666674,0.0580528119330781,-2.0658482142857144,-0.5453476061639807,-0.7594029850746269,-0.004626228303792779,0.013394565633371602,0.010131712259371815,0.03684210526315779,0.015969581749049278,0.0,0.04666990763247458,0.01644245142002987,0.01731815932706593,0.024333719582850574,0.0,
83,2014-09-30,-0.002834925422132373,,-0.010339936147181872,,0.007350033205733686,-0.0016283498468246946,-0.002256699576868804,-0.002256699576868804,0.0,0.0,0.14974280815393404,-0.0570680628272251,-1.3329883570504528,-10.838709677419352,0.04572766379499238,-0.020015105740181286,0.003009027081243732,0.035532994923858086,0.005988023952095745,-0.03482587064676612,-0.05852299117510462,0.016176470588235237,0.010214007782101131,0.0237556561085972,0.0,
84,2014-12-31,-0.002572224589667105,,0.009883319184221362,,-0.05066000977792262,0.16116547796760106,0.4566016398077466,0.4566016398077466,0.4571428571428573,0.4285714285714286,0.8997514498757249,0.7273736812881733,-5.5679875679875686,-0.9134930643127364,0.0037827822749629814,-0.021194605009633997,0.1519999999999999,0.1470588235294117,-0.05282738095238093,-0.025773195876288683,-0.050814010853478135,0.01664254703328516,-0.04814636494944635,0.1325966850828728,0.04545454545454541,
85,2015-03-31,-0.04737880369985914,,-0.02186246373524969,,-0.1529272232149127,-0.30111417960194264,-3.634510869565217,-3.634510869565217,-3.647058823529412,-3.7,-0.4688181421718273,-2.2340083574413367,0.40261949311107337,-7.247813411078718,-0.023545052023248414,-0.022047244094488102,-1.0920138888888888,-1.0897435897435896,-0.15396700706991362,0.03174603174603185,-0.13929313929313925,0.016370106761565806,-0.1107738998482548,0.0,-0.0434782608695653,
86,2015-06-30,-0.010855996541624393,,-0.015361769061804862,,0.008686440677966091,0.07967706772039795,-0.8998010756649231,-0.8998010756649231,-0.9037037037037036,-0.9037037037037036,0.034318555008210135,2.3099765563948944,0.2692214406985205,-5.423238450769949,0.10665661498300973,0.0720611916264089,3.89622641509434,3.7142857142857153,0.007428040854224659,0.26666666666666683,0.0,0.016106442577030755,0.019340159271899804,0.0,0.0,
87,2015-09-30,-0.04847722964810797,,-0.06359523147405742,,0.015542953161100659,-0.0004732607666824151,-2.842647058823529,-2.842647058823529,-2.9230769230769234,-2.9230769230769234,-0.8796634386410541,2.4016683717635954,1.9710491114083701,0.2931743854837008,0.12463270057852838,-0.12316935786706718,0.22543352601156075,0.19191919191919185,0.01382488479262678,-0.12955465587044546,0.0,0.015851137146795313,0.0675223214285714,0.0,0.0,
88,2015-12-31,-0.15244533897576162,,-0.1555004476314552,,-0.11628074277235735,-0.22174873737373732,1.5143655227454111,1.506783719074222,1.6,1.64,7.898416886543536,-1.0065471370734531,-0.1559093101784853,-2.6097242617066403,-0.17839093761018346,0.2051391862955032,-0.09591194968553464,-0.10169491525423724,-0.042727272727272836,0.19069767441860466,0.0,0.015603799185888834,0.042864610559330885,0.0,-0.09090909090909084,
89,2016-03-31,-0.061902770899466615,,-0.0594971020221674,,-0.07313226285691032,0.12938552017846286,-0.969687351214093,-1.0156001273479784,-1.015384615384615,-1.0151515151515151,-0.91119347664937,-113.30742049469966,-0.15902769840362707,-1.5240218933711738,0.1137666567633886,0.05081734186211806,-2.243478260869565,-2.3396226415094343,-0.05982905982905973,0.09765625,0.0,0.015364061456245803,-0.012030075187969945,-0.3824390243902439,0.09999999999999988,
90,2016-06-30,-0.13139965339154858,,-0.14927552449079295,,-0.06693600623579654,0.20287304722571387,14.130890052356019,-28.938775510204078,-31.0,-31.0,-6.863105175292152,-1.0004719504137431,0.8721061930865763,-5.3428433268858795,-0.4436463870062637,0.049712546499830916,0.6587412587412589,0.7253521126760563,-0.04242424242424237,0.11743772241992878,1.4341787439613531,0.015131578947368498,0.07407407407407418,0.5339652448657191,0.09090909090909084,
91,2016-09-30,-0.03429224756576599,,-0.034038266582827485,,-0.0365690081186022,-0.12623156386218426,-0.2986159169550173,-0.27173119065010953,-0.2666666666666666,-0.2666666666666666,-1.2961275626423692,-650.0,-0.7217772184981729,-0.9806925732101104,-0.015413847601797091,0.0,0.033726812816188945,0.06938775510204076,-0.02320675105485237,0.0,0.0,0.014906027219701912,-0.002361832782239004,-0.024716786817713717,0.08333333333333348,
92,2016-12-31,-0.05806383384834435,,-0.05456695162372383,,-0.07393566351579106,0.1305952299596802,0.8367044893931919,0.7763289869608827,0.8181818181818183,0.7727272727272727,0.5663461538461538,-0.20914227015921927,0.23841002000521885,5.790080738177624,-0.10614122102984937,-0.024162371134020644,-0.200652528548124,-0.16412213740458026,-0.061555075593952575,0.0414012738853502,-0.35772761101463657,0.015325670498084197,-0.017045454545454475,-0.30200633579725444,0.1923076923076923,
93,2017-03-31,-0.037077300969650784,,-0.04303961105568588,,-0.017064936435089998,-0.16404738878143132,-0.8246038141283911,-0.8252399774138904,-0.825,-0.8205128205128205,-0.8103130755064457,-0.6559293414729186,-0.2781289506953224,0.2206556820112111,-0.14503631961259078,0.008583690987124415,0.14387755102040822,0.1278538812785388,-0.012658227848101222,0.07645259938837913,0.3109308613364232,0.015094339622641506,0.02071290944123305,0.08925869894099825,0.06451612903225823,
94,2017-06-30,0.010891728258489495,,0.014984435569129541,,-0.005178844554163176,0.06861894432393356,1.0934150076569678,0.91437802907916,1.0,0.857142857142857,6.074433656957929,-1.1842204605511513,-1.0094376337808912,-1.3061508488728082,0.05189747946757284,-0.06186579378068746,-0.1454058876003569,-0.13765182186234814,-0.002331002331002252,-0.05113636363636365,-0.1384796700058928,0.014869888475836257,-0.01557338367154315,-0.14722222222222214,0.0,
95,2017-09-30,0.06347880148421957,,0.014633017237014382,,0.02639315962669264,0.1324176195953719,0.3430870519385516,0.518987341772152,0.4999999999999998,0.6153846153846152,-0.5315645013723695,-1.3729508196721312,-64.31958762886596,-2.918636363636364,-0.09470283368109313,-0.1071179344033496,-0.007306889352818312,-0.018779342723004744,0.025700934579439227,-0.10479041916167653,0.08036935704514359,0.014652014652014822,-0.034995206136145714,-0.060260586319218275,0.03030303030303028,
96,2017-12-31,-0.0002460070151677485,,0.04283463556518763,,-0.15560081466395115,-0.061842734225621365,-6.2516339869281055,-6.458888888888889,-6.428571428571428,-6.428571428571428,5.7451171875,-1.1153846153846154,-0.5403777271247151,-1.8768064439706231,0.09172242874845103,-0.17663149667838995,-1.9053627760252363,-1.7559808612440193,-0.15717539863325725,-0.19732441471571915,-0.16619183285849948,0.007220216606498075,-0.15548931942374564,0.0,-0.029411764705882363,
97,2018-03-31,-0.05248382701186682,,-0.03826210602233382,,-0.12912562438728348,-0.08731927902681358,-0.8810412777432068,-0.8795033584368004,-0.8771929824561403,-0.8771929824561403,-0.7987548863471841,77.28571428571429,3.2150194828196947,-4.22750607943799,-0.2558852239449728,-0.237778832463218,0.3786295005807201,0.3037974683544302,-0.12972972972972974,-0.09583333333333333,0.0,0.007168458781362075,-0.08058823529411774,0.0,0.03030303030303028,
98,2018-06-30,-0.042836119728909335,,-0.04879036987279961,,-0.01601000625390869,0.05038381018841598,-1.6974716652136008,-1.5194256756756757,-1.5,-1.5,-0.6,-3.7128953771289535,-0.24245734935708885,-0.6240267894516534,-0.13700845053235303,-0.12204234122042334,0.1524852569502948,0.08737864077669899,-0.015527950310559091,0.009216589861751112,0.0,0.007117437722419906,0.02751119641714661,0.0,0.0,
99,2018-09-30,-0.09066747576356092,,-0.01558442528928894,,-0.4288256550872541,-0.0176388519798033,-29.46125,-38.08617886178862,-38.428571428571416,-38.428571428571416,-5.282374100719425,0.12645739910313902,-0.6213667628134014,-0.794255177020708,-0.03266402714932126,-0.0957446808510638,3.696637426900584,3.2053571428571432,-0.42902208201892733,-0.08219178082191791,0.0,0.007067137809187329,-0.37173100871730996,0.0,0.0,
100,2018-12-31,-0.008219679105267663,,-0.023539860628235654,,-0.015037833026006253,0.1252831975112434,-1.0334226360402299,-1.0252104524728165,-1.0267175572519085,-1.0267175572519085,-2.9659806803863917,1.0698646496815285,0.965133313800176,-9.857142857142858,0.29907908200555466,-0.19843137254901955,-0.18147859922178974,-0.28131634819532914,-0.016574585635359185,0.4029850746268657,0.0,0.0005847953216373548,-0.0069375619425173785,0.0,0.08823529411764698,
101,2019-03-31,0.01925733269929375,,0.006817846120357851,,0.1349214034408186,-0.1800588977702987,3.7148488830486204,5.172173913043479,4.857142857142857,4.714285714285714,-0.9910275582140567,-0.6690066352533898,-0.46220366780975103,-1.0054985337243405,-0.001265894002475565,-0.06262230919765166,-0.09963871458452188,-0.1861152141802067,0.1320224719101124,-0.046099290780141855,0.0,0.0005844535359440518,0.11377245508982048,0.0,0.027027027027026973,
102,2019-06-30,-0.009438812753505443,,-0.011736545440506507,,0.01862859418105289,0.05662244374404458,-1.0170011148272018,-1.0171879402648634,-1.024390243902439,-1.025,-1.5238095238095235,-1.0328297501452643,-0.2434155808150817,64.35555555555554,-0.08283807002225163,0.017745302713987554,0.1871172122492082,0.074410163339383,0.017369727047146233,-0.1003717472118959,0.0,0.0005841121495326894,0.02867383512544808,0.0,0.0,
