,Quarter end,Assets,Current Assets,Liabilities,Current Liabilities,Shareholders equity,Revenue,Earnings,Earnings available for common stockholders,EPS basic,EPS diluted,Cash from operating activities,Cash from investing activities,Cash from financing activities,Cash change during period,Cash at end of period,Price,ROE,ROA,Book value of equity per share,P/B ratio,P/E ratio,Cumulative dividends per share,Equity to assets ratio,Net margin,Asset turnover,Current ratio
0,1994-01-30,0.1257664241806178,0.08650763423795671,0.2391390876245303,0.41191995377519697,0.04975267403432704,0.1444597370104197,0.2739490746704454,0.2739490746704454,0.25806451612903225,-0.3111111111111111,-0.7371676870964206,-0.8632836321929113,-35.296167247386755,0.0,1.6756902707081212,0.013377926421404672,-0.07582184517497338,-0.004616805170821636,0.050359712230215965,0.0015290519877675381,-0.09045667447306782,inf,-0.0674908118944203,-0.024742268041237137,0.004444444444444251,-0.2304762846827242
1,1994-05-01,0.1257664241806178,0.08650763423795671,0.2391390876245303,0.41191995377519697,0.04975267403432704,0.1444597370104197,0.2739490746704454,0.2739490746704454,0.25806451612903225,-0.3111111111111111,-0.7371676870964206,-0.8632836321929113,-35.296167247386755,0.0,1.6756902707081212,0.013377926421404672,-0.07582184517497338,-0.004616805170821636,0.050359712230215965,0.0015290519877675381,-0.09045667447306782,inf,-0.0674908118944203,-0.024742268041237137,0.004444444444444251,-0.2304762846827242
2,1994-07-31,0.01891421992353504,0.07104229974161425,-0.03841883255474565,-0.060229216471138214,0.06428977400630775,0.1444597370104197,0.2739490746704454,0.2739490746704454,0.25806451612903225,-0.3111111111111111,-0.7371676870964206,-0.8632836321929113,-35.296167247386755,0.0,0.2859198463154196,0.0517051705170517,-0.07582184517497338,-0.004616805170821636,0.061643835616438374,0.0015290519877675381,-0.09045667447306782,1.0,0.04460766750268697,-0.024742268041237137,0.004444444444444251,0.13972620348351428
3,1994-10-30,0.06407256112024062,0.0395390043805508,0.07094077808138266,0.17154911570424036,0.043645285601782165,-0.014294336904128848,-0.20919702944712212,-0.20919702944712212,-0.2051282051282052,-0.3111111111111111,1.1117417173469164,8.774431167130464,-1.856750990551661,0.0,-0.15960495492091542,-0.0010460251046024993,-0.07582184517497338,-0.004616805170821636,0.03870967741935494,-0.05954198473282435,-0.09045667447306782,0.0,-0.019207683073229287,-0.024742268041237137,0.004444444444444251,-0.11272768285118152
4,1995-01-29,0.0070324456301325,-0.10342449026086886,-0.05102011996720468,-0.19691700639958945,0.04905843809523813,-0.050174534343605866,0.03697415715970287,0.03697415715970287,0.0,-0.3111111111111111,-1.4966236412690326,0.3073628416398715,-15.20621368433535,-2.7187104628679193,-0.996008964267434,0.07539267015706796,-0.07582184517497338,-0.004616805170821636,0.0,0.03571428571428559,-0.09045667447306782,0.5,0.041615667074663465,-0.024742268041237137,0.004444444444444251,0.1164357442481252
5,1995-04-30,0.10183088005086847,0.12742462011764855,-0.1734566282930946,0.3991273546641148,0.28340087205274034,0.15970199013349218,0.0807376403455291,0.0807376403455291,0.09677419354838723,-0.3111111111111111,-6.166296815793331,0.12683940677830408,-1.7861787464211485,-1.1650069098661775,41.179376083188906,-0.02434274586173324,-0.07582184517497338,-0.004616805170821636,0.2795031055900621,-0.025078369905956133,-0.09045667447306782,0.3333333333333335,0.16484807789155598,-0.024742268041237137,0.004444444444444251,-0.19418194238870545
6,1995-07-30,0.005273918293849046,0.0,0.021974030210187845,0.0,-0.004018333306170185,0.1632855715471333,0.34939308465122165,0.34939308465122165,0.32352941176470584,-0.3111111111111111,0.0,0.0,0.0,0.0,0.0,-0.06986027944111772,-0.02925989672977636,-0.004616805170821636,-0.004854368932038944,-0.27331189710610937,-0.09045667447306782,0.25,-0.009223231013114177,-0.010570824524312905,0.02212389380530988,0.0
7,1995-10-29,0.11514781250000004,0.13390553299608474,0.1683487046632124,0.07262511956441764,0.09327818181818183,-0.037076663610906564,-0.17574581820402368,-0.17574581820402368,-0.1777777777777778,-0.3111111111111111,0.0,0.0,0.0,0.0,0.016640986132511637,-0.02896995708154504,-0.04137115839243488,-0.004616805170821636,0.0926829268292686,-0.024336283185840583,-0.0704859993562923,0.2,-0.019636363636363563,0.0,-0.0043290043290044045,0.057152949487813576
8,1996-01-28,0.030417352183973456,-0.020095607798985227,0.015428976639010106,-0.22267672599239616,0.03686618892638149,-0.0615104845427098,0.05656140830783074,0.05656140830783074,0.027027027027026973,-0.3111111111111111,-1.2540557625563005,-0.17345993383882596,-5.459637946594468,-0.920372046042802,0.07646761644942912,0.04530386740331482,-0.030826140567201014,-0.003710575139146632,0.03571428571428559,-0.043083900226757454,0.0027700831024930483,0.3333333333333335,0.0062314540059347215,0.010683760683760646,-0.01304347826086949,0.26055867415129663
9,1996-04-28,0.06463677821407665,0.10047085127110388,0.10711733918445354,0.4532722618430731,0.04451792646246844,0.1626732063144809,0.05189376368677112,0.05189376368677112,0.07894736842105265,-0.3111111111111111,-5.984687896260498,-0.1980689949214841,-1.9448707357314103,-2.346987315010571,-0.0956841690288911,0.09090909090909084,0.007633587786259666,-0.002793296089385389,0.0431034482758621,0.054502369668246516,0.04143646408839774,0.25,-0.018873488646417025,0.0,0.0,-0.2427503578433973
10,1996-07-28,0.021480389109014286,-0.008300163513833336,-0.03674479905292805,-0.040067348899750936,0.04966418167568842,0.2133553710672216,0.38537270727467576,0.38537270727467576,0.3658536585365855,-0.3111111111111111,-0.6212820082075403,-0.09189291165726243,-0.8997543307086614,1.9327055130468904,-0.31030474134351904,0.10368217054263562,0.018939393939393808,0.017740429505135324,0.04958677685950419,0.05842696629213484,0.0557029177718833,0.09999999999999988,0.027652539825668617,0.0042283298097252064,0.013215859030836885,0.033113973676841324
11,1996-10-27,0.1730234451742234,0.3285243781074054,0.4649958391759603,0.07407236846766341,0.0445158060122679,-0.07010992237361746,-0.18063544234456308,-0.18063544234456308,-0.1785714285714286,-0.3111111111111111,0.11409645476359452,1.4618972973993842,-24.647605881613675,-46.723575060208724,20.57175535757284,0.07111501316944667,0.01115241635687747,-0.017431192660550487,0.03937007874015741,0.019108280254777062,0.002512562814070307,0.09090909090909084,-0.10953495174027494,0.002105263157894832,-0.021739130434782483,0.23690451988886616
12,1997-02-02,-0.004221795748059254,-0.04249560080134207,-0.0806451973604394,-0.1320654440086222,0.042576587594969066,0.007458403183693284,0.13463371444317462,0.13463371444317462,0.10869565217391307,-0.3111111111111111,-1.0961512209919613,0.03785815657243674,-1.0043398312110712,-1.83498762209646,-0.7962801730152086,-0.044262295081967114,0.028799019607842924,0.014005602240896307,0.03030303030303028,-0.07916666666666661,-0.09179197994987476,0.16666666666666674,0.046969945803908564,0.008403361344537784,0.004444444444444251,0.10316112419876178
13,1997-05-04,0.12920075660665975,0.2735634836399574,0.28341177697578995,0.4826759950187989,0.046184451669519566,0.1409152694139808,0.03049268438339814,0.03049268438339814,0.03921568627450989,-0.3111111111111111,-29.412036124147182,-0.5653337275482297,3.0798432525104094,-1.8203485580714007,3.2064983630809696,0.0308747855917666,0.021441334127456857,-0.0101289134438306,0.04779411764705888,0.0,-0.038289065194894716,0.0714285714285714,-0.07356862745098025,0.002083333333333215,-0.008849557522123686,-0.14104092173222085
14,1997-08-03,0.01075946475127765,-0.027253953221360483,-0.055546631602639285,-0.09071877027440656,0.055005735749747535,0.15784050763671684,0.382654519885332,0.382654519885332,-0.09433962264150952,-0.3111111111111111,-0.7066669997945711,0.4124196510560148,0.20170488654100135,-1.3009945147895627,-0.2294398655755535,0.22379367720465893,0.03848396501457718,0.014883720930232602,0.05263157894736836,0.16742081447963808,0.15243902439024404,0.13333333333333353,0.043853708093464235,0.02494802494802495,-0.013392857142857206,0.06984273820536546
15,1997-11-02,0.05176632060808672,0.05184129855891939,0.07595356808505738,0.11159783498919662,0.0367121406144999,-0.05086484868220476,-0.3408982949496756,-0.3408982949496756,-0.3333333333333333,-0.3111111111111111,0.020451426678654183,-0.2334130961518203,-2.191877310420621,-0.8930923386982316,-0.03183253109297679,0.1753908905506456,-0.030881527231892195,-0.031164069660861608,0.03333333333333344,0.11627906976744184,0.09088079676314953,0.0588235294117645,-0.014436334144363403,-0.042596348884381234,0.013574660633484337,-0.053772157371379185
16,1998-02-01,0.001328237964599133,-0.07729247821655116,-0.06392298569166066,-0.11035476777035558,0.041644195299041176,-0.07810543433415718,0.30325846412128304,0.30325846412128304,0.375,-0.3111111111111111,-1.549153265446182,-0.4155414292837876,-1.804015256297414,18.015134417524067,-0.6246123358497402,0.1046847888953153,0.006373117033603659,0.0056764427625355385,0.041935483870967794,0.06944444444444442,0.09472182596291012,0.11111111111111116,0.040322580645161255,0.016949152542372836,-0.013392857142857206,0.037180878405391526
17,1998-05-03,0.11114079615281858,0.17062780269058295,0.24533001245330024,0.381514657980456,0.052972668357283766,0.2427897952703151,0.09625581470999632,0.09625581470999632,0.04545454545454541,-0.3111111111111111,-9.950737169202707,3.4943367326373496,-1.7819423447844445,-2.417286002031676,2.36046511627907,0.1691099476439788,0.01957397812320094,0.022577610536218318,0.049535603715170407,0.12175324675324672,0.09564764138649996,0.09999999999999988,-0.05236513209935145,0.006250000000000089,0.018099547511312156,-0.1526431718061675
18,1998-08-02,0.00929710667628436,-0.03983911128136375,-0.06320000000000002,-0.09431181844974944,0.05766657746855764,0.142636529552155,0.3857566765578635,0.3857566765578635,-0.3043478260869565,-0.3111111111111111,-0.4839622641509434,-0.3168908819133034,-1.7333333333333334,-0.8054187192118226,0.13148788927335642,0.2369010300044785,0.03896103896103886,0.04323827046918116,0.056047197640118014,0.1794500723589001,0.1662702188392009,0.09090909090909084,0.047913188647746414,0.024844720496894457,0.017777777777777892,0.06011177540941004
19,1998-11-01,0.0580481219725244,0.04687811689607013,0.06810418445772838,0.10185486495281483,0.051992409867172684,-0.054060695417127436,-0.16059957173447534,-0.16059957173447534,-0.15625,-0.16129032258064513,-0.21389396709323585,0.29321663019693656,-3.0909090909090913,-2.759493670886076,-0.2125382262996942,-0.06372194062273717,0.061413043478260924,0.06878306878306882,0.05027932960893855,-0.11411042944785288,-0.1354272894146441,0.08333333333333348,-0.0057352238330413705,0.058585858585858526,0.008733624454148492,-0.049898853674983146
20,1999-01-31,0.010582407685379769,-0.060022865853658576,-0.05736558065160901,-0.15623154164205555,0.05098605098605091,-0.05728016625535781,0.06632653061224493,0.06632653061224493,0.03703703703703698,0.0,-1.2790697674418603,-0.06260575296108295,8.608695652173912,2.258992805755396,-0.8796116504854369,0.3549883990719258,0.018945212493599598,0.02722772277227725,0.0478723404255319,0.29085872576177296,0.221514508138712,0.0769230769230771,0.04005768306361168,0.01908396946564883,0.008658008658008587,0.1140073553132459
21,1999-05-02,0.1287783141477905,0.2590715588891141,0.2421543681085665,0.4756737836891845,0.06739130434782603,0.2333976302011573,0.16985645933014348,0.16985645933014348,0.1785714285714286,0.23076923076923084,-11.858333333333333,-0.03610108303249093,-2.0316742081447963,-2.1964679911699783,8.741935483870968,0.15839041095890427,0.035175879396984744,0.039357429718875465,0.06598984771573613,0.1051502145922747,0.11452298184627276,0.0714285714285714,-0.054382991834848286,0.03183520599250933,0.008583690987124415,-0.14676242325958522
22,1999-08-01,0.03355483913415358,-0.00225406536789563,-0.030727210652099712,-0.052656546489563534,0.07407010397684632,0.16521447721179627,0.38854805725971375,0.38854805725971375,0.393939393939394,0.375,-0.5648503453568687,0.252808988764045,-1.0789473684210529,-1.1586715867158672,-0.14238410596026485,0.027100271002709952,0.054854368932038884,0.05950540958268946,0.0714285714285714,-0.03592233009708745,-0.0577023046265811,0.06666666666666665,0.039263603779732925,0.04537205081669682,0.012765957446808418,0.05321748574531626
23,1999-10-31,0.0845375262588326,0.13893819590124254,-0.073617470940472,0.04256384576865302,0.17425149700598808,-0.053110919374940065,-0.1561119293078056,-0.1561119293078056,-0.17391304347826084,-0.15909090909090906,-0.11111111111111116,-0.08370702541106123,28.83333333333333,-5.9767441860465125,0.8262548262548262,0.05636843367714084,-0.002761159687068471,0.025528811086797942,0.13555555555555565,-0.014098690835851024,-0.050937844795880934,0.09375,0.08261482991064417,0.02604166666666674,0.0,0.09242072699149273
24,2000-01-30,0.0025826143100311505,-0.094644375177104,-0.10076045627376427,-0.12199807877041302,0.04886962434132247,-0.07117545813506121,0.010471204188481577,0.010471204188481577,-0.3421052631578947,-0.32432432432432434,-0.8571428571428572,0.31484502446982066,-1.085661080074488,-2.817757009345794,-0.8224101479915433,0.3587647593097185,-0.014766958929395503,0.014935988620199181,0.046966731898238516,0.19611848825332,0.2513078860685913,0.11428571428571432,0.046191717347234366,0.021996615905245376,-0.008403361344537784,0.031150442477876124
25,2000-04-30,0.15871436098589076,0.3402190923317683,0.43044397463002093,0.5497811816192559,0.05429057612835275,0.21124918247220406,0.08635578583765112,0.08635578583765112,0.08000000000000007,0.08000000000000007,22.930555555555557,-0.14888337468982624,-0.8913043478260869,-2.3290488431876604,6.154761904761906,0.011029411764705843,-0.022482435597189654,-0.009810791871058044,0.05046728971962633,-0.03415883859948765,-0.06627438835552801,0.10256410256410242,-0.09010380622837376,0.0033112582781456013,-0.012711864406779629,-0.13519853530152193
26,2000-07-30,0.0203112368633791,-0.03818309201307801,-0.06976056754360037,-0.08471584892340278,0.06725078779494265,0.1355291576673867,0.3322734499205087,0.3322734499205087,0.3333333333333333,0.3333333333333333,-0.6674405107370864,0.24781341107871716,-5.6,-1.2533849129593808,-0.21797004991680533,-0.14975206611570244,-0.015812170579779572,0.0007077140835101138,0.06761565836298923,-0.19098143236074272,-0.1951907131011608,0.09302325581395343,0.04593854578643142,0.00990099009900991,-0.008583690987124526,0.05081045319219313
27,2000-10-29,0.026344458750123808,-0.043462425640403035,-0.0055608516047028775,-0.018704203625144574,0.04097652311680822,-0.08503724837533677,-0.2243436754176611,-0.2243436754176611,-0.2222222222222221,-0.2222222222222221,-0.13263525305410118,0.2721962616822431,-3.652173913043478,1.5038167938931297,-0.6978723404255319,-0.07970451010886459,-0.022395326192794496,-0.01980198019801982,0.03833333333333333,-0.13770491803278695,-0.1341438285596538,0.08510638297872353,0.014252472367655587,-0.008169934640522847,-0.008658008658008698,-0.025247119561795598
28,2001-01-28,0.03179581202354531,-0.012945805305241807,0.01773446237418108,-0.13833759088229516,0.03797993773780695,-0.09372022520571677,-0.2861538461538462,-0.2861538461538462,-0.2857142857142857,-0.3214285714285715,-0.993963782696177,-0.17447199265381086,-13.78688524590164,-0.8216463414634146,-0.4119718309859155,-0.07118715673848762,-0.08764940239043828,-0.0923520923520924,0.0353130016051364,-0.10519645120405574,-0.09781056639695396,0.07843137254901977,0.006022368798394018,-0.07084019769357497,-0.026200873362445483,0.1455238341299574
29,2001-04-29,0.1258358662613981,0.2670695640992671,0.32166405023547884,0.5247434435575826,0.042788589709410914,0.16601357163337482,0.3620689655172413,0.3620689655172413,0.3500000000000001,0.42105263157894735,739.3333333333335,-0.1345939933259177,-1.3128205128205128,-11.222222222222221,7.161676646706589,-0.009551967250398086,-0.04366812227074235,-0.048489666136724896,0.03875968992248069,-0.04390934844192629,0.044315484041150384,0.07272727272727253,-0.07368871151653356,-0.021276595744680882,-0.026905829596412637,-0.16898787707922192
30,2001-07-29,0.02500415351387275,-0.017454840673838068,-0.04751158094785602,-0.06356565958719718,0.06410584174868972,0.1947540983606557,0.4620253164556962,0.4620253164556962,0.4814814814814814,0.4444444444444444,-0.6235929761368753,0.2339331619537275,-1.209016393442623,-1.0635451505016722,-0.055759354365370495,0.1288174512055109,-0.013127853881278571,-0.018379281537176384,0.0626865671641792,0.08740740740740738,0.12882040919424087,0.06779661016949158,0.038005847053392834,-0.009057971014492794,-0.009216589861751112,0.04926041525308733
31,2001-10-28,0.04007618121403689,0.05060937822763889,0.03479236812570141,0.043922696054943255,0.042705267583638566,-0.08829582875960484,-0.15800865800865804,-0.15800865800865804,-0.17500000000000004,-0.15384615384615385,0.4401913875598087,-0.171875,-1.803921568627451,-5.828947368421053,0.28515928515928524,-0.17412530512611868,0.0011567379988433044,-0.005957446808510625,0.04073033707865159,-0.223433242506812,-0.19601700604162,0.06349206349206349,0.0026682478505781764,0.01279707495429605,-0.018604651162790756,0.0064019658561820245
32,2002-02-03,0.028324307476526256,0.018580416830515038,0.0016871535309712635,-0.005354957160342733,0.04158986175115209,0.014974791180675684,-0.08740359897172234,-0.08740359897172234,-0.09090909090909094,-0.09090909090909094,0.4136212624584719,0.17358490566037732,-2.4878048780487805,1.242506811989101,0.4975816203143895,0.09827586206896566,0.03870595031773538,0.03424657534246589,0.037786774628880034,0.056140350877192935,0.05176732535485673,0.07462686567164177,0.012862211709048001,0.02527075812274382,0.004739336492891154,0.0240956113859796
33,2002-05-05,0.15211790558460248,0.3442717884374096,0.3636910490856593,0.4494693124134748,0.054861187921690036,0.058867141162514784,0.20563380281690136,0.20563380281690136,0.2,0.2,0.8842538190364277,-0.2486602357984995,-1.0327868852459017,2.0437424058323206,1.0113039967702866,0.0928459295806232,0.021690767519466192,0.009933774834437026,0.0533159947984394,0.05315614617940212,-0.0002646202699125855,0.06944444444444442,-0.08451320975040144,0.03345070422535201,-0.018867924528301886,-0.07259380097879288
34,2002-08-04,0.03521983623269431,0.048966111430212456,-0.008734009704455259,-0.011461318051575908,0.06134004403900595,0.13968631844279522,0.3808411214953271,0.3808411214953271,0.3888888888888888,0.3888888888888888,-0.5581540380417835,-0.06276747503566338,0.5,-0.6998003992015969,0.15094339622641506,-0.21608865175456585,0.02721829069134452,0.014754098360655775,0.060493827160493785,-0.2555205047318613,-0.2673372154579142,0.06493506493506485,0.025350765306122455,0.04770017035775132,-0.033653846153846256,0.06109194235843308
35,2002-11-03,-0.004224904701397692,-0.05516769336071181,-0.0007119971520114232,-0.02555018786902841,-0.006174669037739554,-0.1107083614916754,-0.2047377326565144,-0.2047377326565144,-0.2,-0.2,-0.9520112914608329,0.15525114155251152,356.33333333333326,-3.3324468085106385,-0.3058946634112313,-0.2413612565445027,0.00847906730259673,-0.0040387722132471104,0.006984866123399325,-0.2860169491525423,-0.2973265895953757,0.07317073170731714,-0.0020214585600994983,0.024390243902439046,-0.02487562189054715,-0.030349400663096212
36,2003-02-02,-0.0426197084250487,-0.1366995073891626,-0.09075525472034196,-0.11479563732510745,-0.015756250310651643,-0.0871848013816926,-0.2702127659574468,-0.2702127659574468,-0.2250000000000001,-0.2500000000000001,0.6176470588235294,0.07641633728590258,0.0149253731343284,0.02166476624857472,-0.4502512562814071,-0.1497584541062802,-0.027850761954808182,-0.03568532035685324,-0.0023121387283236983,-0.1543026706231454,-0.18817480719794344,0.06818181818181812,0.02804612028669373,-0.0015873015873015814,-0.0357142857142857,-0.024789584429247613
37,2003-05-04,0.1244876878477892,0.28463539481413114,0.2801449701244001,0.35967641568139386,0.044237955762044257,0.14311662756376298,0.32215743440233235,0.32215743440233235,0.2903225806451615,0.30000000000000004,24.19090909090909,-0.2962056303549572,-0.8805147058823529,-2.158482142857143,0.9488117001828154,-0.006899350649350765,-0.006486486486486531,-0.012615643397813292,0.0428736964078793,-0.0035087719298246838,-0.00633312222925897,0.06382978723404252,-0.07138526826311009,0.0,-0.01058201058201047,-0.05515474344278881
38,2003-08-03,0.02563190802145376,0.016852831667646395,-0.029841609916596568,-0.04906178489702517,0.060692523454879625,0.1910090042372881,0.43219404630650493,0.43219404630650493,0.4249999999999998,0.4358974358974359,-0.3323709852038975,0.4260869565217391,-0.3461538461538461,-0.5447976878612717,0.22162288930581608,0.2787086228034328,0.010337323177366686,0.0068143100511073315,0.028888888888888964,0.2253521126760565,0.254302103250478,0.07000000000000006,0.034274522604863744,0.0015898251192369985,0.0,0.06929279954328127
39,2003-11-02,0.02201548595862701,0.008350998907946217,0.034229828850855785,0.056117046876503984,0.014954634568914438,-0.077325031963978,-0.11701308698999235,-0.11701308698999235,-0.1228070175438596,-0.1071428571428572,-0.17837837837837833,-0.030487804878048808,10.835294117647061,-1.2804232804232805,-0.05087348819351123,0.08565036752956212,0.02746365105008075,0.021996615905245376,0.056155507559395135,0.054597701149425186,0.046239837398373895,0.06542056074766345,-0.006943348587659881,0.01904761904761898,0.0053475935828875,-0.04524826481580346
40,2004-02-01,-0.026488381296997817,-0.15092055806842075,-0.08258979638526652,-0.1292380605176814,0.006558555320964832,-0.08874563200385588,-0.17088055797733215,-0.17088055797733215,-0.18000000000000005,-0.14,-0.7342105263157894,1.271698113207547,-0.294234592445328,6.992452830188679,-0.4283980582524272,0.02767147483073296,0.03406708595387853,0.0314569536423841,0.021472392638036908,-0.027247956403269824,-0.031083050024283687,0.061403508771929786,0.0340060384554266,0.034267912772585785,0.0,-0.024884663777436145
41,2004-05-02,0.10195429334727192,0.2221638655462186,0.2906068162926019,0.33054218128532553,0.0006694336591244188,0.16033057851239674,0.1545741324921135,0.1545741324921135,0.19512195121951212,0.13953488372093026,6.7772277227722775,-0.6605758582502769,0.4732394366197184,-1.6949952785646838,0.5208775654635527,0.04325408192495006,0.023821591485048144,0.013643659711075395,0.010010010010010006,0.02240896358543409,-0.02907268170426058,0.06611570247933883,-0.09190102966036573,0.0060240963855420215,0.005319148936170136,-0.08143369175627235
42,2004-08-01,0.010092758511647482,-0.05046350297746949,0.022864871827901645,0.016913152926368857,0.0012487735260011679,0.13732193732193745,0.4071038251366119,0.4071038251366119,0.4285714285714286,0.4285714285714286,-0.17568427753023552,1.5562805872756935,0.5860420650095601,-1.4252717391304348,-0.1456491391344812,-0.05766062602965405,0.048514851485148336,0.027711797307996774,0.013875123885034757,-0.06849315068493156,-0.10531750129065576,0.06976744186046502,-0.008800135386698216,0.02544910179640736,0.005291005291005346,-0.06625565787420029
43,2004-10-31,0.0339151078761315,0.016809982543479762,0.00018890498079460194,-0.08633093525179858,0.057772828507795186,-0.059519038076152324,-0.1475728155339806,-0.1475728155339806,-0.1428571428571428,-0.1428571428571428,-0.7517374517374518,-0.20676451818761965,-1.165159734779988,-0.5255591054313099,-0.08088235294117653,0.07663170163170174,0.018885741265344702,0.006933744221879978,0.0566959921798631,0.06176470588235295,0.00577034045008662,0.057971014492753666,0.02304934266689429,0.004379562043795636,0.0,0.1129126619306311
44,2005-01-30,-0.01826852716307936,-0.09773001843962614,-0.07145555275749182,-0.10854288375243416,0.017307449362024663,-0.10441082463243123,-0.20956719817767652,-0.20956719817767652,-0.2,-0.21666666666666667,-0.17729393468118193,-0.1504424778761062,-3.2773722627737225,2.8585858585858586,-0.8500740740740741,0.14451962110960734,-0.000926784059314123,-0.011476664116296886,0.03515263644773348,0.08310249307479234,0.09294320137693646,0.06849315068493156,0.03621495327102808,-0.005813953488372103,-0.005263157894736858,0.0120907179333134
45,2005-05-01,0.07839206312488756,0.1866807610993657,0.2296426876398401,0.30772153100959265,-0.013949830283963904,0.12853913871044487,0.1978866474543708,0.1978866474543708,0.2083333333333333,0.2127659574468084,5.344045368620038,0.4886363636363635,1.5689102564102564,-1.154450261780105,0.349802371541502,-0.08299834476235513,0.01437847866419295,0.0038699690402477227,-0.008042895442359255,-0.11253196930946284,-0.09921259842519692,0.0641025641025641,-0.08568207440811726,0.01023391812865482,-0.005291005291005346,-0.09252801068487038
46,2005-07-31,0.017446433253092364,-0.025832887938713744,-0.032311424790472,-0.034062023385866835,0.055329331262331534,0.1756179834501661,0.41780272654370504,0.41780272654370504,0.4310344827586208,0.4385964912280702,-0.5262216924910608,-0.40585241730279903,-0.6263256394260761,-0.7005649717514124,0.07759882869692536,0.0252707581227436,0.014631915866483602,0.01542020046260606,0.05855855855855863,0.03170028818443793,-0.009906759906760043,0.06024096385542178,0.03734366742998052,0.011577424023154979,0.0,0.008503679476696613
47,2005-10-30,0.04640539717491632,0.004389173372348232,0.07566951566951574,0.07654135338345869,0.025975575798560024,-0.06998430845102,-0.13009049773755654,-0.13009049773755654,-0.1325301204819277,-0.12195121951219512,-0.05660377358490565,0.4164882226980728,-0.9899833055091821,2.188679245283019,0.2296195652173913,0.012826961770623813,0.019378098242451625,0.00987091875474566,0.033191489361702235,-0.04189944134078205,-0.03649205414949952,0.05681818181818187,-0.01952793343521808,0.01573676680972813,-0.005319148936170136,-0.06705042970650232
48,2006-01-29,-0.004208641146183134,-0.06858460791454235,-0.06912808560228834,-0.09896633608045813,0.04330800248138966,-0.06049942151947552,-0.16449934980494152,-0.16449934980494152,-0.16666666666666666,-0.1527777777777778,-0.9746666666666668,-0.4278155706727135,-100.33333333333331,-1.6627218934911243,-0.12375690607734803,0.02955053389620055,0.015473032714411916,0.010526315789473495,0.04695222405271826,-0.00291545189504383,-0.018326206475259618,0.053763440860215006,0.047627294769656985,0.008450704225352101,0.0053475935828875,0.033718606065872965
49,2006-04-30,0.18427678611573214,0.3214518441287633,0.4158083423433676,0.26176265405782506,0.03307443606228388,0.10118528400636252,0.15486381322957188,0.15486381322957188,0.16666666666666674,0.14754098360655732,100.86842105263158,5.961690885072656,2.097315436241611,-5.205357142857143,0.5939470365699875,-0.005547515677761794,0.0013060513713540887,-0.020089285714285587,0.05822187254130595,-0.05263157894736836,-0.0566272557560672,0.07653061224489788,-0.127624400727393,0.009776536312849249,-0.03191489361702116,0.047330811265237534
50,2006-07-30,-0.017274435733404148,-0.07243946940184431,-0.013504823151125443,-0.024081582503993167,-0.02064822475628625,0.21271143003587903,0.2547169811320755,0.2547169811320755,0.2857142857142858,0.2857142857142858,-0.653577886850943,-1.0087286527514232,-2.086132177681473,-2.314225053078556,-0.4897151898734177,-0.09701673538685428,-0.003913043478260936,-0.031890660592255204,-0.01933085501858733,-0.14506172839506182,-0.13852242744063326,0.07109004739336489,-0.0034110289937462346,-0.02766251728907332,-0.005494505494505475,-0.04952640873334413
51,2006-10-29,0.016592941721879972,0.0015948963317384823,0.013282268578878707,0.01523353896512658,0.019577594123048717,-0.11300238223315152,-0.1997851772287863,-0.1997851772287863,-0.18888888888888888,-0.18888888888888888,-0.2602535421327368,-29.93478260869565,-1.1551122194513717,-0.9321486268174476,-0.06511627906976747,-0.042170292774644125,-0.025752946311654257,-0.04705882352941182,0.03108415466262326,-0.0252707581227436,-0.06814701378254218,0.10176991150442503,0.0028522532800911997,-0.03271692745376953,-0.011049723756906049,-0.013427919939194344
52,2007-01-28,-0.006935471612069644,-0.04458598726114649,0.0950140731805389,-0.1982266865079365,-0.0982779739174292,-0.1221572449642625,-0.3791946308724832,-0.3791946308724832,-0.3698630136986301,-0.3835616438356164,0.46875,-0.1795642374154771,-2.1414790996784565,-0.9285714285714286,-0.00497512437810943,0.08833426808749323,-0.04256272401433692,-0.09382716049382712,-0.06544117647058811,0.05555555555555558,0.0846343467543138,0.08835341365461846,-0.09196056124383767,-0.0676470588235295,-0.02793296089385477,0.1915767847971237
53,2007-04-29,0.0730535943210302,0.1955,0.11658649432673585,0.22519526718737914,0.025689172992409137,0.06513693560325695,0.1308108108108108,0.1308108108108108,0.15217391304347827,0.1777777777777778,0.5950583390528483,0.6529304029304028,-0.4619718309859155,-113.66666666666669,0.5633333333333332,0.011337284205101827,-0.05708937763219458,-0.09082652134423264,0.022816679779700918,0.08421052631578929,0.06969696969696959,0.08118081180811809,-0.04405930256838586,-0.07728706624605675,-0.017241379310344862,-0.02420977011494241
54,2007-07-29,0.01396194789679206,0.016404107997583628,-0.02364509339647458,-0.04140629931199902,0.05850504420987024,0.02775075283761863,0.5172084130019121,0.5172084130019121,0.5283018867924529,0.5283018867924529,-0.07874354561101549,-0.05041551246537401,0.9005235602094241,-0.8136094674556213,0.0671641791044777,-0.010445859872611374,-0.05161290322580658,-0.07392607392607388,0.05692307692307685,-0.032362459546925404,0.05382436260623247,0.07849829351535842,0.043905635648754826,-0.010256410256410331,-0.0643274853801169,0.06029595818302269
55,2007-10-28,-0.1997397298818233,-0.26275603511338697,-0.05486880662871774,-0.055837229209192096,-0.35801287948482063,-0.14528489001081854,-0.3125393824826717,-0.3125393824826717,-0.2592592592592593,-0.2592592592592593,-0.6744511910322281,-6.326721120186697,27.272727272727273,-8.396825396825397,-0.4655344655344656,-0.1114830072090629,0.020931449502878063,-0.04746494066882423,-0.24745269286754,-0.1605351170568563,-0.07997311827956999,0.06962025316455689,-0.19774011299435024,-0.032815198618307395,-0.012499999999999956,-0.2191362310790167
56,2008-02-03,-0.025974596756471624,-0.08998449612403102,-0.051674982181040614,-0.11388520817351278,0.015361687492835063,-0.2289963609514266,-0.38496791934005503,-0.38496791934005503,-0.31666666666666665,-0.3333333333333333,-0.1893830703012912,-1.0934282584884991,-1.0173438565721524,-0.8068669527896996,-0.16822429906542058,-0.18545349174152412,0.02409021014864177,-0.018120045300113352,0.013539651837524149,0.08366533864541847,-0.1409788166544923,0.06508875739644981,0.042253521126760514,0.014285714285714237,-0.03164556962025322,0.02694291303574614
57,2008-05-04,0.028697770959299707,0.1135341420198992,0.048102217211574594,0.11120730363607743,-0.0004516201874223969,0.2249127847321979,-0.4694485842026826,-0.4694485842026826,-0.4878048780487805,-0.4750000000000001,2.7185840707964597,-0.4865181711606096,-8.612359550561798,-4.5777777777777775,0.7235955056179775,-0.0195659907506226,-0.07307307307307309,-0.11072664359861584,-0.004770992366412319,-0.03308823529411775,0.001700680272108901,0.06388888888888887,-0.02827827827827833,-0.11443661971830997,0.0,0.002078102000173221
58,2008-08-03,-0.010900078954294234,-0.03096695226438184,-0.05163140910720687,-0.1049649408598342,0.053258782333672094,0.17216730887362486,2.3764044943820224,2.3764044943820224,2.4285714285714284,2.380952380952381,-0.2465492622560685,-0.0365296803652968,-0.3535055350553505,-0.11801242236024845,0.3702737940026075,-0.07474600870827286,0.002699784017278661,-0.045395590142671916,0.052732502396932064,-0.07224334600760451,0.07130730050933788,0.057441253263707415,0.06489827453000263,-0.08946322067594425,0.052287581699346435,0.08269247386157419
59,2008-11-02,-0.02077651389166057,-0.014336238474169538,-0.025860113421550143,0.01930838015351744,-0.01356641106761758,-0.15273939971414965,-0.3710482529118137,-0.3710482529118137,-0.375,-0.3661971830985915,-0.2987997473152243,0.1943127962085307,-0.1278538812785388,-1.6584507042253518,-0.17792578496669842,-0.04549019607843141,-0.1125471190091546,-0.09510869565217384,-0.011839708561020124,-0.0901639344262294,0.004754358161648264,0.056790123456790235,0.007496977025393203,-0.08515283842794763,-0.012422360248447228,-0.033040702314445225
60,2009-02-01,-0.06788641818758212,-0.14384571025821746,-0.09233097880928354,-0.1341510752270787,-0.033648619265057585,-0.17864372469635625,-1.0714285714285714,-1.0714285714285714,-1.0888888888888888,-1.0888888888888888,-0.3387387387387387,-0.2757936507936508,-0.1034031413612565,0.8449197860962567,-0.3993055555555556,-0.10065735414954803,-0.2439320388349514,-0.2282282282282283,-0.03410138248847916,-0.09009009009009017,-0.02444794952681395,0.051401869158878455,0.0367258761401823,-0.24343675417661104,0.018867924528301886,-0.011142291185209707
61,2009-05-03,0.06323486541638322,0.2209250112258645,0.10202249112754956,0.21474042858423734,0.012206784046802088,0.10734579311289116,-10.518518518518519,-10.518518518518519,-8.75,-8.5,1.3528610354223432,-0.7726027397260273,-1.0627737226277372,-5.913043478260869,3.2658959537572256,0.012791228871630976,0.0658105939004816,0.07976653696498047,0.007633587786259444,0.04950495049504955,0.34761519805982233,0.04888888888888876,-0.048159296133364116,0.09779179810725558,-0.012345679012345734,0.005091394708288011
62,2009-08-02,0.005277949139762761,0.015262964325119418,-0.03662747836883562,-0.07270445822261584,0.06529954429254192,0.17904173106646049,1.1712062256809337,1.1712062256809337,1.1290322580645165,1.2000000000000002,-0.07295888824551244,0.5783132530120483,-14.30232558139535,-0.4731563421828908,0.4033423667570009,0.09607577807848444,-0.04216867469879515,-0.028828828828828763,0.06534090909090895,0.08490566037735836,0.026394721055788658,0.04872881355932224,0.05983945512040845,-0.008620689655172264,-0.025000000000000026,0.0948347450589604
63,2009-11-01,-0.021546433928814945,-0.04008935579303263,-0.046679286318418,-0.00859667276924303,0.011007355626271531,-0.14210057154842426,-0.3826164874551972,-0.3826164874551972,-0.3787878787878789,-0.3787878787878789,-0.16552154903185512,0.3053435114503817,1.7447552447552446,-1.4344904815229564,-0.1248793047956228,0.09711934156378588,-0.04166666666666674,-0.02226345083487957,0.013333333333333421,0.0304347826086957,0.13734658094681484,0.04444444444444429,0.03327977966490714,-0.008695652173913104,-0.012820512820512886,-0.03178094660194175
64,2010-01-31,-0.05047619047619045,-0.12573117806151335,-0.0923531896915928,-0.16796467282215974,0.000670794633642835,-0.10952875741091617,-0.5036284470246735,-0.5036284470246735,-0.5121951219512195,-0.5121951219512195,-0.6549401197604791,1.1637426900584795,-0.1057324840764331,2.345360824742268,-0.4773813902169916,0.017629407351837934,0.15012305168170625,0.17647058823529416,0.0043859649122806035,0.00421940928270037,0.048304213771839466,0.042553191489361764,0.053753887161261726,0.17543859649122795,0.0,0.0507638072855463
65,2010-05-02,0.06707928664040907,0.1975539568345324,0.1286538819586669,0.3487407121489916,-0.0011344299489506324,0.15745761548493387,1.1198830409356724,1.1198830409356724,1.15,1.15,3.4229934924078087,-0.6216216216216216,-0.363960113960114,-1.7819722650231125,0.7142857142857142,0.1872465904902323,0.05991440798858784,0.08064516129032273,0.006986899563318882,0.18067226890756305,0.00588235294117645,0.044526901669758916,-0.06387015177065769,0.06965174129353224,0.012987012987013102,-0.11205546857526273
66,2010-08-01,-0.02485155551479856,-0.05340622371740955,-0.047756516001319686,-0.08857408599842598,0.0038201435134994632,0.15104074008183588,0.6441379310344828,0.6441379310344828,0.6744186046511627,0.6744186046511627,-0.3506620892594409,0.5928571428571427,0.2732362821948489,-1.0403940886699508,-0.01683087027914609,-0.02266376901583356,0.02288021534320306,0.03432835820895508,0.013009540329575131,-0.02846975088967973,-0.09746588693957113,0.04262877442273538,0.029497860842152782,0.02093023255813975,0.012820512820512777,0.03853904282115872
67,2010-10-31,-0.01866698013400725,-0.043218886843942365,-0.02009527934170641,-0.1082502551220661,-0.01697094368732321,-0.14487377640391552,-0.30033557046979864,-0.30033557046979864,-0.29166666666666663,-0.29166666666666663,-0.5294561933534743,0.17040358744394624,0.17502198768689525,22.65853658536585,-0.4050104384133612,-0.059720457433290915,0.05263157894736836,0.05772005772005784,-0.001712328767123239,-0.07326007326007332,-0.09179265658747293,0.03918228279386704,0.0015310586176726648,0.04555808656036442,0.012658227848101332,0.07292424609911863
68,2011-01-30,-0.038714932560312436,-0.10592995489519763,-0.061433748784584075,-0.10897887323943667,-0.01182317551660994,-0.0886853837811784,-0.2961630695443645,-0.2961630695443645,-0.27450980392156865,-0.3137254901960785,-0.03852327447833071,0.4865900383141764,-0.187874251497006,-0.09278350515463918,-0.6175438596491227,0.15168918918918914,0.08624999999999994,0.08458390177353348,-0.0017152658662091813,0.1541501976284585,0.08977407847800234,0.03934426229508192,0.028172089975977418,0.06971677559912838,0.012499999999999956,0.003466204506066051
69,2011-05-01,0.06659190031152651,0.19897618517694185,0.15836315690337166,0.13198972535072118,-0.03658213775213082,0.11219092952532073,0.3833049403747871,0.3833049403747871,0.3783783783783785,0.4285714285714286,2.5025041736227047,-0.5257731958762887,-0.3880184331797235,-2.432954545454545,2.313761467889908,0.08770900557348171,0.04200230149597228,0.030188679245283005,-0.01804123711340211,0.09246575342465756,0.00654664484451728,0.0394321766561514,-0.09685641461342387,0.026476578411405386,0.006172839506172646,0.05917248629571215
70,2011-07-31,-0.012150384372736413,-0.018810717158591617,-0.02256189275986831,-0.044597661022866115,0.0019232882734365746,0.2026392438922904,0.6785714285714286,0.6785714285714286,0.7058823529411764,0.72,0.13870352716873202,0.4021739130434783,1.072289156626506,-0.4091990483743061,0.4125138427464008,-0.0434196332254585,0.06681391496410828,0.05250305250305254,0.02012248468941391,-0.02821316614420055,-0.07588075880758803,0.03793626707132014,0.014346190028222015,0.03769841269841279,0.012269938650306678,0.02694080113434949
71,2011-10-30,-0.018402441043593454,-0.02390111622627233,-0.013059391116286843,-0.032977071343747166,-0.02544836285855312,-0.14363384737050222,-0.3147468818782099,-0.3147468818782099,-0.29885057471264365,-0.3023255813953488,-0.4960234407701968,-0.06589147286821706,-0.08648255813953487,-1.4255033557046983,-0.12426499411995295,-0.07330138144911191,0.04710144927536231,0.029002320185614883,-0.011149228130360234,-0.0903225806451614,-0.13137829912023458,0.042397660818713545,-0.007187572455367497,0.017208413001912115,0.0121212121212122,0.009389023127373221
72,2012-01-29,-0.023639123834309217,-0.061894301589352614,-0.046776232616940534,-0.11430190818061592,0.007259834543305699,-0.07572434491515645,-0.17130620985010706,-0.17130620985010706,-0.18032786885245897,-0.1499999999999999,-0.2026578073089701,0.8506224066390042,-0.4025457438345267,-0.2208201892744479,-0.11056401074306177,0.23121387283237005,0.0647553138902619,0.04847801578354005,0.019080659150043425,0.24468085106382986,0.1829844699527345,0.035063113604488105,0.03152732368052291,0.03759398496240607,0.011976047904191713,0.05916148006292321
73,2012-04-29,0.06866084209487132,0.1950413223140497,0.11958443854995582,0.2904223549488054,0.004302156665549228,0.11202697639565384,0.3372093023255813,0.3372093023255813,0.3600000000000001,0.3333333333333335,1.59375,-0.5044843049327354,0.4420772303595206,-5.874493927125506,0.6059386009058882,0.19125277983691635,0.06081708449396461,0.053763440860215006,-0.0008510638297871688,0.16809116809116809,0.11415525114155245,0.03929539295392948,-0.060221870047543535,0.04166666666666674,0.00591715976331364,-0.07387317577166475
74,2012-07-29,-0.030415704387990794,-0.06460350391885661,-0.03853899308983222,-0.07149351186048436,-0.018970792767732947,0.15509883198562435,0.480193236714976,0.480193236714976,0.5,0.4852941176470586,-0.2887550200803213,0.6289592760180995,0.6325023084025854,-1.3164451827242525,-0.11939830774052017,0.044803982576228966,0.049890590809627884,0.04285714285714271,-0.0034071550255537764,0.04634146341463419,-0.026127049180327818,0.03780964797913944,0.011804384485665896,0.03652173913043466,0.00588235294117645,0.007390879933063755
75,2012-10-28,-0.007669771097825295,-0.01700449756638534,-0.017495585034292938,-0.05056079757877874,0.005897697629579257,-0.11861934856587265,-0.38185378590078334,-0.38185378590078334,-0.3725490196078432,-0.3762376237623761,-0.3658949745906268,0.12777777777777774,-0.4434389140271493,-0.32808398950131235,-0.09110320284697504,0.1375818939845146,0.003334722801167089,0.001956947162426781,0.013675213675213628,0.14219114219114234,0.0762756443976853,0.03643216080402012,0.013809523809523938,-0.008389261744966459,0.011695906432748648,0.03536821705426352
76,2013-02-03,-0.0138498835841675,-0.03654026950799128,-0.025749278936588186,0.07462966435402207,0.0021986695230578053,0.00639823496966363,0.07814149947201687,0.07814149947201687,0.078125,0.07936507936507953,0.41674087266251103,0.09605911330049266,0.2184959349593496,-0.765625,-0.02349256068911509,0.12094240837696345,0.05941005400914001,0.0546875,0.00927487352445211,0.10612244897959178,0.10948191593352874,0.03515151515151516,0.016204790981681372,0.027072758037224972,0.02890173410404628,-0.10348285313189387
77,2013-05-05,0.07572290916171752,0.21129326047358846,0.192860514008667,0.2229977316349676,-0.07785340608651625,0.0481201359202017,0.20078354554358468,0.20078354554358468,0.21739130434782614,0.22058823529411756,0.6951602765556253,-0.3797752808988764,-0.5087572977481234,-31.716666666666665,0.7389735364875702,0.07364160049820945,0.0658823529411765,0.036111111111111205,-0.06265664160401008,0.0627306273062731,0.012775330396475715,0.04566744730679173,-0.14282412757106533,0.02306425041186166,0.011235955056179804,-0.0095444038475877
78,2013-08-04,-0.04532186898970469,-0.0926423200859291,-0.03913387526077261,-0.07297760022827793,-0.05581650704569019,0.17768249320225893,0.4641109298531811,0.4641109298531811,0.4880952380952381,0.4939759036144579,-0.2506488691138302,0.1594202898550725,3.4465195246179965,-1.4981009224091155,-0.21166705095688265,0.11702436194895595,0.08940397350993368,0.05451295799821265,-0.03654188948306592,0.19270833333333348,0.06350587211831238,0.04367301231802912,-0.011054192504718284,0.02898550724637672,0.0277777777777779,-0.021230143792817846
79,2013-11-03,0.038443306788016766,0.10079905297425283,0.10803324099723,-0.03585994613312815,-0.08166429771288275,-0.13551194387709795,-0.2473537604456825,-0.2473537604456825,-0.232,-0.2338709677419355,-0.3750618505690252,0.09062499999999996,-1.2016036655211912,-2.5620915032679736,0.4194208832992104,-0.008438270803583059,0.14083080040526852,0.0669491525423731,-0.06660499537465314,0.029112081513828162,-0.07566462167689159,0.04184549356223189,-0.1155943293347873,0.06416275430359941,0.0,0.14175832628259366
80,2014-02-02,-0.07522709636189351,-0.17846004946768468,-0.054189189189189135,-0.14207039667970311,-0.11903756859434356,-0.0911145351823318,-0.2501850481125093,-0.2501850481125093,-0.23958333333333334,-0.2210526315789474,0.3040380047505937,0.6103151862464182,-8.522727272727273,-3.0390516039051603,-0.6025139089223162,0.03246923278345126,0.08792184724689167,0.002382843526608447,-0.10109018830525274,0.10608203677510608,-0.057079646017699215,0.040164778578784636,-0.047472256473489634,0.004411764705882336,0.0,-0.042441390460792205
81,2014-05-04,0.05210030110074526,0.1463446560638786,0.08883411915988004,0.2340682854218996,-0.03002715221210672,0.11251130198915016,0.3613030602171767,0.3613030602171767,0.3835616438356164,0.3513513513513513,0.5591985428051003,-0.5017793594306049,-0.5704934541792548,-1.1990424076607389,0.3017107309486782,0.0010144559979710088,0.10884353741496587,0.03803486529318545,-0.02094818081587646,0.11253196930946284,-0.015016424213984081,0.046534653465346576,-0.07799352750809062,0.02196193265007329,0.01621621621621605,-0.07105670465738001
82,2014-08-03,0.019939477820263285,0.055723665429631815,0.05048715677590798,-0.03211458725970595,-0.05672649431911736,0.20947833595773854,0.4865844815083393,0.4865844815083393,0.504950495049505,0.52,0.058021806853582485,-0.20357142857142865,-0.5369284876905039,1.9295532646048108,0.6790123456790123,0.00253356979984809,0.12957055214723925,0.03816793893129766,-0.04166666666666674,0.024137931034482918,-0.040495474035254775,0.04446546830652776,-0.07511407511407497,0.028653295128939767,0.005319148936170136,0.0907300817933958
83,2014-11-02,-0.04524023091607443,-0.09420799307771344,-0.0193616888389232,-0.04509697016901626,-0.11757004451427078,-0.13838142035193826,-0.2502439024390244,-0.2502439024390244,-0.236842105263158,-0.24342105263157895,-0.6459330143540669,0.18385650224215253,2.4367088607594938,-2.1935483870967745,-0.482685009487666,0.12180945160475097,0.12383228329350415,0.045588235294117485,-0.09870740305522918,0.17059483726150382,0.0471698113207546,0.04257246376811597,-0.0759013282732448,0.01949860724233976,0.02645502645502651,-0.05138175253437016
84,2015-02-01,-0.0377240316053189,-0.08639321750552276,-0.024775492006878563,-0.0808319738988581,-0.07794263105835808,-0.06599727042308445,-0.10279765777488614,-0.10279765777488614,-0.09482758620689646,-0.09565217391304336,1.0738045738045736,0.9090909090909092,-0.3149171270718232,-0.7749385749385749,-0.20999541494727192,0.14552827213336328,0.14015078291127006,0.06540084388185652,-0.07040417209908734,0.2713326941514862,0.09340919867235642,0.0408340573414423,-0.04147843942505136,0.04234972677595628,0.02577319587628879,-0.006075245205679924
85,2015-05-03,0.06418665198017326,0.17599006665795325,0.08757836990595602,0.5090070103824651,-0.012658227848101222,0.09023066485753063,0.14503263234227706,0.14503263234227706,0.16190476190476175,0.16346153846153832,0.7062656641604009,-0.3710317460317461,0.07580645161290334,-3.4104803493449776,0.6407428903076031,0.07944936086528998,0.10715496778569022,0.03168316831683171,-0.005610098176718092,0.16138763197586736,0.010841283607979202,0.049248747913188666,-0.072407883461868,0.017038007863695803,0.015075376884422063,-0.22070844686648505
86,2015-08-02,0.030298753234533123,0.08535704362322871,0.055695670449768864,-0.035636577477212605,-0.061603650586701475,0.18850222583887802,0.4148195060164661,0.4148195060164661,0.4262295081967213,0.4297520661157026,-0.2567567567567568,-0.2555205047318612,-0.9305347326336832,0.9103260869565216,0.7460205164485321,0.02650756057569681,0.10581929555895853,0.026231605886116505,-0.05077574047954858,0.031818181818181746,-0.01758901758901754,0.0469371519490851,-0.08914549653579684,0.015463917525773141,0.00990099009900991,0.12549612549612554
87,2015-11-01,0.008082560847527231,-0.04736060621575955,0.039020505673900134,-0.025794255747301653,-0.1178649994210953,-0.1212292077812236,-0.22784243509400184,-0.22784243509400184,-0.2183908045977011,-0.21965317919075134,-0.4339920948616601,7.576271186440677,8.23021582733813,-1.8990042674253202,-0.3841166936790924,-0.03309965391782765,0.10164797119512524,0.012468827930174564,-0.10698365527488862,0.01887979861548139,-0.07248908296943235,0.04483282674772027,-0.12474645030425956,0.01269035532994933,0.0,-0.02216624685138535
88,2016-01-31,-0.036306396086247535,-0.08669246479630223,-0.008211753756877327,-0.21594892338507765,-0.17101981887386794,-0.038452724689490785,-0.14724637681159425,-0.14724637681159425,-0.13970588235294126,-0.1333333333333334,0.4015363128491621,-0.799901185770751,0.8425565081839439,-0.5654008438818565,-0.2710526315789473,0.15271659324522768,0.10911376492771828,-0.00246305418719206,-0.16139767054908485,0.29092032118591704,0.10922787193973638,0.042909090909091015,-0.1402085747392816,-0.007518796992481036,0.004901960784313708,0.16486347243688804
89,2016-05-01,0.047639192460457336,0.11869593361972575,0.05541909309193272,0.20940443876736392,0.00300823305889808,0.08493803622497609,0.2256968048946295,0.2256968048946295,0.2393162393162393,0.23076923076923084,0.811659192825112,-0.20740740740740735,-0.010998307952622688,-2.263349514563106,0.4697653429602888,-0.01011146496815285,0.0,0.02037037037037037,0.009920634920634884,0.18038277511961745,-0.033531409168081505,0.04811715481171541,-0.042452830188679284,0.010101010101009944,0.009756097560975618,-0.07496682883679795
90,2016-07-31,-0.007380653266331637,-0.003629668595476088,-0.017023613399231197,-0.04119083767905474,0.05082872928176796,0.1629909498286619,0.3538546866333887,0.3538546866333887,0.3655172413793104,0.3680555555555556,-0.10863586358635867,0.09968847352024923,-0.10906757912745936,-0.2689721421709894,0.23365059871046975,0.057347381967345123,0.0,0.025408348457350405,0.05893909626719052,0.04702067288204281,0.014492753623188468,0.04590818363273464,0.059113300492610765,0.010000000000000007,0.014492753623188468,0.039126623635349585
91,2016-10-30,0.0057631025832258756,0.021487777836439514,0.03431763766959306,-0.006471600688468193,-0.15547543938711128,-0.12533998186763373,-0.1933633756657108,-0.1933633756657108,-0.18686868686868685,-0.18781725888324866,-0.6784942918852206,0.24929178470254956,-0.5184829572731637,-1.563731931668857,-0.10676953708312598,-0.007150464019473612,0.0,0.03126843657817102,-0.1428571428571428,-0.062330623306233075,-0.04718614718614722,0.04389312977099236,-0.16079734219269104,0.01856435643564369,0.00952380952380949,0.02814417177914108
92,2017-01-29,-0.034515302683025495,-0.08393632416787268,-0.0063528806584362,-0.02064998960570996,-0.2292778370686588,-0.040900060464714505,-0.11427120365667852,-0.11427120365667852,-0.11180124223602493,-0.10000000000000007,0.7888675623800383,0.061224489795918435,1.4386839481555334,1.44988344988345,-0.2928392309835609,-0.010266625804474459,0.0,0.032608695652173836,-0.22077922077922074,0.1544178364987614,-0.050431621990004734,0.042047531992687404,-0.2019002375296912,0.02187120291616029,0.014150943396226356,-0.06459312299545017
93,2017-04-30,0.04603640087511063,0.1225457007447528,0.060802940491289766,0.1630934691855941,-0.08562197092084012,0.07565182149772598,0.15481651376146788,0.15481651376146788,0.1748251748251748,0.15972222222222232,1.448497854077253,-0.049145299145299186,0.2596075224856909,-1.977164605137964,0.40464933018124505,0.1325282551478557,0.0,0.02437673130193918,-0.0805555555555556,0.4535050071530757,0.08516746411483256,0.05204678362573079,-0.125,0.014268727705113003,0.009302325581395321,-0.034845706084044366
94,2017-07-30,0.022583659665361244,0.030910735826296776,0.03472256112439598,-0.03741331062173015,-0.10297829379101464,0.17670699543684856,0.32671300893743793,0.32671300893743793,0.3452380952380951,0.34730538922155696,-0.27738825591586325,0.4516853932584271,-0.4910743265173645,0.2317429406037001,0.3548387096774193,0.042788790157211036,0.0,0.018388318009734842,-0.09063444108761344,0.13410433070866154,0.007054673721340388,0.0494719288493608,-0.1235827664399094,0.01172332942555676,0.004608294930875667,0.07096827495042968
95,2017-10-29,-0.02036597837202725,-0.040417337038662134,0.0017686593562080688,0.011312646148012416,-0.2844682048396173,-0.10964849864807168,-0.1897455089820359,-0.1897455089820359,-0.1814159292035397,-0.18222222222222215,-0.43026076409945424,-0.2492260061919505,0.6607142857142858,-2.012648221343873,-0.26521739130434785,0.031790770844257965,0.0,0.020711630377058032,-0.27574750830564776,0.13473638533304388,-0.009632224168126036,0.0471398305084747,-0.26908150064683045,0.0034762456546928444,0.018348623853211118,-0.051145568155519634
96,2018-01-28,-0.010972169779890241,-0.0380550757036886,0.014006591337099916,0.011998500187476502,-0.4282343688556822,-0.04567250059937666,-0.17829099307159355,-0.17829099307159355,-0.16756756756756766,-0.1684782608695652,0.2187333688131985,0.3443298969072166,-0.3790322580645161,-1.0359094457455114,0.012961397576782163,0.17508417508417518,0.0,-0.004682622268470382,-0.4220183486238532,0.6223709369024857,0.1357206012378427,0.045017703591299967,-0.4212389380530973,-0.01270207852193983,0.009009009009008915,-0.04951219512195115
97,2018-04-29,0.047631880347638544,0.12047747319495072,0.04383052814857802,0.11973570458194382,0.1602475928473177,0.044550517104216425,0.3513209668353008,0.3513209668353008,0.3571428571428571,0.3594771241830066,0.7384279475982534,-0.1595092024539877,1.1026592455163882,-0.9130434782608696,0.0011126564673156203,0.02184137968319177,0.0,0.035546262415054874,0.1587301587301586,0.7679434295816145,0.009342156481120913,0.04985479186834474,0.107033639143731,0.0350877192982455,0.0,0.0006842870584209403
98,2018-07-29,-0.00896034297963555,-0.019421136985009912,-0.016457976558503673,0.016158385264434916,0.1908713692946058,0.2211087505511684,0.4584026622296173,0.4584026622296173,0.4641148325358853,0.4663461538461538,-0.013815624215021359,-0.038321167883211715,0.004117647058823559,-28.25,-0.03028619060850235,0.019628591079837054,0.0,0.09086320040383633,0.20547945205479445,-0.12005866275581625,-0.03470883146934045,0.04748732134624234,0.20165745856353576,0.06779661016949158,0.02232142857142838,-0.03504573040430803
99,2018-10-28,-0.02232220107284999,-0.047735794635131217,-0.007756144992424718,-0.01248236187995222,-0.34295669487307123,-0.1365919311952204,-0.1822589845978323,-0.1822589845978323,-0.17320261437908502,-0.17704918032786887,-0.4577177789098319,0.17267552182163182,-0.01405975395430581,14.8348623853211,-0.4945558739255015,0.002334993773349892,0.0,0.06987505784359094,-0.3352272727272728,-0.16848484848484846,-0.09188973232121456,0.0453345070422535,-0.32873563218390806,0.058201058201058135,0.008733624454148492,-0.03569846753476835
100,2019-02-03,-0.02648230088495573,-0.06461709324044629,0.04560164083865082,-0.08133655748516155,-2.422727272727273,0.0071857653410387625,-0.1824206487617719,-0.1824206487617719,-0.17391304347826084,-0.16733067729083662,0.4100516674495067,0.16990291262135915,-0.3345216874628639,-1.0081112398609502,0.007936507936507908,-0.1023968525133302,0.0,0.05666089965397925,-2.452991452991453,0.3502186588921281,-0.16805983282006165,0.043368421052631716,0.0,0.028000000000000025,0.03030303030303028,0.018280360095535686
101,2019-05-05,0.17071563302502102,0.10923417345782284,0.1695037161352193,0.17689638669538166,0.14110756123535673,-0.004152353629534589,0.07209897610921501,0.07209897610921501,0.09090909090909084,0.0861244019138756,0.5239840106595604,-0.048409405255878335,0.6852678571428572,6.428571428571429,0.05849268841394827,0.11834592537055212,0.0,-0.016373311502251187,0.1470588235294117,0.0,0.0539397144368059,0.05488297013720733,0.0,-0.0038910505836575733,-0.012605042016806678,-0.05755525484889501
