,Quarter end,Assets,Current Assets,Liabilities,Current Liabilities,Shareholders equity,Revenue,Earnings,Earnings available for common stockholders,EPS basic,EPS diluted,Cash from operating activities,Cash from investing activities,Cash from financing activities,Cash change during period,Cash at end of period,Price,ROE,ROA,Book value of equity per share,P/B ratio,P/E ratio,Cumulative dividends per share,Equity to assets ratio,Net margin,Asset turnover,Current ratio
0,1993-12-31,-0.015299643706927381,-0.000943829396459317,-0.033841140529531584,-0.05351432880844642,0.042354848515553815,-0.4245868541090256,0.7576530612244898,0.8005390835579516,0.7812499999999998,0.4150943396226414,0.1385281385281385,-1.7970173985086992,1.1855779427359492,-1.3244444444444443,0.383893533526702,0.11485065208245683,0.24644194756554305,-0.2479608482871125,0.04009433962264142,-0.015974440894568676,-0.09741935483870967,inf,0.05877517468146332,0.2483660130718952,0.03749999999999987,0.05547099611026552
1,1994-03-31,-0.015299643706927381,-0.000943829396459317,-0.033841140529531584,-0.05351432880844642,0.042354848515553815,-0.4245868541090256,0.7576530612244898,0.8005390835579516,0.7812499999999998,0.4150943396226414,0.1385281385281385,-1.7970173985086992,1.1855779427359492,-1.3244444444444443,0.383893533526702,0.11485065208245683,0.24644194756554305,-0.2479608482871125,0.04009433962264142,-0.015974440894568676,-0.09741935483870967,inf,0.05877517468146332,0.2483660130718952,0.03749999999999987,0.05547099611026552
2,1994-06-30,-0.015912960737179516,-0.0068939103791650904,-0.03819690377415763,-0.08767848036715964,0.04831340526878592,-0.4245868541090256,0.7576530612244898,0.8005390835579516,0.7812499999999998,0.4150943396226414,0.1385281385281385,-1.7970173985086992,1.1855779427359492,-1.3244444444444443,-0.09000123289360129,0.023773584905660398,0.24644194756554305,-0.2479608482871125,0.04535147392290262,-0.015974440894568676,-0.09741935483870967,1.166666666666667,0.06521739130434767,0.2483660130718952,0.03749999999999987,0.08860759493670889
3,1994-09-30,0.00594140023663825,0.032266358143720364,-0.007504427261410095,-0.01205240174672484,0.04149666172106814,0.007537361923326769,0.030478955007256836,0.0314371257485031,0.035087719298245716,0.4150943396226414,0.6561047739754964,0.03534303534303529,-0.4395924308588064,-3.6589041095890407,0.2629724969516325,0.0,0.24644194756554305,-0.2479608482871125,0.03687635574837311,-0.045454545454545525,-0.09741935483870967,0.4615384615384615,0.03534985422740533,0.2483660130718952,0.03749999999999987,0.044818957904033015
4,1994-12-31,0.025585571912783992,0.02958904109589033,0.018955922621676446,0.03345120226308351,0.04229176868628404,3.544176447826648,0.732394366197183,0.7547169811320755,0.7372881355932204,0.4150943396226414,-0.12576530612244896,1.6857429718875503,0.9506493506493509,-1.721277691911386,-0.1501823642995066,0.3321046811647623,0.24644194756554305,-0.2479608482871125,0.04811715481171541,0.2857142857142856,-0.09741935483870967,0.3157894736842106,0.016191481872580127,0.2483660130718952,0.03749999999999987,-0.0037331830668450032
5,1995-03-31,-0.0026020150201625514,-0.0074265808699017785,-0.015326467630639053,-0.04571272154930539,0.02874471447486449,-0.553376287928245,0.047967479674796636,0.027295285359801413,0.034146341463414887,0.4150943396226414,-0.28071199299679017,-1.1390654205607476,-0.10386151797603194,-1.8214285714285716,0.14516536228225194,-0.46264526840066406,0.24644194756554305,-0.2479608482871125,0.034930139720558806,-0.4867724867724868,-0.09741935483870967,0.24,0.031520609629372975,0.2483660130718952,0.03749999999999987,0.04015837104072406
6,1995-06-30,0.008914441147378938,0.016329117009090673,-0.0006866922562241973,0.022911437791323097,0.03155359960142823,0.11414045122338745,0.3312645461598138,0.3776167471819645,0.4009433962264151,0.4150943396226414,-0.11683569979716026,-1.7553763440860215,-0.4180287270926201,-0.2860869565217391,0.0904982363315696,0.16889804325437674,0.2301682692307692,-0.2479608482871125,0.05303760848601735,0.12886597938144329,-0.09741935483870967,0.22580645161290325,0.02249832102081939,0.10994764397905764,0.14457831325301207,-0.0064573137574769355
7,1995-09-30,-0.050232227546231016,-0.09733579530466896,-0.016157166769447673,0.017070349468961462,-0.12806890445142072,-0.044321487650447744,-1.3135198135198136,-1.3173582700175337,-1.3232323232323229,0.4150943396226414,0.02112999540652272,11.722419928825625,0.5387234042553191,-5.2058465286236295,-0.3490346709794805,0.13612334801762116,-0.2476795310210064,-0.2479608482871125,-0.11172161172161177,0.07762557077625565,-0.11365260900643315,0.1578947368421053,-0.08210180623973717,-0.33176100628930816,0.11578947368421065,-0.1124717794349046
8,1995-12-31,0.0359990709917164,0.08099994686786037,0.03637307926501676,0.0907085745795424,0.03503508124076804,0.30834427599379244,-4.180297397769516,-4.141804788213628,-4.21875,0.4150943396226414,0.7287449392712549,-0.5613986013986014,-0.23561946902654865,-1.2371850564726323,0.12717391304347836,-0.07832493214424198,0.14935064935064934,0.13232104121475066,0.06288659793814455,0.038135593220339103,0.2411290322580646,0.13636363636363644,-0.0007155635062613407,0.3458823529411763,-0.15094339622641506,-0.008941648038233163
9,1996-03-31,-0.03146017037811988,-0.04514511808508026,-0.0332302268917728,-0.04158240647118305,-0.026892030504392817,-0.24457116788321165,-0.5476329631794272,-0.5492379835873389,-0.5436893203883495,0.4150943396226414,-0.6978922716627635,0.10650510204081633,-0.5130246020260492,-2.5946275946275947,-0.17991458878633415,0.11485065208245683,-0.09265536723163836,-0.11494252873563228,-0.019398642095053487,0.04897959183673462,-0.04613385315139706,0.1200000000000001,0.004654493376297975,-0.12412587412587416,0.022222222222222143,-0.0036555961732909203
10,1996-06-30,-0.0037548543065092366,0.0021104648170071627,0.0,0.009791639192931578,-0.013382218148487612,0.09807355516637473,0.7403100775193798,0.7451235370611184,0.7801418439716312,0.4150943396226414,0.3626184323858743,-0.2461095100864553,-0.649331352154532,-0.95635528330781,-0.009575004199563251,0.023773584905660398,-0.06724782067247825,-0.08874458874458868,0.008902077151335286,0.04280155642023353,0.13555858310626712,0.1607142857142856,-0.00962223806129736,-0.1097804391217565,0.021739130434782483,-0.007650273224043547
11,1996-09-30,0.0067377442754987795,0.011377645366755784,0.012190326386158024,0.014430768226190828,-0.007432181345224831,-0.006654567453115545,-0.046028210838901296,-0.046199701937406856,-0.02390438247011939,0.4150943396226414,1.0417193426042983,-0.15366972477064222,4.13135593220339,-16.964912280701753,0.15434192672998634,0.0,0.5620827770360484,0.5510688836104514,0.01176470588235312,-0.0074626865671642015,0.07618476304739041,0.1384615384615384,-0.014033825116948615,0.5291479820627802,0.010638297872340495,-0.0029893014474512425
12,1996-12-31,0.04020719011231355,0.033418827293735236,0.0507875962421418,0.09426796691448612,0.012167727442905285,0.28130882515778977,0.5743190661478599,0.5765625000000001,0.6081632653061224,0.4150943396226414,0.3318885448916409,0.4209575429087624,0.5127993393889347,-0.031868131868131866,0.12944460769908894,0.3321046811647623,0.07094017094017091,0.058192955589586585,0.050387596899224674,0.3157894736842104,-0.14827201783723531,0.12162162162162148,-0.02700729927007284,0.04398826979472137,0.021052631578947437,-0.05562569038977439
13,1997-03-31,-0.056759355124981536,-0.08293402137854777,-0.04920677601505785,-0.08114705882352946,-0.07753837617902715,-0.2521280732834983,-0.4092931290163124,-0.4103072348860257,-0.6979695431472082,0.4150943396226414,-0.9188749418874942,-0.3172282263191354,-0.5158296943231442,-2.9614074914869466,-0.2247951086249512,0.038184836745987834,0.10175578611332804,0.08104196816208398,-0.07380073800738017,-0.011428571428571456,-0.047120418848167415,0.0963855421686748,-0.02213053263315834,0.0674157303370786,0.010309278350515427,-0.0019216308797727066
14,1997-06-30,0.029950213650084205,0.035342979635584186,0.037719174208144864,0.042188150187253866,0.007919402536213704,0.09036283799399114,0.210041841004184,0.21092436974789908,0.2268907563025211,0.4150943396226414,6.406876790830945,0.5698324022346368,-0.5952649379932355,-1.3148148148148149,0.09129048498070147,0.048240938166311136,0.034045635639261114,0.013386880856760321,0.01992031872509981,0.13294797687861282,-0.04189560439560447,0.10989010989010994,-0.021480629075565805,0.007894736842105399,0.0,-0.006613092248451413
15,1997-09-30,-0.006673517806620177,-0.01162038355029893,-0.002946687106114787,-0.06047483030805612,-0.017554328907454342,-0.014147944044086482,-0.06016597510373445,-0.06037473976405273,-0.0547945205479452,0.4150943396226414,-0.1655705996131528,-0.005931198102016588,1.8941504178272976,-2.0606617647058822,-0.08872827925572813,0.2684973302822273,0.032574430823117506,0.010568031704095038,-0.0078125,0.24234693877551014,0.2236559139784946,0.0990099009900991,-0.010976087808702295,0.005221932114882533,0.010204081632652963,0.05199292154714752
16,1997-12-31,0.04094874382128677,0.05833987954962039,0.05374378598151597,0.09535796011768548,0.0030370520348248498,0.27508734211233543,0.5401030169242089,0.5420974889217134,0.5724637681159421,0.4150943396226414,0.7496522948539639,0.02565632458233891,-0.22521655437921076,-3.0450606585788567,0.199122510968613,0.01282822208859491,0.03493894165535938,0.010457516339869244,0.0196850393700787,0.02053388090349073,-0.013473930872876405,0.09009009009009006,-0.03646452635751096,0.0051948051948051965,0.010101010101010166,-0.033723165652034585
17,1998-03-31,-0.04362016711861494,-0.07043891335543573,-0.04221584553280477,-0.10490345300981883,-0.047991522002422286,-0.257345192429288,-0.5050167224080268,-0.5062260536398467,-0.5023041474654377,0.4150943396226414,-0.7506624271330153,-0.17801047120418845,0.3639751552795032,-2.365254237288136,-0.2267098226850549,0.009301405105877736,-0.012782694198623323,-0.029754204398447563,-0.03474903474903468,-0.010060362173038184,-0.02315914489311166,0.08264462809917372,-0.004524886877828149,-0.031007751937984437,0.0,0.03846472685070057
18,1998-06-30,-0.010674330288412248,-0.014905112986079659,-0.009208009614245284,0.0019338490264071413,-0.015266366286774469,0.06839595867862402,0.4015444015444016,0.4034917555771096,0.4259259259259258,0.4150943396226414,1.5494155154091391,0.024769992922859085,0.2440801457194899,-0.74487895716946,-0.07479526842584172,0.1403921568627451,0.020916334661354563,0.0066666666666665994,-0.0050000000000001155,0.18292682926829285,0.1647416413373861,0.08396946564885477,-0.004545454545454518,0.002666666666666817,0.0,-0.016843617785583076
19,1998-09-30,0.03380796763149707,0.04839101888627706,0.0435465960536432,0.04865224625623954,0.003122140280992669,0.06757690060032928,0.028925619834710762,0.02902557014512785,0.038961038961039085,0.040000000000000036,0.33430596081700714,0.12223756906077354,-0.09297218155197662,-2.1411192214111923,0.09225019669551536,0.06980742778541947,0.03772357723577247,0.017218543046357615,0.015075376884422063,0.07388316151202745,0.06315240083507301,0.07746478873239449,-0.02947281029472804,0.002659574468085069,0.020000000000000014,-0.0002435855797336961
20,1998-12-31,0.08004365333232988,0.0916963043142105,0.0913987296182306,0.1686659050520436,0.04282264555943116,0.2506096043791988,0.5702811244979921,0.5721961047683009,0.5937499999999998,0.6987179487179487,-0.14651671352702278,0.012307692307692351,0.04116222760290555,-1.3795309168443497,-0.03205474518278406,0.2325618772099003,0.05076778439360696,0.02734375,0.03168316831683171,0.21439999999999992,0.1968581246931762,0.07189542483660127,-0.047048759623609986,0.023872679045092937,0.0,-0.06586534556972322
21,1999-03-31,-0.05051103368176535,-0.060410764872521276,-0.04832975835120823,-0.09628804952887826,-0.05799413369011475,-0.19155624527476026,-0.3734015345268542,-0.3741990602306706,-0.6862745098039216,-0.7056603773584905,-0.3133235724743777,-0.4158054711246201,0.0015503875968991832,1.9213483146067416,-0.09674418604651157,0.17681575172773512,0.0766477781091559,0.05576679340937907,-0.03166986564299423,0.14097496706192358,0.0935192780968006,0.06707317073170738,0.004937163375224429,0.034974093264248614,0.019607843137254832,0.03973222048339431
22,1999-06-30,0.0195226969700677,0.09173136353357947,0.011726692410749529,0.08052642648958863,0.0465421173385776,0.07816114583846034,0.6265306122448979,0.6286689419795222,0.6499999999999999,0.641025641025641,-0.12366737739872068,-2.550468262226847,0.943498452012384,-2.173076923076924,0.12564366632337798,0.18282548476454294,0.13047091412742384,0.11764705882352945,0.04955401387512382,0.22170900692840645,0.10165041260315076,0.06857142857142873,0.026797677534613703,0.09887359198998746,0.01923076923076916,0.010368759929759941
23,1999-09-30,0.0243320095504338,-0.013232992727607472,0.017417314493137548,0.05052695976196442,0.047499739012422985,-0.034740926729057264,-0.26306984525303223,-0.2636211232187762,-0.26515151515151525,-0.2734375,0.9708029197080292,-1.7302013422818792,0.20589406610912,-2.4475409836065567,-0.16157365050320216,0.2026229508196722,0.015682430776770232,0.017185821697099923,0.050991501416430614,0.14555765595463122,0.04937010554988075,0.06417112299465244,0.022618529795563225,0.02277904328018221,-0.009433962264150941,-0.060663742448067486
24,1999-12-31,0.024831625183016067,0.00648366256967603,0.025678717442234374,0.04764677854836141,0.022074945186366438,0.14368142262580408,0.18558456299659487,0.18611269208878767,0.19587628865979376,0.3655913978494623,0.03425925925925921,0.02022058823529416,-0.40752972258916775,-1.5220838052095131,0.10061108686163256,-0.17331360024925999,-0.045838359469239975,-0.035902851108764566,0.015274034141958603,-0.21287128712871284,-0.20181700194678776,0.060301507537688474,-0.014887282007656322,-0.0211581291759465,-0.00952380952380949,-0.03929515418502205
25,2000-03-31,-0.05407166123778506,-0.09305990035917044,-0.05580437119312076,-0.1002324523725302,-0.048413046657890924,-0.1999007526259201,-0.2728578267113452,-0.2735124760076776,-0.26724137931034475,-0.3464566929133859,-0.7030737093404954,-0.6540540540540539,0.28483835005574143,-4.813449023861171,-0.3486020226055919,0.07302365024027146,-0.009102402022756029,0.003285870755750153,-0.025663716814159358,0.05660377358490588,0.08658536585365839,0.056872037914692086,0.0181347150259068,0.017064846416382062,-0.019230769230769273,0.007978723404255206
26,2000-06-30,0.002235271374027459,0.007613888959860927,0.008364165322708228,-0.04911403779730983,-0.01762475663490115,0.11903039073806075,0.27781435154707035,0.2787318361955087,0.2941176470588236,0.2771084337349399,0.4974874371859297,1.6614583333333337,-0.6793926247288503,-0.8304891922639364,-0.0907153729071537,0.0018440463645943426,-0.05817810665986234,-0.056768558951964976,-0.01089918256130784,0.027777777777777683,-0.009726898615787571,0.05829596412556048,-0.01950805767599673,-0.054809843400447256,0.0,0.05959421344736615
27,2000-09-30,0.01117554159784917,0.015214139006516803,0.008686789494315894,-0.031008209792687924,0.019453426515072536,0.00600434160084995,0.011334363730036046,0.011363636363636465,0.009090909090909037,0.018867924528301886,0.3845637583892618,-0.0058708414872798995,0.4641407307171854,-0.6409395973154363,-0.03582189487780385,0.029625734069594237,0.03413709021945266,0.03125,0.022956841138659367,0.04150579150579148,0.08500188893086524,0.05508474576271194,0.007785467128027745,0.020118343195266286,0.009803921568627416,0.047741713893182165
28,2000-12-31,0.05332872335352179,0.09598621275320318,0.05279112064543212,0.1095330976472022,0.055097968997800166,0.1760708874707313,0.3601630157921549,0.3610827374872319,0.36936936936936937,0.4722222222222221,1.290838584585555,0.7972440944881889,1.063770794824399,-7.383177570093457,0.23715277777777774,-0.1500808717119264,0.0762378831543098,0.07519640852974185,0.03859964093357271,-0.16960148285449472,-0.18001392757660162,0.05220883534136545,-0.010300429184549431,0.05916473317865445,0.01941747572815533,-0.012211112932306143
29,2001-03-31,-0.04028342143091601,-0.04341385597082959,-0.06498338870431898,-0.096247871230017,0.04082622187742446,-0.1784821986258588,-0.34456928838951306,-0.34521575984990616,-0.3421052631578947,-0.3836477987421384,-0.5905628438425731,-0.24315443592552025,-0.8790864308105687,-0.6632503660322109,0.06455234353073247,0.01352163461538458,0.0036514118792598796,0.021920668058455158,0.06828003457216925,-0.02343750000000011,-0.05774946921443736,0.04961832061068705,0.09800520381613163,0.009857612267250905,0.00952380952380949,0.058491661826931114
30,2001-06-30,-0.010024767071588614,-0.033377010125074436,-0.03118880677152425,-0.0897513828946569,0.05240845989005871,0.0249002090857251,0.1685714285714286,0.1690544412607451,0.16999999999999993,0.1734693877551019,0.7839793281653746,-0.06512301013024603,7.4222222222222225,-1.443478260869565,-0.02689164249934084,0.0373554699080938,-0.028619936939121907,0.010214504596527174,0.052588996763754066,-0.029714285714285693,0.0045065344749886105,0.05090909090909102,0.06279620853080581,0.013015184381778731,0.0,0.061921931337200135
31,2001-09-30,0.01374791517750773,-0.006531276186720558,0.02881872565159993,0.09773281244782804,-0.02717896507458728,-0.05285608308605338,-0.22004889975550124,-0.2181372549019608,-0.2136752136752136,-0.21739130434782605,0.17207415990730013,0.8784829721362228,-0.2946350043975374,-1.2352941176470589,0.0065023028989432685,-0.03362865580642094,-0.07016229712858935,-0.04752275025278052,-0.019215987701767908,-0.08127208480565372,-0.05204127411395243,0.04844290657439432,-0.04013377926421413,-0.02890792291220545,-0.018867924528301886,-0.09499557130203716
32,2001-12-31,0.03782875408371922,0.05338758093725969,0.02506456263764112,0.06822606156466726,0.07448696364380948,0.1173878989622088,0.4626959247648903,0.4626959247648903,0.4782608695652175,0.5777777777777777,0.19426594167078592,-0.5859085290482077,-0.27618453865336656,107.95833333333331,0.7039030955585464,0.06486593059936907,-0.07599355531686358,-0.04140127388535031,0.07758620689655182,0.08589743589743604,0.1064836725035494,0.04620462046204632,0.03523035230352334,-0.009922822491730932,-0.03846153846153855,-0.013865100725878763
33,2002-03-31,-0.05952690996795485,-0.11954499422999933,-0.07255135318938466,-0.14336968592499788,-0.02384178876937415,-0.18728642775782,-0.4890698671238748,-0.4890698671238748,-0.4926470588235294,-0.5211267605633803,-0.4505380794701986,0.4497512437810944,2.1679586563307494,-1.9548757170172084,-0.3944707740916271,0.028328087391223944,-0.0877651845393781,-0.06755260243632344,-0.020363636363636358,-0.046044864226682525,0.06757912745936713,0.04416403785488954,0.03777112939416605,-0.04342984409799555,-0.020000000000000014,0.027789264742370312
34,2002-06-30,0.013906280100173474,-0.017707636752708256,0.046846096158653434,0.08353277489695521,-0.07184070105418416,0.059295994825076866,-0.953020134228188,-0.953020134228188,-0.9565217391304348,-0.9558823529411764,0.0,0.0,0.0,-0.8478173808570284,-0.09913905557004954,-0.23433561397191216,-0.26760114686205805,-0.2779097387173396,-0.0623608017817372,-0.21905940594059412,-0.17908653846153855,0.0453172205438066,-0.08432432432432446,-0.2607683352735739,-0.020408163265306145,-0.09342560553633206
35,2002-09-30,-0.0030281079668926787,0.016147918198404332,-0.015155374426897628,-0.07233794520968184,0.03257770507127833,0.008650959238715616,22.446428571428577,22.446428571428577,25.000000000000004,24.333333333333336,0.34651600753295675,-0.4605353466026081,-0.7582925502990756,-5.639473684210527,0.5105705183898059,-0.17201646090534972,-0.055676381035232765,-0.05098684210526317,0.034837688044338844,-0.11568938193343893,0.13421181063933618,0.04335260115606943,0.03541912632821731,-0.047244094488189,-0.01041666666666663,0.09533108467956676
36,2002-12-31,0.14922102053456565,0.11619680565977066,0.19135523082891506,0.14256423823539133,0.031233025529603387,0.16860905100650836,-0.22467631378522468,-0.22467631378522468,-0.23076923076923084,-0.19736842105263164,0.2232167832167833,3.5712468193384224,-0.3993250843644545,-0.9058423142370958,0.031825153374233084,0.01860266969610902,-0.2616305849838784,-0.2859618717504333,0.009946442234123776,-0.016129032258064502,0.06798623063683308,0.04155124653739617,-0.10262257696693268,-0.2710743801652892,-0.021052631578947326,-0.023014586709886545
37,2003-03-31,-0.007918411342813347,-0.04597618361663303,-0.0346666304849258,-0.07999999999999996,0.07861469581248359,-0.1337477874195916,0.3595284872298625,0.3595284872298625,0.3333333333333335,0.2950819672131149,-0.4882231877429682,-0.2554967993320345,0.2902621722846441,-8.150602409638555,-0.22054998141954665,0.13007109995817645,0.03555832813474735,0.016990291262135804,0.07727272727272738,0.11839708561020035,0.5701047542304591,0.039893617021276695,0.08725116476069461,0.034013605442176915,-0.010752688172043,0.03691108161911072
38,2003-06-30,0.012724613455913136,0.001459596849284095,-0.010991327814243723,-0.008651607625998814,0.08139014365360353,0.07804634936456513,0.2319364161849711,0.2319364161849711,0.23749999999999985,0.2278481012658227,0.6689008042895441,-0.7633644859813085,2.544267053701016,-1.5450716090985677,0.15423122765196662,0.039476930668640435,0.3602409638554216,0.3866348448687351,0.08016877637130793,-0.03420195439739415,-0.01283038234539391,0.040920716112532014,0.06778340475262956,0.4035087719298245,-0.010869565217391351,0.010239180865530663
39,2003-09-30,0.002599599744166348,0.019374293252921282,-0.00712001705393306,0.03443242042461358,0.028337033831332462,-0.0050390643058573215,0.04692082111436946,0.04692082111436946,0.03030303030303028,0.051546391752577365,0.02918340026773758,0.9083728278041074,-0.12407862407862412,-0.0587326120556414,0.12577447335811653,0.021837170662235783,0.03100088573959248,0.049913941480206565,0.03385416666666674,-0.05396290050590213,-0.28489732258903033,0.03931203931203942,0.02590295512586649,0.06562499999999982,-0.02197802197802201,-0.014569641301765747
40,2003-12-31,0.07477106698219971,0.10925405512005136,0.0963156990724836,0.16271935206773835,0.01968820903169144,0.20402378961063092,0.5176470588235293,0.5176470588235293,0.5588235294117647,0.5784313725490198,0.2362122788761707,-0.4983443708609272,0.18186068256194488,2.019704433497537,0.337369290038525,0.05725900116144024,0.22508591065292105,0.2606557377049179,0.03274559193954652,0.021390374331550888,-0.02399127589967287,0.03782505910165468,-0.05120910384068289,0.24780058651026396,0.011235955056179804,-0.0459622338288469
41,2004-03-31,-0.02519697100242202,-0.05286901640072894,-0.038554437089551315,-0.06635883905013196,0.011520241171403931,-0.1413576197275499,-0.4086378737541528,-0.4086378737541528,-0.4150943396226415,-0.42236024844720504,-0.2295875420875421,1.816831683168317,-0.32357594936708856,-0.9129961935834692,0.021947873799725626,0.04053608700428435,-0.004908835904628428,0.013003901170351106,0.01951219512195124,0.008726003490401313,-0.1962756052141528,0.036446469248291535,0.03748125937031488,0.003525264394829808,0.011111111111111072,0.014402425671691919
42,2004-06-30,-0.022027989197151987,-0.0283910931744058,-0.039217816404128136,-0.029051858131976863,0.022884513038850415,0.04058426966292128,0.24094881398252174,0.24094881398252174,0.24731182795698906,0.24731182795698906,0.04315760721114459,-0.4540128881077915,0.4678362573099415,0.65625,0.03557046979865764,-0.051520270270270174,0.015503875968992276,0.029525032092426073,0.02930622009569395,-0.0709342560553633,-0.08109360518999076,0.039560439560439635,0.045881502890173335,0.019906323185011617,0.01098901098901095,0.0007472600464963898
43,2004-09-30,0.010985921150408641,0.024656475645391085,0.0031377204884668326,0.023575981604913032,0.03024627124523072,0.011920701420982116,-0.09456740442655932,-0.09456740442655932,-0.06896551724137923,-0.08620689655172398,0.0149253731343284,0.15879828326180268,-0.4215139442231076,4.520754716981132,0.1896305897602073,-0.05198130008904722,-0.01908396946564883,-0.006234413965087282,0.03660662405578141,-0.07821229050279332,-0.0902672718103883,0.03805496828752642,0.01899827288428324,-0.018369690011480918,0.010869565217391351,0.000995602754500835
44,2004-12-31,0.08449878819182333,0.10699976431769964,0.1192267590948799,0.13168595558335938,0.001515049491616738,0.17209441290708094,0.6888888888888889,0.6888888888888889,0.7407407407407405,0.7924528301886791,0.04489164086687314,0.5064814814814815,0.34090909090909083,-0.4019138755980861,0.09533667465678808,0.07608312786192317,0.024053767244428537,0.02885821831869517,0.02130044843049328,0.03838383838383819,0.06707317073170738,0.03665987780040725,-0.07627118644067787,0.023391812865496853,0.010752688172043,-0.021798590965602996
45,2005-03-31,-0.03923687753588012,-0.11979987225888865,-0.05610806183594341,-0.15015829941203074,0.005815712508824511,-0.16579876916354094,-0.5388157894736842,-0.5388157894736842,-0.553191489361702,-0.5578947368421052,-0.4864197530864197,-0.5820528580208973,0.3287108371854135,-2.6182857142857143,-0.14085347657415692,0.026623022367703086,-0.03799654576856637,-0.030487804878048808,0.018111964873765096,0.0038910505836575733,-0.03220779220779224,0.035363457760314354,0.04660550458715584,-0.029714285714285582,0.0,0.035756651415014495
46,2005-06-30,-0.014404331785813018,-0.02014851365406478,-0.022886408194294442,-0.04804565075986045,0.006851604278074852,-0.02785053256504277,0.3045649072753209,0.3045649072753209,0.3571428571428571,0.3333333333333335,0.5062500000000001,0.9676470588235292,-0.4804793196752996,-1.0077683615819208,0.0012735903670255675,-0.13051333829312362,-0.02980251346499108,-0.028930817610062887,0.017789757412398854,-0.14534883720930236,-0.11486849168008595,0.037950664136622514,0.021739130434782483,-0.010600706713780885,-0.021276595744680767,0.029286649214659725
47,2005-09-30,-0.02301040739737692,-0.033744754381634164,-0.03397349275896433,-0.06935428766655283,0.003651452282157575,-0.03327346205657833,-0.1711317659923456,-0.1711317659923456,-0.16666666666666666,-0.1607142857142858,0.3664219597829557,-0.2720478325859492,1.761904761904762,-37.0,-0.045790934320073966,-0.02664710915536006,-0.03960029607698001,-0.0362694300518136,0.013771186440677985,-0.043083900226757454,-0.01879927228623401,0.03656307129798897,0.02711050102951273,-0.015476190476190643,-0.021739130434782598,0.03822921634080445
48,2005-12-31,0.04691661139106418,0.1665176404465678,0.026506909316980742,0.17314110265652105,0.09469158260294352,0.1346091318686422,1.102242744063325,1.102242744063325,1.168421052631579,1.2127659574468086,0.0,0.0,0.0,-11.898989898989901,0.5230247212796897,0.05889740047720715,-0.008863198458574306,0.02822580645161299,0.10344827586206896,0.045023696682464635,0.08590852904820777,0.03527336860670194,0.045773471433344426,0.05320435308343408,-0.022222222222222254,-0.005588302840082604
49,2006-03-31,-0.031017135075840693,-0.08931035237949236,-0.040096352374397785,-0.053595812471552096,-0.011088283279956479,-0.15425553690588278,-0.4640727957326639,-0.4640727957326639,-0.470873786407767,-0.4807692307692307,-0.2744685821069843,3.1149897330595486,-0.3122306034482759,-1.7954124189063947,-0.27315404201145765,-0.02775142314990497,0.01555209953343706,0.044444444444444516,-0.00047348484848497296,-0.1201814058956917,-0.06317586795674446,0.03407155025553665,0.020447284345048056,0.06429391504018378,-0.02272727272727271,-0.037798306389530516
50,2006-06-30,0.008871062185267675,-0.04790419161676651,0.001304902705880684,0.02555007815318033,0.02499159817909624,0.05958662084321609,0.18384074941452,0.18384074941452,0.19266055045871555,0.20370370370370366,-0.17450096587250485,-0.7597305389221557,0.4465334900117508,-0.4072240023303233,-0.22276956759715386,-0.02110270797755553,-0.003445635528330881,0.02377972465581979,0.04452865940312645,-0.02061855670103097,-0.06622114216281905,0.0494233937397035,0.015967438948027546,0.028047464940668787,0.0,-0.07160572845827662
51,2006-09-30,0.007525851978680055,0.027203152231567884,0.0011313513203872196,0.02377044375403004,0.020835196280067917,0.033211512105984387,0.09891196834817008,0.09891196834817008,0.11538461538461542,0.11538461538461542,0.5624024960998439,-0.01973001038421596,-0.5518548605469809,-1.6800982800982802,0.1949295774647888,-0.024797507788161918,0.05109489051094896,0.07457212713936445,0.03129251700680258,-0.06578947368421051,-0.05725439167208845,0.04709576138147553,0.013251155624036892,0.07030430220356765,0.0,0.0033609100310236784
52,2006-12-31,-0.008842590370121474,0.09816071604209696,0.06896305091049547,0.14778550774428134,-0.16765942536790468,0.16098509970376276,0.5931593159315931,0.5931593159315931,0.6482758620689657,0.6551724137931034,0.3305042436345482,4.96822033898305,-0.8169184290030211,-1.3338150289017343,-0.0544554455445545,0.14643496038844872,0.07529239766081862,0.04550625711035261,-0.1675461741424802,0.11267605633802825,0.04761904761904767,0.044977511244377766,-0.16027980535279795,0.017647058823529568,0.023255813953488413,-0.043201923902774005
53,2007-03-31,-0.01564407075188412,-0.049574563367666864,-0.012271170110266572,-0.08301114963458134,-0.024486073107416014,-0.16105567826947975,-0.4790960451977401,-0.4790960451977401,-0.4853556485355649,-0.4958333333333334,-0.4347091932457786,-0.5708200212992545,4.666666666666667,1.316017316017316,-0.13325853901770135,0.05706642888987967,0.05472467709041462,0.016322089227421174,-0.010565240359218131,0.2683544303797467,0.002635046113307116,0.043041606886657036,-0.00905469032959072,0.0,0.02272727272727271,0.03644524236983848
54,2007-06-30,0.009141991163069909,-0.003604579936860919,0.1623199794068635,0.3079454886706743,-0.397439585730725,0.07912297426120117,0.22559652928416485,0.22559652928416485,0.26016260162601634,0.28099173553719026,0.14171921672751409,-0.9375516956162118,0.916715200931858,-1.0542056074766355,0.008197900186969642,0.06474061577393497,0.1849822752175314,0.02676659528907921,-0.3422317138280833,0.07584830339321358,0.04336399474375829,0.05502063273727642,-0.4027777777777778,0.003853564547206201,0.022222222222222143,-0.2381777238870605
55,2007-09-30,0.05910402933260527,0.10155344856122772,0.026470999627004943,-0.0639089925962898,0.2261876342802578,0.0145970048796904,0.04469026548672561,0.04469026548672561,0.08387096774193536,0.08387096774193536,0.3029069767441861,20.218543046357613,-1.2701306593740505,38.39655172413793,0.3259629101283881,0.10645672410378282,0.1626325809083491,0.0031282586027110426,0.2102272727272727,0.6827458256029686,0.06423173803526439,0.05215123859191649,0.1578947368421053,-0.0019193857965451586,0.0,0.17667121418826714
56,2007-12-31,0.10884917456196086,0.1414312698548983,0.04427512122003563,-0.015573970807136073,0.3856225055971965,0.1968157883826029,0.6742905548496401,0.6742905548496401,0.7559523809523812,0.767857142857143,0.15015618027666222,-1.3426966292134832,-1.6985376827896514,1.4927789934354485,0.6128025820333514,-0.01226170231808832,0.041637426900584806,0.0,0.3796109993293091,-0.1841234840132304,-0.04556213017751476,0.049566294919454856,0.2494714587737843,0.014423076923076872,-0.010869565217391351,0.15951690821256048
57,2008-03-31,0.011558485771935743,-0.08936194219305338,0.01232030621343605,0.06179192055969308,0.009097614949594268,-0.15118132058477096,-0.41335694409309387,-0.41335694409309387,-0.4305084745762713,-0.4444444444444445,-0.18506304558680894,-6.262295081967213,3.5024154589371976,-1.7382373595505618,-0.2805016343139217,-0.017669445451250487,0.035481697731866164,-0.0010395010395009008,0.017015070491006368,-0.2878378378378379,-0.09299442033477978,0.04722550177095619,-0.0025380710659898,0.019905213270142275,-0.02197802197802201,-0.14232147321056565
58,2008-06-30,-0.0073467243459773846,-0.043634486319050085,-0.00464042107524576,-0.05026781159666727,-0.01611668059036475,0.09460452207983017,0.19232427770590774,0.19232427770590774,0.1785714285714286,0.2,0.011901928112354243,-0.8042575285565939,0.5332618025751072,-0.7241379310344828,-0.1075468199517894,0.12471174245918283,-0.06723053567555848,0.00520291363163361,-0.0028680688336520928,0.10626185958254286,0.061517429938482415,0.056369785794814005,-0.008905852417302906,0.01579925650557623,-0.011235955056179804,0.006995045176333203
59,2008-09-30,-0.0414957660756814,-0.04588443599930903,-0.046102543625826886,0.0015442114450685553,-0.026393065628869672,-0.05659955257270699,0.02133815551537066,0.02133815551537066,0.03535353535353525,0.03535353535353525,-0.1204422488826159,0.3227232537577365,-0.5612316305108467,-1.111206896551724,0.013401205069603073,-0.012220126301976664,-0.02371541501976282,0.024844720496894457,-0.01821668264621279,-0.010291595197255643,-0.06310367031551822,0.053361792956243326,0.015832263585793704,0.028362305580969863,0.0,-0.0473709599614085
60,2008-12-31,-0.05509446984729527,0.10901396338289547,0.08673960018553918,-0.05177422238112261,-0.5106653584795959,0.06734645482570545,0.5672804532577904,0.5672804532577904,0.653658536585366,0.6682926829268294,0.7705268788446109,-0.4117647058823529,0.5257841573631048,22.14728682170543,0.30609943618657104,-0.22658585187645294,0.19909502262443435,0.06464646464646462,-0.509765625,-0.21143847487001727,-0.25979381443298977,0.05065856129685909,-0.4818871103622577,0.05871886120996427,0.011363636363636465,0.16953615556005674
61,2009-03-31,-0.06920857528943425,-0.10221614562076564,-0.08126340336046968,-0.11806291975963235,0.00995098767265712,-0.1960675405465452,-0.4814731134206959,-0.4814731134206959,-0.4955752212389381,-0.5029239766081872,-0.3374622356495468,-0.9454545454545454,0.5968641114982578,-1.1496985934360349,-0.035083588415351974,-0.025120772946859996,0.18033763654419088,0.04174573055028463,0.02490039840637448,0.9868131868131866,-0.07335190343546882,0.04821600771456125,0.08455284552845521,0.02605042016806736,0.011235955056179804,0.018011776931070145
62,2009-06-30,0.016783724397708474,0.010001136492783223,-0.0007931831573222414,-0.026586506346025333,0.1308088235294118,0.07088572612961164,0.35206971677559906,0.35206971677559906,0.368421052631579,0.3647058823529412,0.08093935248518003,37.520833333333336,-0.18328605716779395,0.37807606263982096,-0.0501057426386855,0.13599823807950662,0.21672555948174302,0.06921675774134806,0.1399416909620992,0.10951327433628323,0.1292585170340681,0.05059797608095673,0.11244377811094464,0.06470106470106463,0.0,0.037512759441987065
63,2009-09-30,0.0001929477593940465,-0.022257229661303057,-0.034020548411240366,-0.09525116662091683,0.19611158072696533,0.013591397849462394,0.03577183370931358,0.03577183370931358,0.042735042735042805,0.034482758620689724,0.09639316599873447,0.2639264467279609,0.3807106598984771,2.4853896103896105,-0.18376434320945367,0.07784024815820079,0.18545152814271887,0.060477001703577386,0.1935208866155158,-0.05483549351944162,0.03992901508429458,0.04816112084063051,0.1954177897574123,0.05000000000000005,0.011111111111111072,0.08067557596130204
64,2009-12-31,0.05157463226428738,0.12634074483266589,0.012737432790965286,0.09229368932038827,0.2306061429736341,0.1555206653653569,0.4975108898568761,0.4975108898568761,0.5163934426229508,0.5458333333333334,0.24047710657945354,0.06760804450149771,-0.766640866873065,-2.235211923614345,0.2781158203944607,0.12492130587283025,-0.10522631824545026,0.031325301204819134,0.2449999999999999,-0.058016877637130926,0.08447098976109224,0.045948203842940634,0.17023675310033815,0.02710622710622701,0.01098901098901095,0.031181245732493586
65,2010-03-31,-0.03498376474473042,-0.06616940839889651,-0.03718687331192694,-0.03963668685073052,-0.026681980827848232,-0.16062575740883556,-0.4595886141699563,-0.4595886141699563,-0.4594594594594595,-0.4690026954177897,-0.31187965260545897,-0.7198396793587174,1.7927031509121063,-0.891025641025641,0.02372157924977425,-0.01654940837863761,-0.08709256844850066,0.014797507788162134,-0.014343086632243263,-0.20940649496080632,-0.04484657749803311,0.043929712460063934,0.00867052023121384,0.010699001426533572,0.0,-0.027589758681577314
66,2010-06-30,-0.016994905330393162,-0.017550386239796878,-0.009812302098508252,0.012089660159074532,-0.04420641764625788,0.03793148707179417,0.3018069973087274,0.3018069973087274,0.325,0.3248730964467004,-0.15145368492224476,1.7839771101573678,0.11223277909738716,-8.429065743944637,-0.1721456061577935,0.03560686123079426,-0.04841473864610113,0.020721412125863425,-0.027939464493597188,0.050991501416430614,0.00906095551894559,0.04973221117061977,-0.02769818529130852,0.015525758645024812,0.0,-0.029280472119240338
67,2010-09-30,0.036298588280796684,-0.009488807216839312,0.031260639073974916,0.012859714800102841,0.05598556436677904,0.0230568200977912,0.059952746603662226,0.059952746603662226,0.0792452830188679,0.08045977011494254,0.2087649402390439,-0.08530318602261044,-0.07768286171916716,-0.7829529576152772,-0.04513317191283295,0.010047884449328805,-0.01800990544799641,0.018796992481203038,0.0718562874251496,0.03773584905660377,-0.017142857142857237,0.047376093294460464,0.019155206286836982,0.0194579569145239,0.0,-0.022057677318784275
68,2010-12-31,0.05857764009927791,0.082012188265983,0.06442256676295477,0.14442908331687487,0.03637917078873998,0.19558320629557915,0.4647534132070215,0.4647534132070215,0.4790209790209792,0.4787234042553192,0.4932981762250055,1.2932584269662923,-0.4616497829232996,-2.721030042918455,0.08134699259559786,0.09644827854200687,0.026134800550206227,0.01992619926199257,0.05586592178770955,0.023376623376623273,0.05481727574750828,0.04523312456506612,-0.021204819277108374,0.012269938650306678,0.010869565217391351,-0.05459472383836772
69,2011-03-31,-0.004336635757853591,-0.012303599634217344,-0.0010412166727589156,-0.004314382919974325,-0.016314487785828998,-0.15200909780136462,-0.455392809587217,-0.455392809587217,-0.446808510638298,-0.4460431654676259,-0.4420247204237787,-1.121999020088192,0.2440860215053764,1.6209476309226931,0.1971672450989588,0.10965409696626027,0.010277033065236862,0.0,-0.00952380952380949,0.050761421319796884,0.06535433070866148,0.043275632490013434,-0.011816838995568736,0.0,0.0,-0.008008767492834079
70,2011-06-30,0.004550283286119061,-0.012351653901186754,0.0008648888396074472,-0.01346968083789335,0.02011380177319033,0.08367537692526518,0.2797764582605657,0.2797764582605657,0.2991452991452992,0.2987012987012987,0.12842827004219415,-2.1726907630522088,1.1188418323249785,-1.4990485252140815,-0.08219070751390734,0.07058447780261877,-0.004717676544301885,-0.005065123010130068,0.03418803418803429,0.08091787439613518,0.03991130820399125,0.047862156987874986,0.0154459392127555,-0.010101010101010057,0.010752688172043,0.0011047845670093537
71,2011-09-30,-0.02922255318398925,-0.03332126041289385,-0.0274974241937449,-0.09575082197625684,-0.036191464521987286,-0.01908797719943001,0.04776200873362435,0.04776200873362435,0.0625,0.06333333333333324,0.09347978499649456,0.3784246575342465,-0.25168264327962475,-0.6091515729265968,-0.035086221615161395,0.022553699284009632,0.015701377573692717,0.01018181818181807,-0.02324380165289253,-0.011173184357541888,-0.009950248756218971,0.04567600487210721,-0.007360157016683022,-0.0013605442176869431,0.010638297872340495,0.06910016977928701
72,2011-12-31,0.056963634052905825,0.12242963877195677,0.09587496155204422,0.16917397579660265,-0.09650067294751008,0.12726994685934925,0.4297994269340975,0.4297994269340975,0.4520123839009289,0.4451410658307211,0.5165633682410771,3.354037267080745,-0.23412373943853915,-2.507317073170732,0.054764221887994236,0.07322908157311248,0.04827183899664589,0.007919366450684029,-0.08090957165520896,0.09943502824858763,0.04235463029432873,0.0436808386721026,-0.1448344043499752,0.010217983651225948,-0.010526315789473715,-0.04001905669366368
73,2012-03-31,-0.009327252583030576,-0.040861608545397436,-0.016985976693659866,-0.09291835814163284,0.02795570783057744,-0.163230007461168,-0.4414283111677901,-0.4414283111677901,-0.4349680170575694,-0.4338394793926248,-0.395152198421646,-0.3637660485021398,-0.1758007117437722,-1.1407766990291262,-0.007297433316557632,0.05061708258576636,0.035893155258764686,0.0071428571428568954,0.0327963176064443,0.1428571428571428,0.015151515151515138,0.0418526785714286,0.0375722543352599,0.01213755900202318,0.0,0.05740281224152177
74,2012-06-30,-0.013134281775858958,-0.029786885581509662,-0.0136839990271036,0.01816325996492973,-0.011158342189160451,0.04498844891176579,0.2658186562296152,0.2658186562296152,0.2754716981132075,0.27969348659003823,0.03308480894687782,-0.24529147982062785,0.4516407599309154,10.160919540229887,-0.08204478242501058,0.028979507348374955,0.04579640075208147,0.01276595744680864,-0.0022284122562673536,-0.0035971223021582506,0.006105834464043447,0.04552758435993565,0.0016713091922004875,0.02198534310459688,-0.010638297872340273,-0.04709011264080098
75,2012-09-30,0.017095368613395227,0.015804355165428774,0.009038372878448442,0.015320155257949162,0.05222021396121335,-0.040181514951712405,-0.014686936356609115,-0.014686936356609115,-0.00591715976331364,-0.0029940119760478727,0.01804239963915211,-0.4064171122994652,-0.2543129089827484,-2.0762100926879503,0.09618924889543456,-0.018909676121504626,0.008090407088737761,-0.0126050420168069,0.0642099385817978,-0.017148014440433124,-0.043155765340526016,0.043545081967213184,0.034482758620689946,0.012385919165580184,-0.021505376344086,0.0004925299622395851
76,2012-12-31,0.02966884900412858,0.026837830539456986,0.06499702482148928,0.1044583407174866,-0.12441968430826368,0.18414353254939986,0.5253661087866108,0.5253661087866108,0.5416666666666667,0.5405405405405406,0.4058484714222419,3.096096096096096,0.5121659353809334,-2.4325358851674643,-0.12570324964312707,0.016403526758252962,0.03719745222929927,0.014893617021276784,-0.11227701993704076,-0.044995408631772316,0.0063424947145878105,0.04172803141875292,-0.14946236559139792,0.02318094011590488,-0.01098901098901095,-0.07031506399737453
77,2013-03-31,-0.016399218206068156,-0.009791030283413882,-0.021800077821788052,-0.03445272206303729,0.012301166489925741,-0.2012012012012012,-0.4801988685067719,-0.4801988685067719,-0.4749034749034749,-0.4736842105263157,-0.3662149385439647,-0.7526881720430108,-0.2835663413347401,-1.115564462257849,0.016615443718785983,0.024510792818236867,0.018054532056005712,-0.0062893081761007386,0.017730496453900457,0.1548076923076922,-0.012605042016806678,0.04005655042412815,0.029077117572692712,0.010069225928256651,-0.011111111111111072,0.02559350454505327
78,2013-06-30,-0.017951866823585627,-0.021205744754744682,-0.007904614254824359,-0.02575851099188076,-0.06992457573852927,0.06476418318523591,0.06398416886543545,0.06398416886543545,0.07720588235294112,0.07777777777777772,-0.21034311287916466,-0.1462450592885376,0.22496318114874825,-6.9364161849710975,-0.09702409069437877,-0.009156246923304079,-0.005790807093738581,-0.04219409282700426,-0.05865272938443655,-0.026644462947543742,-0.015602836879432537,0.04304485727231522,-0.05282555282555279,-0.031775700934579376,-0.011235955056179804,0.00464676017554444
79,2013-09-30,0.023377593288928637,-0.007889628686522876,0.005839476092074579,-0.04422837926749035,0.11938953652080865,-0.048306852832611165,0.2526348419094855,0.2526348419094855,0.2627986348122866,0.2646048109965635,0.18356423173803527,1.9479166666666663,-0.7514277126540427,-1.5004868549172348,0.053776940782590536,-0.05097376788553254,0.03591797112000972,0.008810572687224738,0.12954966070326934,0.007698887938408783,-0.021613832853025983,0.04126846220677671,0.0940337224383916,0.02445302445302433,-0.02272727272727271,0.03802997858672375
80,2013-12-31,0.0710933853790996,0.08030210590537101,0.05577644449441421,0.02376217428993943,0.14665190924183724,0.1677487352445195,0.5303142786439001,0.5303142786439001,0.5594594594594593,0.5543478260869563,0.7366320830007982,0.13977228111503726,2.6432889963724304,0.2529182879377432,0.06393963463065933,-0.05674798450424045,-0.02881574323532865,0.0072780203784570405,0.19552157291097785,-0.16468590831918506,-0.07952871870397649,0.039632874426366316,0.07053941908713712,0.037688442211055266,-0.023255813953488413,0.05520257446984078
81,2014-03-31,-0.028338733828224605,-0.06603700097370979,0.02528704474606469,0.022513323703740703,-0.2713671463671463,-0.1882739449077584,-0.6144890038809832,-0.6144890038809832,-0.6013864818024264,-0.5996503496503496,-0.4905024509803922,-1.0120564932828109,0.5509459010952541,-3.029503105590062,-0.12196715192235907,0.020701520701520648,-0.00832227716801337,-0.050578034682081,-0.2503426222019187,-0.14634146341463405,-0.020000000000000014,0.0381219903691814,-0.25027685492801777,-0.03026634382566584,-0.02380952380952384,-0.08656553018454805
82,2014-06-30,0.013600117411085577,0.004649805041806454,0.008450890412252443,0.03348921038530861,0.04636599024507748,0.08361501512186442,0.7353187919463087,0.7353187919463087,0.8,0.7991266375545851,0.07606734816596505,-29.57142857142857,-0.5163706398459234,-1.2341239479724562,0.032522053353172486,0.028981567070849982,0.06288007783994165,0.038051750380517564,0.061547836684948225,0.3726190476190474,0.057959183673469424,0.04252029377657518,0.03249630723781394,0.06367041198501866,-0.02439024390243893,-0.02790856947179177
83,2014-09-30,-0.04346252232250592,-0.021148976796314,-0.021404293967284937,-0.00299295359743601,-0.17960522529780742,-0.08073386964373662,-0.9956490210297316,-0.9956490210297316,-0.9951690821256038,-0.9951456310679612,0.09108689578094432,-0.2,0.24778761061946894,-1.5032679738562091,-0.01585177560473494,-0.0010040160642570406,-0.1801121409772285,-0.24193548387096764,-0.17336394948335254,-0.0589765828274067,-0.0771604938271605,0.04078605858361151,-0.14234620886981394,-0.2300469483568074,-0.012499999999999956,-0.018229854689564062
84,2014-12-31,-0.011596908612323542,0.047897716430252535,0.009596708606420146,-0.06396255850234013,-0.1675084175084175,0.0513908112693664,303.6111111111111,303.6111111111111,275.5,274.0,0.5513444302176695,0.5449999999999999,1.020921985815603,6.045454545454546,-0.11348185336261896,-0.09711716477122456,0.11653872993719472,-0.03771760154738879,-0.1659722222222223,0.09216589861751157,0.1747491638795986,0.03918774492340593,-0.15763135946622198,-0.012195121951219634,-0.02531645569620256,0.11948331539289557
85,2015-03-31,-0.04675322465371135,-0.06284650560479144,-0.0546920904490229,-0.09999999999999998,0.023087293562521042,-0.16808221505011045,-0.575414918840051,-0.575414918840051,-0.5732368896925859,-0.5727272727272728,-0.4040937603169363,-1.453074433656958,-0.4030531672223197,-1.2940092165898618,0.03775365738555925,-0.07323217528853476,0.07524999999999983,0.0170854271356784,0.026644462947543742,0.11139240506329108,-0.056227758007117545,0.0377099760027424,0.07326732673267332,0.02700617283950613,-0.012987012987012991,0.04134615384615392
86,2015-06-30,0.0061765309674481905,-0.024397616374471017,-0.008571686366507292,-0.0029461279461279193,0.12699719980233892,0.06242981112812651,0.4815292096219932,0.4815292096219932,0.4872881355932204,0.4893617021276595,0.07590027700831015,-4.448214285714286,-0.2451499118165785,-2.260188087774295,-0.04581628012733063,0.05436500410898293,0.009532666821669313,-0.03359683794466406,0.13300892133008935,0.02733485193621865,0.0490196078431373,0.042946812025107306,0.11992619926199265,-0.018782870022539425,-0.013157894736842146,-0.021545090797168376
87,2015-09-30,-0.03619299381703023,-0.0680299207719205,-0.03735388100149661,-0.050738708315745014,-0.028500438468284095,-0.07365588814683133,-0.14467961728037115,-0.14467961728037115,-0.1367521367521367,-0.14,0.09062821833161694,-0.3045054375970999,-0.28037383177570097,-3.703980099502488,0.12951268914571654,-0.058156963846753285,0.0,0.2883435582822087,-0.019327129563350143,-0.1692535107169253,-0.006470165348670065,0.041178333861260574,0.008237232289950658,0.3070444104134762,-0.013333333333333308,-0.018244731047499352
88,2015-12-31,0.016990492319303385,0.009308510638297962,0.009170360721863837,0.015919601565279162,0.07281480367082893,0.1440871369294605,0.5128813559322034,0.5128813559322034,0.5181518151815181,0.5215946843853823,0.24598677998111415,3.054355919583023,-0.27056277056277056,-2.6504139834406626,-0.18924050632911396,-0.0956139792475652,0.1380700138185169,-0.05634920634920626,0.08321167883211689,-0.07740213523131677,-0.2843704775687409,0.03954974140553702,0.054738562091503296,-0.05448154657293503,0.0,-0.006488305030438957
89,2016-03-31,0.07566858228879125,0.12043572369659315,0.0802843730157905,0.011526452478916704,0.0464871687000421,-0.15296037718741495,-0.5487340354021959,-0.5487340354021959,-0.5456521739130435,-0.5436681222707425,0.06953391436150058,-0.6275482093663911,-3.1023738872403563,-4.716833890746933,0.8675513921415561,-0.052227775040472935,-0.07214408580390562,-0.038687973086627525,0.04784366576819421,-0.1253616200578591,0.013144590495449915,0.03804506877377811,-0.0271107668474051,-0.013011152416356864,-0.027027027027027084,0.10763524953640237
90,2016-06-30,-0.006730833950326476,-0.08607185603594902,-0.015580436290757782,-0.031127394414955045,0.054137353433835855,0.08317276814386633,0.24329692154915586,0.24329692154915586,0.2535885167464116,0.2488038277511961,-0.3900797165633304,1.2297830374753451,-2.113620324629499,-1.6505698860227955,-0.30214574334680233,0.1097660601559598,-0.10599781897491822,-0.08486439195100615,0.05852090032154345,0.05953693495038581,0.1317365269461077,0.03946997462644486,0.06130573248407645,-0.06654111738857504,-0.02777777777777779,-0.05670403261027801
91,2016-09-30,-0.020752863048045026,-0.04804245933278195,-0.03641097418931749,0.025666220038707662,0.08116697387656524,-0.05000494119972332,0.13937699680511173,0.13937699680511173,0.14122137404580148,0.14176245210727978,0.22364217252396168,-0.7678018575851393,0.3250950570342206,-0.7745504840940526,-0.09763402216232407,0.05474135046510087,-0.06769943888753349,-0.022944550669216083,0.08687727825030378,-0.0031217481789801442,0.13051146384479728,0.03797125033902926,0.10352588147036768,-0.00806993947545398,-0.014285714285714348,-0.0718419631144378
92,2016-12-31,0.016123730602217945,0.05925228682451177,0.006409540158664129,0.053067030510639546,0.07266313932980606,0.13237282846145848,0.5776375744830005,0.5776375744830005,0.5886287625418059,0.5838926174496644,-0.13197246617612154,2.2152380952380955,-0.6922525107604017,0.23926380368098155,-0.1341962606483018,0.009263371613476236,-0.0573073400497186,-0.011741682974559577,0.08105086640581316,-0.07202505219206679,0.011700468018720713,0.03658217925267837,0.05574439157036015,0.007457627118644172,-0.014492753623188246,0.005902893249085439
93,2017-03-31,0.0002128202945432811,-0.02276248632883704,-0.00031288479783608825,0.005678842177808453,0.0044393291680369104,-0.16609250838271095,-0.6111975116640747,-0.6111975116640747,-0.608421052631579,-0.608050847457627,0.08121410992616895,-1.1036729857819905,0.6581196581196582,-2.8729372937293727,0.2900587784308715,0.094235242346137,-0.07022900763358775,-0.01881188118811894,0.00879007238883145,0.01237345331833506,0.08249807247494201,0.03529115200403332,0.004507405022537103,-0.016150740242261152,0.0,-0.028266798909000745
94,2017-06-30,0.025533001404315137,0.0495231877637623,0.029319414015568368,-0.01411693758394783,0.0050199159709718435,0.06246213164417514,0.3320000000000001,0.3320000000000001,0.338709677419355,0.3405405405405404,-0.12316641375821955,-5.871428571428571,-0.7146204311152764,-0.2951541850220264,0.15847860538827252,-0.06319659887395146,-0.05164949992536205,-0.020181634712411637,0.012813941568426523,-0.07111111111111112,-0.044871794871794816,0.03652300949598253,-0.0198717948717948,-0.0027359781121749642,-0.014705882352941237,0.06447222931019825
95,2017-09-30,0.009469272583924715,-0.006020482971585972,-0.0007062216162666558,-0.11869543457710065,0.0655844508388077,-0.00705065062989263,0.16945516945516936,0.16945516945516936,0.17670682730923692,0.17741935483870974,0.02970868185751363,0.12785923753665696,3.525451559934319,-1.488125,-0.06677496580027363,-0.0949343799828284,-0.04580513143396825,-0.023686920700309092,0.0728744939271253,-0.1064593301435406,-0.08501118568232667,0.035236081747709765,0.05559189012426402,-0.010288065843621408,-0.0149253731343284,0.12792648821414287
96,2017-12-31,0.03058305107040682,0.11159536900451483,0.05645913289294158,0.1787550872322301,-0.10358180058083256,0.1769435597556519,-1.3866471019809246,-1.3866471019809246,-1.3856655290102389,-1.3869863013698631,0.6056022408963586,0.9854394175767032,-0.6665457184325109,-2.3533930857874514,0.09683921209344937,0.042553191489361764,-0.4868030353018805,-0.5,-0.09905660377358484,-0.028112449799196804,0.04726976365118185,0.03176764238711138,-0.13011152416356875,-0.4961884961884962,-0.015151515151515138,-0.05702748654009637
97,2018-03-31,-0.0005663869300233103,-0.012325324218357305,-0.005909078239540677,-0.04362604715895402,0.032511083323860435,-0.15393487711826814,-2.5929791271347247,-2.5929791271347247,-2.610619469026549,-2.601769911504425,-0.19731332868108864,-0.537977998952331,2.1653971708378674,-0.9735099337748344,0.024223187437353744,0.02534771870531638,-0.010286081645773049,-0.02742616033755263,0.036125654450261724,0.13774104683195598,1.006225680933852,0.03298878381350345,0.03276353276353272,-0.023383768913342595,0.0,0.03275486439786657
98,2018-06-30,-0.02923733886738233,-0.047371849680387663,-0.03758119538296178,-0.008143732684073535,0.019486953649675117,0.04881501677852351,0.4318046456223943,0.4318046456223943,0.445054945054945,0.4419889502762431,-0.5009780482503803,-0.6400226757369615,-0.13406668958404955,-47.5,-0.1061816995596151,-0.0509634888438133,0.011692107827216523,0.010845986984815648,0.02526528549772622,-0.08353510895883776,-0.044608223429014826,0.03342559080263996,0.050344827586206835,0.004225352112676273,0.0,-0.03957227031352295
99,2018-09-30,0.00302576836427626,0.031242654129714612,-0.008759492687474557,0.03893685457931273,0.06825053995680341,-0.06234064890266455,0.12063227953410972,0.12063227953410972,0.12167300380228152,0.12643678160919536,0.8427700348432057,3.6755905511811022,-0.8269154426359666,-1.5921658986175116,0.07034671532846715,-0.02638258081752598,-0.0077046548956661845,-0.006437768240343368,0.07294233612617051,-0.0515191545574637,-0.04709703613479499,0.0323444581788217,0.06500328299409075,-0.0014025245441795509,0.0,-0.007422555479815184
100,2018-12-31,0.011410771374702922,0.018422197815860963,0.04291088643310603,0.03815653685296838,-0.1510311362717347,0.16016208146726374,-0.2757980697847068,-0.2757980697847068,-0.2677966101694915,-0.282312925170068,-0.026471283384542632,-1.1532502526103066,9.561926605504588,-1.164721141374838,-0.01082601653737958,-0.10715510736091104,0.5415723066968618,0.531317494600432,-0.13321084060633892,-0.16713091922005566,-0.10992756710694496,0.03133107164238669,-0.16091245376078922,0.5407303370786518,0.0,-0.01900038153376571
101,2019-03-31,0.061143440696373785,0.07241688031579385,0.07391124638334645,0.016846731367881285,-0.018814003334127197,-0.16443014705882353,-0.1845207585853409,-0.1845207585853409,-0.17129629629629628,-0.1563981042654028,0.15562029618839526,-2.8747252747252747,-1.4045602605863192,-45.62992125984252,0.4884522578421233,-0.024894352669996175,0.013221406086044052,-0.021156558533145242,-0.014838367779544281,0.12541806020066892,-0.3585447582575395,0.030379256965944238,-0.07494489346069055,0.0009115770282588364,-0.030769230769230767,0.054682638456751816
102,2019-06-30,0.1812168705986588,0.4707712740726686,0.19730580825752275,0.08952689665817704,0.07069174757281549,0.05384446155538436,0.5700817096165933,0.5700817096165933,0.5754189944134076,0.5786516853932584,-0.38235294117647056,-5.879249706916764,10.288781535158346,3.986238532110092,1.6362899490504863,0.07257111338744003,0.023405136702568274,-0.05187319884726238,0.07154384077461008,0.08766716196136692,0.07611940298507469,0.03042253521126748,-0.09372517871326468,0.021857923497267784,-0.0634920634920636,0.3498783096098532
