,Quarter end,Assets,Current Assets,Liabilities,Current Liabilities,Shareholders equity,Revenue,Earnings,Earnings available for common stockholders,EPS basic,EPS diluted,Cash from operating activities,Cash from investing activities,Cash from financing activities,Cash change during period,Cash at end of period,Price,ROE,ROA,Book value of equity per share,P/B ratio,P/E ratio,Cumulative dividends per share,Equity to assets ratio,Net margin,Asset turnover,Current ratio
0,1996-03-31,0.07499109030741624,0.0708729022002077,0.3975554152088621,0.3975554152088621,0.035010660262669635,0.14765462129382345,0.13415041366487834,0.13415041366487834,0.11111111111111116,0.11111111111111116,-2.8384156339020765,-0.8594897079344186,1.0380548079578285,-1.5214143003076668,0.0833438494457932,-0.08276450511945399,-0.3867924528301887,1.3914893617021278,0.025510204081632626,-0.12773722627737227,-0.3714381495139122,,-0.037203551759019904,-0.35779816513761475,-0.053333333333333344,-0.2337586631258501
1,1996-06-30,0.07499109030741624,0.0708729022002077,0.3975554152088621,0.3975554152088621,0.035010660262669635,0.14765462129382345,0.13415041366487834,0.13415041366487834,0.11111111111111116,0.11111111111111116,-2.8384156339020765,-0.8594897079344186,1.0380548079578285,-1.5214143003076668,0.0833438494457932,-0.08276450511945399,-0.3867924528301887,1.3914893617021278,0.025510204081632626,-0.12773722627737227,-0.3714381495139122,,-0.037203551759019904,-0.35779816513761475,-0.053333333333333344,-0.2337586631258501
2,1996-09-30,0.022374798665765198,-0.03395196113144328,-0.04917085513850816,-0.04917085513850816,0.0343487806115117,0.060147648865179974,0.08331715946705809,0.08331715946705809,0.09999999999999988,0.09999999999999988,-1.0584727118632993,5.685755355715553,-0.3794279857760866,-2.299322599945902,-0.09995953473756848,-0.10697674418604652,-0.3867924528301887,1.3914893617021278,0.01990049751243772,-0.12773722627737227,-0.3714381495139122,,0.0117908008405323,-0.35779816513761475,-0.053333333333333344,0.01601014370245135
3,1996-12-31,0.048279739528688685,0.055796719303569116,0.07519090729496591,0.07519090729496591,0.044139520048817486,0.06769161914834543,0.08013334507458557,0.08013334507458557,0.04545454545454541,0.04545454545454541,-6.931730132252118,-0.6025654403095484,2.0948539988281585,-1.162767106763051,0.018077103075438528,-0.01979166666666665,-0.3867924528301887,1.3914893617021278,0.034146341463414887,-0.03974895397489553,-0.3714381495139122,,-0.004038306218991594,-0.35779816513761475,-0.053333333333333344,-0.01803750603191501
4,1997-03-31,-0.0031705967544645164,-0.08890143647882688,-0.03569661335719598,-0.03569661335719598,0.001982268063593029,-0.18816985894119376,-0.9030994218337682,-0.9030994218337682,-0.9130434782608696,-0.9130434782608696,-1.7494694509793156,1.3444498118632406,-0.8709079341921079,-8.92789678832445,-0.14077223955106188,-0.3421891604675876,-0.3867924528301887,1.3914893617021278,0.0,-0.3638344226579521,-0.3714381495139122,,0.005213160333642275,-0.35779816513761475,-0.053333333333333344,-0.05517428363241994
5,1997-06-30,0.013940059087603762,0.03738895719804725,0.13044095574216066,0.13044095574216066,-0.0038223060628083116,-0.027158291208246643,-3.310614525139665,-3.310614525139665,-3.5,-3.5,-4.834829443447038,-0.8485245901639344,0.13703099510603578,-1.5223556890223555,0.08557840359332712,-0.4927302100161551,-0.3867924528301887,1.3914893617021278,0.0,-0.4931506849315068,-0.3714381495139122,,-0.017517575198801368,-0.35779816513761475,-0.053333333333333344,-0.08230356726509691
6,1997-09-30,-0.007698577787657923,-0.04933513809209877,0.25514506665709713,0.25514506665709713,-0.05317434940660415,0.2179996603837664,7.149903288201162,7.149903288201162,7.799999999999999,7.799999999999999,-0.8153558052434458,5.8201058201058204,-2.1692969870875176,-2.45118705418929,-0.11440009399758287,0.2707006369426752,-1.5307692307692309,1.3914893617021278,-0.056603773584905766,0.2702702702702702,1.0266666666666668,,-0.04586510263929622,0.0,0.0,-0.2425930268918073
7,1997-12-31,0.005587366949991068,0.011486409224538365,0.0623561534172945,0.0623561534172945,-0.007432786885245957,0.0012547401293776517,-0.8164827340690637,-0.8164827340690637,-0.7954545454545454,-0.7954545454545454,0.8417849898580121,-0.8056985683052401,-2.280981595092024,-1.1064485364243268,0.013750817372845114,0.06265664160400998,1.4420289855072466,1.3914893617021278,-0.015000000000000013,0.1276595744680853,0.0,,-0.012908777969019014,0.0,-0.014084507042253502,-0.04789059476196622
8,1998-03-31,-0.004047230060894136,-0.03289730396000245,-0.0709143510731346,-0.0709143510731346,0.012367333590986185,0.08319641315547632,-2.2159715486582607,-2.2159715486582607,-2.1111111111111107,-2.1111111111111107,0.0,0.0,0.0,0.2970365265334252,0.017593388924204367,-0.06367924528301883,-0.1231454005934718,-0.13701067615658358,0.01015228426395942,-0.04716981132075471,0.0,,0.016440403537177906,0.0,0.05714285714285716,0.04092251822542603
9,1998-06-30,0.02674144257859723,0.07502752681035907,0.03683105221232519,0.03683105221232519,0.024468394039356856,0.03975936138212943,0.3554905610210051,0.3554905610210051,0.30000000000000004,0.30000000000000004,0.0,0.0,0.0,10.043039319872477,0.19092545979017767,0.35264483627204024,-0.38917089678511,-0.39587628865979385,0.020100502512562683,0.3366336633663367,0.0,,-0.002205612057345929,0.0,0.08108108108108114,0.03684032388242353
10,1998-09-30,-0.013520453154340141,-0.026065178731150884,-0.1852545119293736,-0.1852545119293736,0.02563571737967241,-0.029659026283905713,0.17614750882699104,0.17614750882699104,0.23076923076923084,0.15384615384615374,2.7326541850220263,0.9800362976406534,-1.4147509578544062,-0.5644035990954146,0.06983345804052865,-0.011173184357542,-2.0470914127423825,-2.0580204778157,0.024630541871921263,-0.029629629629629676,0.0,,0.03978877563551508,-0.3952380952380952,0.012499999999999956,0.19538469264764968
11,1998-12-31,0.026767380656288475,-0.05155908982864055,0.4177553749614238,0.3459006275074581,-0.044049375048521015,0.05397072126594216,-6.0150100066711145,-6.0150100066711145,-5.875,-6.2,-0.6592166408497455,5.843813015582034,-6.875288683602772,-4.2726168121064845,-0.21362030427572287,0.08286252354048962,-2.2883597883597884,-2.2806451612903222,-0.05288461538461542,0.05343511450381677,1.0871052631578948,,-0.06897366245423409,0.0,0.03703703703703698,-0.2953051150089277
12,1999-03-31,-0.007453934632757342,-0.052432920948106254,-0.1555289508053983,-0.16397243347218504,0.03232198544698539,0.08371311485318468,-1.2421350182906552,-1.2421350182906552,-1.2435897435897436,-1.2307692307692308,-1.372943722943723,-0.5210671523852892,-0.025550314465408785,-0.4001417625814291,-0.1629516884736345,0.03130434782608682,-0.2381930184804928,-0.2367758186397985,0.03045685279187804,0.0905797101449275,0.0,,0.03995940631739181,0.0,0.023809523809523725,0.13342474736936238
13,1999-06-30,0.05579677055680676,0.08589072606176207,0.14197133078432222,0.15092413414801387,0.0368608200383902,0.02092628948777442,0.10218376596621348,0.10218376596621348,0.05263157894736836,0.11111111111111116,-14.954149738827624,-0.3941834451901566,0.18192819685357,-1.8881949133468376,0.17290861092550205,-0.005059021922428242,-0.2587601078167117,-0.2607260726072608,0.024630541871921263,-0.03322259136212613,0.0,,-0.017931202732373697,0.0,0.011627906976744208,-0.056518423059726874
14,1999-09-30,-0.0638193373716246,-0.0986378616161877,-0.06666248667628061,-0.07033918500278025,-0.06313125182091872,-0.055744941217604094,0.05021806853582556,0.05021806853582556,0.09999999999999988,0.049999999999999815,-0.560079856923013,0.42817577548005903,-10.647781569965868,-3.0525182134938236,-0.3025794762598528,-0.2067796610169492,-0.26909090909090905,-0.28125,0.014423076923076872,-0.2268041237113403,0.0,,0.0007452490373864862,0.0,0.02298850574712641,-0.03043987288844285
15,1999-12-31,-0.059961214310509936,-0.0484271811269924,0.018648645017399046,0.07551871947138311,-0.07891429274834627,0.025433338733192867,0.049359278595159095,0.049359278595159095,0.13636363636363644,0.2857142857142858,0.864611893731682,-1.3334195216548157,0.456169520305646,-0.5030402172906572,-0.2156085541733064,-0.08333333333333326,-6.2288557213930345,-6.254658385093168,-0.047393364928910005,-0.09777777777777784,0.0,,-0.020106739481196456,1.401574803149606,0.04494382022471921,-0.11523201656028992
16,2000-03-31,0.004564663286668713,0.04057397328055412,-0.037300341612039545,-0.033565489116042624,0.01572759468384799,0.02547957571654247,-0.09158751696065126,-0.09158751696065126,-0.07999999999999996,-0.18518518518518526,-1.0082141770611501,1.8109732454439704,-0.9055219493234216,-1.6082230917334326,0.16718451242829824,0.28904428904428897,0.0475737392959088,0.04018912529550822,0.0149253731343284,0.3546798029556653,-0.6757029378388602,,0.011146295123495964,0.01857923497267766,0.010752688172043,0.07668811334243197
17,2000-06-30,0.03948844948341912,0.09883603134238884,0.19249475948430586,0.19249475948430586,0.0008206001807398168,0.02942406302955614,0.18595967139656452,0.18595967139656452,0.17391304347826098,0.18181818181818188,-59.45061728395061,-1.2988481964273395,-1.1033684751864232,-0.4603288062902074,0.07730111600286671,0.11754068716094013,0.08083560399636691,0.06931818181818182,0.02450980392156854,0.1018181818181818,0.06804043545878691,,-0.03720405862457732,0.03969957081545061,0.03191489361702127,-0.07852960705015999
18,2000-09-30,-0.057776217863324875,-0.11883814741785448,0.010535507071542716,0.010535507071542716,-0.07834630686732402,-0.03386351975371982,-0.02718303946263645,-0.02718303946263645,0.0,0.0,0.02724680536487489,-0.5040387722132471,-105.0099502487562,-7.6088930936613055,-0.4742172862302115,-0.012944983818770184,0.06218487394958005,0.04463336875664181,-0.038277511961722584,-0.0363036303630363,-0.07462686567164167,,-0.021857923497267676,0.013415892672858476,0.030927835051546507,-0.12802960827983745
19,2000-12-31,-0.052387402641381635,-0.07830736184005427,-0.15811314748283234,-0.15811314748283234,-0.017480968754222892,0.024716764029031783,0.05739561980796193,0.05739561980796193,0.07407407407407396,0.0769230769230771,-0.053562249408861895,-8.542112610516519,-0.5682818329666124,-1.208457398076042,0.18801322109177288,-0.02622950819672121,0.04825949367088599,0.04374364191251279,-0.00995024875621886,0.013698630136986356,-0.07474429583005515,,0.036844905559989316,0.015274949083503131,0.030000000000000027,0.09480524358637266
20,2001-03-31,-0.039333404805298455,-0.04294120372515409,-0.11622034058528807,-0.11622034058528807,-0.01758186340244583,-0.012870068453216477,-0.2236506478930721,-0.2236506478930721,-0.2068965517241378,-0.2142857142857143,-1.7559200521399088,-0.518571076011846,-0.3731649216109911,-2.5305589891498417,-0.24222400938987546,-0.10269360269360273,0.017358490566037776,0.016569200779727122,-0.015075376884422176,-0.09459459459459453,-0.11139455782312936,,0.02257857601026303,-0.013039117352056095,0.029126213592233,0.0829244862249976
21,2001-06-30,0.06207298473594802,0.0809587436217698,0.018000397292300185,0.018000397292300185,0.07328938925508942,0.1156673156432524,0.3097647522670521,0.3097647522670521,0.3043478260869563,0.3181818181818181,-3.2017531254490588,-2.2006920415224918,-1.6805125939018997,-2.3129935391241925,0.4196999684479248,0.20825515947467174,0.02448071216617209,0.03643336529242558,0.05612244897959173,0.2276119402985075,0.20813397129186614,,0.010538200978547295,-0.011178861788617931,0.04716981132075482,0.06184260549993659
22,2001-09-30,0.059168972481991274,0.056640616252771066,0.11101604599150416,0.11101604599150416,0.04665369522919227,-0.04391133420260585,0.025185631145896004,0.025185631145896004,0.03333333333333344,0.034482758620689724,0.4518339642344342,-0.6444657914398548,-0.8455844155844155,0.33556588299617274,0.39482776037983625,-0.009316770186335477,0.0050687907313542455,0.020351526364477342,0.03864734299516903,-0.06382978723404252,-0.037623762376237546,,-0.011793916821849715,0.007194244604316501,0.009009009009008915,-0.04896168993913352
23,2001-12-31,0.028171536909866512,-0.001508909346760956,-0.03566748179472279,-0.03566748179472279,0.04452914316969392,-0.024507290662619696,-0.03807379857100912,-0.03807379857100912,-0.06451612903225812,0.06666666666666665,-0.2917060013486177,5.4043830681477045,1.8090832632464255,-1.1213284208371712,-0.034343902545012066,0.025078369905956244,-0.03530259365994248,-0.026291931097008114,0.03255813953488396,-0.012987012987012991,-0.012345679012345734,,0.015954773869346628,-0.00612244897959191,-0.017857142857142905,0.03541960784313725
24,2002-03-31,0.059653128995167615,0.07460437395999597,0.13624837132409606,0.13624837132409606,0.0415338216286083,0.014916116553840952,-0.26892551892551897,-0.26892551892551897,-0.27586206896551724,-0.34375,0.5521071337903021,-0.4440538133408335,-0.3209580838323354,-7.247153099957822,0.22218222182221825,0.01987767584097866,-0.058999253174010335,-0.06052141527001852,0.04054054054054057,-0.013157894736842146,-0.016249999999999987,,-0.01706442438481504,-0.02361396303901431,-0.036363636363636376,-0.054235850199975684
25,2002-06-30,-0.05011837193067658,-0.07670520756386501,-0.13380681117604987,-0.13380681117604987,-0.028520788386760088,0.09465463848121723,0.8043145441892832,0.8043145441892832,0.8095238095238095,0.7619047619047619,0.19836434267021066,-0.21736930860033726,-15.953703703703706,-1.8714555765595464,-0.1584231326247576,0.0719640179910046,0.05476190476190457,0.0574826560951438,-0.008658008658008698,0.03333333333333344,0.08174502329521394,,0.02264435778085283,0.07045215562565721,-0.009433962264150941,0.06593195361055937
26,2002-09-30,0.09390252670090993,0.15610547077220582,0.29702491103202844,0.29702491103202844,0.04716360027382982,-0.010937647838016871,-0.037102746066029035,-0.037102746066029035,-0.02631578947368418,-0.027027027027027084,0.37053845628881454,-0.4754363283775048,-1.0280701754385966,-3.8375426092345832,0.5341548782266297,-0.02517482517482528,0.03009781790820165,0.023430178069353325,0.013100436681222629,-0.01935483870967747,-0.09044635865309314,,-0.04268667732808462,0.037328094302554016,-0.01904761904761909,-0.10864991584515504
27,2002-12-31,0.014210810731864143,0.0699430093997484,-0.16942139690065414,-0.16942139690065414,0.06654717890008688,0.013019687374442812,0.021949851798446,0.021949851798446,0.05405405405405417,0.0,-0.7677828955558321,0.3933045799958923,4.621848739495798,-0.7654462554945805,0.08166582697225211,0.1893830703012911,0.035792549306062904,0.04029304029304037,0.0818965517241379,0.17434210526315774,0.133017649591046,,0.05165767154973011,0.04166666666666674,0.0,0.288161310988974
28,2003-03-31,0.048640112131947084,0.0988551466519092,0.10422970705215452,0.02818483330910815,0.03630199458608163,0.03165399688370552,-0.05447989339186332,-0.05447989339186332,-0.07692307692307697,-0.05555555555555547,2.1675779993567064,-0.214622641509434,-1.84304932735426,1.2887905948085208,0.17280381059514194,0.04463208685162856,0.07475317348377986,0.07922535211267599,0.031872509960159334,-0.033613445378151134,0.012537993920972657,,-0.011852394916911145,0.07454545454545447,0.009708737864077666,0.0687380572206373
29,2003-06-30,0.0663511230940359,0.04546098375516605,0.12262017303481045,0.1331542692643808,0.05304357423638262,0.11532582130401757,0.3836842977947272,0.3836842977947272,0.3611111111111112,0.3823529411764704,0.2200785269428649,1.8303303303303304,-0.028368794326241176,-0.08543965824136701,0.13475357996568027,0.025404157043879882,0.02230971128608905,0.017944535073409318,0.04633204633204646,-0.005797101449275366,-0.06791744840525328,,-0.012489180165698,0.034686971235194715,-0.019230769230769273,-0.07737147615665352
30,2003-09-30,0.06720425491727977,0.07591285707404016,0.00624640245592345,-0.002449729509033327,0.0825732207452956,-0.014649639709141016,-0.04295985620131815,-0.04295985620131815,-0.061224489795918324,-0.06382978723404252,-0.2740942129501193,-0.27904509283819634,-3.291514598540146,0.4137240727353613,0.16788171744786504,0.11373873873873876,0.00449293966623876,0.014423076923076872,0.06642066420664205,0.06413994169096204,0.04106280193236711,,0.014400200350613625,0.0286181520850366,-0.009803921568627416,0.07855057074595173
31,2003-12-31,0.04958780738467361,0.0370244964433426,0.15024364406779656,0.14528690155416846,0.025999270143662438,0.0397881077119131,-0.22588117448193826,-0.22588117448193826,-0.21739130434782614,-0.2272727272727272,-0.02931284873499962,0.00735835172921262,-1.6283097750348396,-0.6121622153168391,0.055751256664989146,0.16076845298281084,-0.05367412140575079,-0.0616113744075828,0.031141868512110763,0.08767123287671241,0.10286156225831401,,-0.02246636217750897,-0.046899841017488016,-0.01980198019801982,-0.09453838391296863
32,2004-03-31,0.002318562874251473,-0.01001378886043569,-0.1145943656005084,-0.1403271918678526,0.033034755088412034,0.06872106249699605,0.43881924787707227,0.43881924787707227,0.4166666666666667,0.4411764705882351,-0.5799834639159023,-0.5075785244704163,0.8482256020278833,-1.6295131845841784,-0.033242822024775465,0.12020905923344948,0.050641458474003816,0.05303030303030298,0.030201342281879207,0.08816120906801017,0.1342917251051894,,0.03068569263795928,0.047539616346955686,0.010101010101010166,0.15159834728715893
33,2004-06-30,0.0002217612816273196,0.011892236656327215,0.03124609943831902,0.028279445727482644,-0.006764337326821912,0.029696365530629487,0.34393794615254913,0.34393794615254913,0.3529411764705881,0.34693877551020424,2.1147356580427448,2.5551641016132023,1.5542602434424824,1.5537296600612214,-0.08781230956733699,0.22083981337480552,0.0796915167095118,0.08393285371702652,0.006514657980456029,0.1828703703703705,0.1156105100463678,,-0.006983582455280636,0.0812101910828027,0.0,-0.01593296353121698
34,2004-09-30,-0.020636428447193374,-0.02914818137005337,0.04570120229161634,0.05534031825174912,-0.036146084134915824,-0.023788206348859697,-0.17624424926808868,-0.17624424926808868,-0.1594202898550725,-0.1515151515151515,-0.26835801131575776,-0.630626401710739,0.18618699241559836,0.14346098037978686,-0.11007597519722577,-0.12484076433121015,0.05000000000000005,0.04572271386430682,-0.016181229773462702,-0.12915851272015655,-0.21086173455250767,,-0.015792720542874842,0.025036818851251752,0.020000000000000014,-0.08006716238906209
35,2004-12-31,0.003577255446874039,-0.16322068697630546,0.12444658789486375,0.06357938644561978,-0.027081513667980502,0.07578051017440779,-0.14018074735987007,-0.14018074735987007,-0.1206896551724137,-0.14285714285714302,0.11768335321459422,-0.27944083592205593,-0.05615911277089347,-0.4701793103448276,-0.6781907270667558,-0.07350800582241622,0.0714285714285714,0.06629055007052176,-0.006578947368421018,-0.05842696629213472,-0.127808988764045,,-0.03058794032844425,0.02442528735632199,0.03921568627450989,-0.21323529411764708
36,2005-03-31,-0.051180681281199125,-0.0505583702485477,-0.13814045652229856,-0.14908155914839127,-0.02568777347482776,0.05650359732176269,0.04458222615884266,0.04458222615884266,0.058823529411764726,0.0625,-0.9896216693655232,-6.138349990201843,-0.15446179670873172,-0.7316463605123399,-0.05464840105182799,0.08405341712490189,0.023280423280423124,0.015873015873015817,-0.01655629139072845,0.09069212410501183,0.014895330112721485,,0.026897711108237576,-0.03436185133239844,0.05660377358490565,0.11576191423079465
37,2005-06-30,0.02527473878807496,0.0732929623110663,0.07512466035651366,0.09641274059093964,0.012347559008375477,0.053822838623331926,0.12679479932165072,0.12679479932165072,0.12962962962962954,0.1568627450980391,133.0531914893617,-1.575111551809618,-0.5039705048213272,-4.017074117190531,0.17440947531348838,0.05000000000000005,-0.03154084798345391,-0.04036458333333326,0.013468013468013408,0.06783369803063444,0.040460134867116304,,-0.012592872434202262,-0.08859840232389249,0.04464285714285698,-0.021088900109899836
38,2005-09-30,-0.015232383808095997,-0.024907998216906257,0.03559493061534336,0.04575822243193106,-0.02923037307287324,-0.015943472576729126,0.03366277028043952,0.03366277028043952,0.03278688524590168,0.033898305084745894,0.01632145596910295,-1.0686339522546422,1.4095911949685536,-0.3036655948553054,0.1034113916797188,0.10559006211180112,0.0304324612920448,0.02238805970149249,-0.013289036544850363,0.0901639344262295,0.14144109797941296,,-0.01428389236066829,-0.02709163346613541,0.05128205128205132,-0.06757289801863042
39,2005-12-31,-0.003966465704484111,-0.0014382199442064536,0.08760481290114952,0.09278287085461144,-0.030869514975155218,0.056310851590128275,-0.028004271015336868,-0.028004271015336868,0.0,-0.03278688524590168,0.042347735554398865,-0.5961352657004829,-0.07845172771763309,0.7330993719985224,0.16242556432627064,0.06367041198501866,0.060621761658031126,0.05374917053749173,-0.023569023569023684,0.07894736842105265,0.0394121576486306,,-0.027041014361495752,0.0040950040950040725,0.048780487804878085,-0.08620240807028956
40,2006-03-31,-0.031454564722953604,-0.06110711958428716,-0.07794289283776899,-0.07692885160370098,-0.016126934229424683,0.007150985206923366,-0.08758176461776601,-0.08758176461776601,-0.09523809523809534,-0.06779661016949146,-1.0754863035932778,-1.0502392344497609,-0.08046346958480853,-4.390386869871044,-0.4737382913136067,0.15434272300469498,0.02344894968246214,0.01385390428211597,-0.006896551724137946,0.1811846689895471,0.09929305912596398,,0.015824468085106513,-0.016313213703099568,0.03875968992248069,0.01712901962180835
41,2006-06-30,0.05499513931849465,-0.032620417925747214,0.28668336557232377,0.25366989264801565,-0.016595098868228075,0.13796056230822296,0.41082471405899423,0.41082471405899423,0.4385964912280702,0.4181818181818182,-16.815745947734033,-197.952380952381,0.33444172208610423,-1.4615868225826731,0.4155182659384815,0.014743263853584043,0.10023866348448696,0.07329192546583863,-0.003472222222222099,0.022123893805309658,-0.0026308097047648142,,-0.06780992276475982,0.025704809286898774,0.04477611940298498,-0.228345353966809
42,2006-09-30,0.04705830730506722,0.07395306739663132,-0.048197361857784234,-0.053429667291053466,0.08556888139504926,-0.02081896281432249,-0.032079131109387087,-0.032079131109387087,-0.02439024390243893,-0.02564102564102566,-0.4431406998389492,-7.246373307543521,-0.9932065573770492,-0.936870062653228,0.018531475521260218,0.04609218436873741,0.04642082429501082,0.0347222222222221,0.08013937282229966,0.050505050505050615,-0.032532239155920295,,0.03679258531105178,0.00808407437348424,0.021428571428571352,0.13452813067150626
43,2006-12-31,0.06588541865089947,0.03552316936970268,0.08961546580098556,0.06862728300723031,0.057473844447024414,0.02577116020920056,-0.011261171001482828,-0.011261171001482828,-0.012499999999999956,-0.013157894736842146,0.4428335336538463,-0.26533772014708723,34.92664092664093,10.559870550161813,0.21032384690873407,0.04406130268199249,0.02363184079601988,0.016778523489932917,0.06129032258064515,-0.03434065934065933,-0.014238109663738174,,-0.00785588514154123,0.016038492381716063,0.0,-0.030953809238152493
44,2007-03-31,0.15536135535063256,-0.01821923291967586,0.5658755235505915,0.5104254346937303,0.005423790016615415,0.09856978601418254,-0.14773832684824906,-0.14773832684824906,-0.1392405063291139,-0.1333333333333333,-1.0361066277919508,1.9526343519494205,-6.297044599677593,-1.7212579320642032,-0.12533649012421755,-0.040825688073394484,-0.0028351559335764165,-0.04950495049504944,0.012158054711246313,-0.09530583214793742,-0.09496004917025204,,-0.1298293515358363,-0.026835043409629056,-0.020979020979021046,-0.3500061904172341
45,2007-06-30,-0.0005027115487536982,-0.048147299464880285,0.11606586749712045,0.13350317119125332,-0.06681162093165471,0.12261608770808174,0.030294383411803905,0.030294383411803905,0.02941176470588225,0.030769230769230882,-47.519826964671964,-0.6212415909780339,-1.973462638722636,-0.4373140121619873,-0.08063110666147544,0.0913438546150167,-0.05930138099106419,-0.10127314814814824,-0.057057057057056985,0.07704402515723263,0.05432937181663844,,-0.06636335111390024,-0.09570154095701544,-0.007142857142857118,-0.1602539682539682
46,2007-09-30,0.04343136238352496,0.03993726723027025,-0.02875959895572533,-0.020597558634446008,0.0925440512596476,-0.032318621702116856,0.1906850073855244,0.1906850073855244,0.2,0.20895522388059692,-0.5031694124575733,-0.15509281070385372,-0.8546507992747129,-3.0508162796045073,0.17986206340243616,0.16345311130587215,-0.010794473229706392,-0.05022537025112683,0.09235668789808926,0.23503649635036505,0.20869565217391292,,0.04705091581246856,-0.039461883408071774,-0.007194244604316501,0.061847875396945584
47,2007-12-31,0.04144857934868207,0.04055843594361175,0.03842293963233945,0.0679925419515226,0.043278430999190716,0.0679381825315517,-0.010350843186664129,-0.010350843186664129,-0.5,-0.5061728395061729,0.24562498050347825,0.44568975131036015,0.7953828505878979,-0.7922412826550062,0.031671423932179144,0.1137476459510358,-0.008293321693583544,-0.04474576271186437,0.04956268221574334,0.018912529550827232,0.09432454036770577,,0.001765366714812977,-0.04855275443510732,0.0,-0.0257049273711194
48,2008-03-31,0.04938626760412945,0.0546451484150845,0.14919122551694874,0.1863719381177482,-0.0106930277443803,0.01675722234241883,0.0792463177687246,0.0792463177687246,0.0714285714285714,0.07499999999999996,-1.0698454834589668,-0.04315964052917809,-2.9781167638367543,-1.0755531570426335,-0.002319416832339272,-0.07575245180926626,0.05589788732394352,0.03406671398154715,0.0,-0.11948955916473315,-0.0915510104699293,,-0.05719320730535081,0.027477919528949846,0.007246376811594234,-0.11101366659358336
49,2008-06-30,0.03804265956623887,0.051798266566573485,0.10951418272481116,0.12838740350003386,-0.011933972271674809,0.12645237961409062,0.4287684657544191,0.4287684657544191,0.4666666666666668,0.4651162790697674,-26.43169594836859,0.07622541115769099,-2.1763565891472867,-108.46428571428572,0.2498339422118898,-0.06183680936699588,0.14589412255106282,0.12765957446808507,0.0,-0.06192358366271411,-0.12463146609488085,,-0.04808836023789298,0.12511938872970396,0.007194244604316501,-0.06790529431108194
50,2008-09-30,0.01804706303790482,0.042213269471250266,0.014677731936699743,0.02908524270026613,0.02069266514338519,-0.10506112556581247,-0.3471445991261051,-0.3471445991261051,-0.3484848484848485,-0.33333333333333337,-0.41245470822935615,-0.15038016405108803,-0.8029242174629325,-0.3804586241276171,0.12384242343718865,0.08697347893915762,-0.010913059294288874,-0.03590992087644551,0.019444444444444372,0.0870786516853932,-0.08481322718922213,,0.002499107461620742,-0.02207130730050944,-0.014285714285714348,0.012788851649321087
51,2008-12-31,-0.017023396897108408,0.007111385291063144,-0.04137201713117299,-0.040480909829407004,0.001982498222154128,-0.031064187372806137,-0.08342737071481376,-0.08342737071481376,-0.06976744186046502,-0.0714285714285714,-0.19628545376013815,-0.2327631810968083,2.6015325670498086,-1.61345349211458,-0.06759983921689172,-0.2952996053103696,-0.016550202280249948,-0.036616161616161665,0.01089918256130784,-0.30878552971576234,-0.3011040481766477,,0.019408831908831914,-0.015625,-0.02898550724637672,0.04955151092919974
52,2009-03-31,0.00661974793483977,0.03341762904268175,-0.0078443236371748,-0.01066402069815642,0.017421507368882372,-0.02810602853349664,0.10681383994905548,0.10681383994905548,0.09999999999999988,0.10256410256410242,-0.6230966740311698,-0.6047460353941623,-1.1588491295938104,-2.2988807275271075,0.09417000557894206,-0.17820773930753564,-0.01944652206432329,-0.023591087811271397,0.018867924528301886,-0.1869158878504673,-0.1737673528003829,,0.010655021834061085,0.0,-0.0223880597014926,0.0445569200132756
53,2009-06-30,0.0363476373905911,0.04501023701476137,0.01004077911517953,-0.2705284740692059,0.05550571072252075,0.12377830876911045,0.2913582141076292,0.2913582141076292,0.2954545454545454,0.2790697674418605,3.614781368821293,0.7485099578427097,-10.564992389649923,1.3494008347919753,0.2022017498116924,0.2385377942998759,-0.07208237986270027,-0.0604026845637583,0.06349206349206349,0.21609195402298864,0.23870220162224776,,0.01849291393017638,-0.03527336860670194,-0.022900763358778664,0.43259988879180256
54,2009-09-30,0.020511953513418838,0.003616617707896896,-0.038669130562060894,-0.06826052273473793,0.061754368069634184,-0.024849185053608447,-0.06329640300591087,-0.06329640300591087,-0.05263157894736825,-0.054545454545454564,-0.2340491271435192,0.7211506484868639,-0.28697368002291457,-0.8289873345177374,0.02876310919185698,0.2326163081540771,0.01808466913275808,0.04142857142857137,0.059701492537313376,0.1587901701323251,0.2876520112254444,,0.040386899711521984,0.04478976234003662,0.0,0.07712780704186306
55,2009-12-31,-0.007807198280992854,-0.02434104949873872,-0.06758655691424398,0.2907993936433273,0.0299118955075115,0.04328110527940732,-0.01855022831050224,-0.01855022831050224,-0.01851851851851849,-0.019230769230769273,0.3322800412352651,-0.3231571828808811,0.9976343510087484,-1.0,0.0,0.04707792207792205,0.02220427937020575,0.05006858710562412,0.039906103286385,-0.011419249592169669,-0.008354522339266257,,0.038003588321644084,0.036745406824146835,0.0078125,-0.24415731493874196
56,2010-03-31,0.019488526666394668,0.05854046096859732,0.11295875460965887,0.1282144320243459,-0.03390538673362109,-0.006695396452549574,0.06704145261865535,0.06704145261865535,0.07547169811320731,0.07843137254901977,-0.6769499907483725,-0.3869540393948045,-0.7854094514579377,-inf,-0.0035042350648377685,0.056201550387596784,0.029620853080568832,0.03984323971260606,-0.02708803611738153,0.014851485148514863,-0.006959706959707046,,-0.05232558139534882,0.024472573839662504,0.015503875968992276,-0.061772117414697236
57,2010-06-30,0.011465708420884013,0.03058219891608038,-0.054084951337604485,-0.06213364595545135,0.054571019367089635,0.048252490457126866,0.12617331799188514,0.12617331799188514,0.1228070175438598,0.1272727272727272,1.9096589429835984,0.03923166472642614,2.498854643898376,-32.072192513368975,0.10926716437557582,0.15486238532110086,0.0003835826620637306,0.01633165829145722,0.053364269141531466,0.18699186991869896,0.09000368867576536,,0.04261316531255188,0.012355848434925987,0.007633587786259444,0.09886759581881543
58,2010-09-30,0.03425788769812943,0.04715358833960126,0.01999302005441783,-0.0009845132743362406,0.04263715973532278,-0.042112817160599995,-0.06719006264619687,-0.06719006264619687,-0.0625,-0.048387096774193616,-0.01757337151037941,0.26436652850901754,-0.04556140820760046,0.3369761638413218,0.1316973935155754,-0.05624404194470922,0.0007668711656443339,0.009270704573547615,0.046255506607929535,-0.1041095890410959,-0.08629441624365486,,0.008110687022900853,0.013832384052074877,-0.007575757575757569,0.04822301492931702
59,2010-12-31,0.04041183026265882,0.07136360781650164,0.022867461863802733,0.052333971867583484,0.050531087751136905,0.05240182770335422,0.04833688822274751,0.04833688822274751,0.06666666666666665,0.033898305084745894,-0.11016794783052207,0.274563657304864,-0.6417435769518582,0.5062753427302569,0.17528761459644082,0.11144781144781146,0.010727969348658828,0.012859767299448821,0.0547368421052632,0.06269113149847105,0.07703703703703701,,0.009780722511437023,0.02728731942215079,-0.01526717557251911,0.01808671540206697
60,2011-03-31,0.013748071658507444,0.010529949564798358,-0.031880395090177586,-0.043989730351581165,0.039414177122606635,0.03141772713977109,0.006626158202963861,0.006626158202963861,0.0,0.016393442622950838,-0.4837666325486182,-0.5486584179062978,1.040905134899913,-1.1476733752083066,-0.02202466303412676,0.11481369282035735,-0.020090978013646562,0.0,0.0379241516966069,0.05755395683453224,0.06774415405777168,,0.025308545539759475,0.00390625,0.0,0.05701021355617453
61,2011-06-30,0.04518745917988132,0.06043730569502893,0.0933998784272323,0.0937997578603662,0.019947459069677098,0.08606904657773895,0.32899049491969845,0.32899049491969845,0.328125,0.3387096774193548,1.501863748116425,1.5353457569690434,0.7776972281449894,-2.718460648148148,0.03870089079167727,0.0521739130434784,0.03984526112185671,0.04474002418379697,0.028846153846153744,0.013605442176870763,0.022222222222222143,,-0.024226725582812803,0.045136186770428084,0.0,-0.030510658233778413
62,2011-09-30,0.019592351997475218,0.03480958160021563,0.1213322643695649,0.12823634771933712,-0.03750488687098985,-0.05319289502991864,-0.20860307869371308,-0.20860307869371308,-0.2,-0.2048192771084336,0.19203702529639252,-0.0068642935244805905,-0.12370763067623004,2.72133355783802,0.1386529316553533,0.008522727272727293,0.007440476190476275,-0.00520833333333337,-0.024299065420560702,-0.020134228187919545,-0.07151858853182103,,-0.055902560899437785,-0.002233804914370752,-0.007751937984496138,-0.08281485955904566
63,2011-12-31,0.06357311553148537,0.02638266712611981,0.2817882686943385,0.2988087487253581,-0.07912557898222006,0.020757325039707064,-0.012906744228322165,-0.012906744228322165,0.0,0.015151515151515138,-0.23968194872885865,2.5287785185638265,-1.109772789488092,-0.8915886158997328,0.01320117466211945,-0.08373879641485271,0.02511078286558366,-0.02443280977312401,-0.061302681992337016,-0.061643835616438374,-0.10722768917543267,,-0.1343036718491566,-0.008955223880597106,-0.015625,-0.2097602739726028
64,2012-03-31,0.02938551474853845,0.039370349104491,0.006113337988400414,0.0009270301387798164,0.050589441027171216,0.05037418497986668,0.07190213101815313,0.07190213101815313,0.08823529411764698,0.07462686567164177,-0.7344618936028819,-0.8727033210843791,-2.6369077306733164,-0.333889816360601,0.008678865657032464,0.16908887646729998,0.038904899135446584,-0.013714967203339312,0.05102040816326525,0.2467153284671533,0.1436716077537059,,0.020634314100114626,0.0007530120481926693,-0.007936507936507908,0.03841986832236022
65,2012-06-30,0.005854274553413585,0.019162509681279527,-0.03408980543235452,-0.04146733015614568,0.040673798149859934,0.04020441557475607,0.25952924428736224,0.25952924428736224,0.2567567567567568,0.26388888888888906,3.189673340358272,1.016884531590414,3.8295246800731264,9.226817042606516,0.0879934875546522,0.06454697585464975,0.024271844660194164,-0.012696493349455771,0.007766990291262044,0.012880562060890057,0.027583914921901043,,0.03463122426057641,0.0015048908954100606,-0.016000000000000014,0.06324237560192625
66,2012-09-30,0.02439200350036597,0.02785306145969701,-0.0032678643249765,-0.007884986556157547,0.04674090108537743,-0.06010445435559175,-0.16493559639105948,-0.16493559639105948,-0.16129032258064513,-0.1648351648351648,0.17404426559356145,0.2779503105590062,0.17444244661051697,0.2025487072662664,0.09725835302978504,0.05299797889063562,0.011848341232227444,-0.003674219228413933,0.08863198458574173,0.04393063583815016,0.02457956015523921,,0.02189252759182203,0.014274981217130113,-0.024390243902439046,0.036080917874396164
67,2012-12-31,0.009375763135534676,-0.0021672325649031428,-0.017803100358121604,-0.022876257075936768,0.030308968157445992,0.012878991996196243,0.011691130142580386,0.011691130142580386,0.012820512820512777,0.02631578947368429,0.02819730077120819,0.3164984943737124,0.3388574037764229,-0.8703382922355818,0.011492903301556723,0.0,-0.010371361659417877,0.013521819299323834,0.031858407079645934,-0.08084163898117369,-0.0325126262626263,,0.020715297450425,0.02074074074074073,0.0,0.021200641119044183
68,2013-03-31,0.02631020965891695,0.043645979102323366,0.07274711401641176,0.08181466924911351,-0.00781015461559864,0.03933178526497638,0.03473727914379299,0.03473727914379299,0.03797468354430378,0.03846153846153855,-0.7306560408365237,-0.3210272873194222,-1.045178245431019,0.7202357563850688,0.01954586447367257,0.01834079761143093,-0.0033806626098715764,0.006064281382656135,0.0,-0.013253012048192958,-0.016965742251223492,,-0.03330442324371208,0.0159651669085632,-0.008333333333333305,-0.03531426125419124
69,2013-06-30,0.02775202668460719,0.034500626687640416,0.22566785613841225,0.25500424271515576,-0.12943759564295831,0.0616580248474885,0.20363352652697286,0.20363352652697286,0.2317073170731707,0.2222222222222221,2.8347514987429907,0.414775413711584,-14.906305506216695,4.173366834170854,0.09917938028761107,-0.0881675392670157,0.03154681139755766,-0.0072332730560576985,-0.10291595197255564,-0.08791208791208792,-0.1135081314304679,,-0.15287995693522338,0.0014285714285713347,-0.01680672268907568,-0.17571365182665288
70,2013-09-30,0.026774140065339624,0.016784788470357803,0.07463709152454112,0.0748290194699377,-0.026749353102379025,-0.04051811913790515,-0.15384757847948882,-0.15384757847948882,-0.13861386138613865,-0.13131313131313127,0.005156458811366838,0.1435374718021556,0.2878308905706166,-0.3907898803479183,0.05496926454008366,0.08153422140560407,0.05097007563301559,-0.007285974499089298,-0.015296367112810684,0.20481927710843384,0.05578435043055019,,-0.052107604321118384,-0.0014265335235376098,0.0,-0.05401040732101203
71,2013-12-31,0.029515460519160094,0.04395711610097508,0.07868486528970542,-0.1932685950970736,-0.0311491532141962,0.04663062338714208,-0.053208720014008,-0.053208720014008,-0.04597701149425293,-0.046511627906976834,-0.16882611913153633,-0.348761598597209,-0.1804071309910491,0.032540947963473066,0.05380063516998912,0.12656614992567405,0.052252816020025065,-0.02691131498470956,-0.025242718446602086,0.1444444444444446,0.09361702127659566,,-0.0589944134078213,-0.0257142857142858,0.0,0.29410091047040976
72,2014-03-31,0.025849318497280786,0.04666725907223168,0.053025261756951325,0.08115345780208337,-0.011520959655413332,0.017315687204862318,0.07693552488614562,0.07693552488614562,0.08433734939759052,0.08536585365853666,-0.494197715303243,-0.2912997139170921,-0.5474209650582362,-0.4984909103670948,0.02560399630184396,0.10235626767200756,0.06601248884924171,-0.01822752985543674,-0.005976095617529764,0.13106796116504849,0.08981841763942923,,-0.036333412491094674,-0.010997067448680342,-0.008547008547008517,-0.031879809454012475
73,2014-06-30,0.016532205677781686,0.02713981667705956,0.10691106987062572,0.16083399558754996,-0.11586518187639595,0.08306149587871281,0.2282494365138994,0.2282494365138994,0.2444444444444445,0.2359550561797754,1.4393460230324004,-0.3104321671679595,2.646323529411765,1.6375087473757874,0.06584487234585246,0.0771203830369358,0.06555090655509077,-0.007042253521126862,-0.09819639278557113,0.08326180257510729,0.052960428443915575,,-0.1303597831444061,-0.00963676797627866,0.0,-0.11521574564723693
74,2014-09-30,0.005797257310474757,0.0013025379538753599,0.2781022398926605,0.04982410319279351,-0.4934771279931459,-0.01691522139228241,-0.08871334195532876,-0.08871334195532876,-0.0625,-0.06363636363636371,0.1406643673099972,1.691574839302112,0.3981557865405416,-1.6533828601751126,-0.040364139414124985,0.0060327036037466355,0.2178010471204188,0.014184397163120588,-0.4644444444444445,0.11568938193343906,-0.024300649901102037,,-0.4964579200906773,0.0022455089820359038,0.008620689655172377,-0.0462012320328542
75,2014-12-31,0.07250633798015227,0.080807433879716,0.19361906440210294,0.3024795958518969,-0.4876976999668684,-0.08230014888285707,-0.5021096237198419,-0.5021096237198419,-0.4857142857142857,-0.4757281553398058,-0.7072472470325852,0.5189560322401807,-1.5551345256201814,-3.4202875010151867,0.1018019710659812,0.061227710272999884,0.19217540842648329,-0.11379529561347745,-0.4813278008298756,0.9815340909090908,0.014480162177816338,,-0.522228474957794,-0.08588498879761007,-0.02564102564102566,-0.1701650520272694
76,2015-03-31,0.0338120416612786,0.06519769606978154,0.10288231216574473,-0.021270401239606,-0.7104904864018516,0.08670896325992516,0.7947690766919611,0.7947690766919611,0.8333333333333333,0.8148148148148147,-1.5363513167051241,3.5095176596103093,-0.13080138879047687,-5.7104459581893225,-0.4352258352555993,0.1646096654275091,0.5735665344392356,-0.031563845050215145,-0.7120000000000001,1.2458781362007167,0.2560662289466171,,-0.7196702002355713,-0.014705882352941124,-0.01754385964912264,0.0883147767808885
77,2015-06-30,0.0323938130584327,0.029824121131054367,0.051458371363019666,-0.034871086384257836,-0.7511022279701369,0.08070027740230135,0.22144482122161646,0.22144482122161646,-0.3838383838383839,-0.3877551020408163,-6.474323955203496,-0.5830718465944464,-1.911170892095324,-0.8645922379893999,-0.10434782608695647,-0.08324821246169556,0.0,-0.03629629629629638,-0.75,2.182891796999681,-0.10590909090909084,,-0.7605042016806722,-0.016583747927031545,-0.017857142857142905,0.06704410011918971
78,2015-09-30,-0.0001083005611323129,0.00043455609254849925,0.032130575652956635,0.06362679707206853,-5.592820028341993,-0.016828638685063013,-0.22295825133539504,-0.22295825133539504,-0.21311475409836067,-0.2,-0.0401666541925505,-0.181596905938746,0.1828402719790052,0.1575126262626263,-0.13485583995292738,-0.016713091922005652,0.0,-0.0745580322828594,-5.777777777777778,2.933212996389892,-0.042958820538891884,,0.0,-0.05733558178752107,-0.018181818181818188,-0.059387508144838626
79,2015-12-31,-0.0015008021879082678,-0.01411333867693154,0.028347382245403008,0.038792821236568915,1.1630412424148924,-0.01649166927091661,0.002849196119666164,0.002849196119666164,0.0,0.0,-0.039638187820029584,-0.5253621866219027,0.4915160224894739,-0.4475047722934279,-0.08612114771519662,0.007790368271954895,0.0,0.0888704318936877,1.1860465116279069,0.0,0.027091633466135526,,0.0,0.07245080500894474,0.0092592592592593,-0.050964868876793516
80,2016-03-31,0.002477299892270634,-0.015369373711409229,-0.0042040092675504894,0.02556955790471327,-0.12128380386329862,0.0446976994383077,0.037655865972175295,0.037655865972175295,0.0625,0.0625,-0.6856934069503086,-0.0851112905085919,-1.0203184691842186,-1.3256827903915762,0.03069134998527057,0.0014054813773716204,0.0,-0.010678871090770259,-0.11702127659574467,0.0,-0.1011119731057668,,0.0,-0.024186822351960013,0.018348623853211118,-0.039937434827945865
81,2016-06-30,0.00716465796096033,0.01496157012432531,-0.03523177152780732,-0.06360991864959231,-0.8831471009983496,0.1173967189558136,0.4603098720093874,0.4603098720093874,0.4705882352941175,0.4509803921568627,3.775467148884871,0.2505987646539771,-61.87104825291181,1.0676938620863856,0.061570630222710365,0.18891228070175425,0.0,0.050886661526599715,-0.8795180722891566,0.0,0.17721518987341778,,0.0,0.02051282051282044,0.02702702702702675,0.08395785815140666
82,2016-09-30,0.0074729341993673435,0.00851286672918361,-0.034956023713076816,-0.07604499888183414,-7.349849502199582,-0.039138905499508166,-0.15992083568941395,-0.15992083568941395,-0.16000000000000006,-0.16216216216216214,-0.09556867871793716,-0.2290427712260189,-0.053576065712684695,0.0912533593940874,0.06329221547552423,0.2252390508794713,0.0,0.056493030080704276,-7.1,0.0,0.14760508308895393,,5.421052631578947,0.035175879396984966,0.02631578947368429,0.09148296593186367
83,2016-12-31,0.020217679639022323,0.02111339210240315,0.13389728957840966,0.22935828089154556,-2.975423883318141,-0.011848996671930956,-0.07237622885484019,-0.07237622885484019,-0.07936507936507943,-0.08064516129032262,-0.0019937197826845887,-0.3777564717162033,0.10635839819775583,-0.4594201276167022,0.03217788794711862,0.08016186530494251,0.0,0.02847222222222245,-3.0163934426229506,-0.7657054714191016,0.01597103918228271,,0.0,0.012135922330096973,0.008547008547008517,-0.1693748278711098
84,2017-03-31,0.027037885835537127,0.03903101288576893,0.004323586856442407,0.0016146497633131587,-0.31621012994683995,0.042946211703943186,0.3179361836200807,0.3179361836200807,0.3448275862068968,0.35087719298245634,-0.6876192378764421,1.0319372461129008,-1.017138307314781,0.14040173949057766,0.03555173949813106,0.2022121131032022,0.0,0.08642808912896682,-0.3170731707317074,0.0,0.15782854747432395,,0.0,0.07593924860111922,0.008474576271186418,0.037356321839080435
85,2017-06-30,0.04137546745067566,0.04560726984661745,0.04692640292879169,0.06988313995536699,0.16527196652719667,0.1015516610716829,0.2367174256364191,0.2367174256364191,0.2435897435897436,0.2337662337662336,2.5234379996162946,0.5063422032262512,-49.28636709824829,0.010895224260032643,0.034705251608398546,0.21034278082801605,0.0,0.048477315102548164,0.1785714285714286,0.0,0.09377262853005064,,0.0,0.049777117384844034,0.0,-0.022693373108885532
86,2017-09-30,0.01966664976724619,0.026194731880634592,-0.0032026805257989732,-0.004942620667343634,-0.4368216829790931,-0.03333202342122843,-0.17392832456623364,-0.17392832456623364,-0.1649484536082474,-0.16842105263157892,0.0044649339334978935,-0.050684179213766,0.07052050473186111,-0.453206394826657,0.01834011146256964,-0.018635444124317942,0.0,0.025489033787788884,-0.4343434343434343,0.0,-0.08953988745448538,,0.0,0.02972399150743077,0.0,0.0312874741087974
87,2017-12-31,0.026406938335887142,0.03104096435640624,0.028836396978561663,0.008051835194266665,0.11278844967298762,0.02875140250743935,-0.4574321737033938,-0.4574321737033938,-0.4567901234567902,-0.4556962025316456,0.09434064544107557,-0.4097669149372093,0.15009355984146389,5.128777923784495,0.1103781231695844,-0.016927978012368117,0.0,-0.07687861271676287,0.10714285714285697,0.0,-0.07107798582075975,,0.0,-0.08178694158075595,0.0,0.02283298097251585
88,2018-03-31,-0.14236122459461098,-0.27806807718226095,-0.14077401262294464,-0.2744754705261073,-0.08934314124126719,0.0623072348311966,1.3381603366704131,1.3381603366704131,1.3181818181818183,1.3488372093023258,-0.7118867955682513,-11.630620329154244,3.1634553793333167,-2.524764150943396,-0.15157053416810973,0.1585334858304741,0.0,0.09455228553537888,-0.08064516129032262,0.0,0.2136986301369863,,0.0,0.038173652694610816,0.058823529411764726,-0.00496072757337751
89,2018-06-30,0.03483720904911358,0.05433179375437325,0.028357416722314618,0.062397954003496015,-0.1653068679980516,-0.9198446590384929,0.21508982571463695,0.21508982571463695,0.22549019607843146,0.2178217821782178,2.405066192905037,-1.1062225329604474,-0.7824308980864085,-1.5389158405399703,0.09627643205697443,0.13223276476718038,0.0,0.1018306636155606,-0.17543859649122806,0.0,0.04675910996452748,,0.0,0.4015861571737562,-0.2142857142857143,-0.007582052347320235
90,2018-09-30,0.015680433488855394,-0.04816634046648427,-0.010016432559265431,-0.019086522814974805,-0.960998857198434,11.656580657137553,-0.14205407991462038,-0.14205407991462038,-0.1439999999999999,-0.14634146341463405,-0.06834974333080868,0.9606885826914036,0.1921423318436386,-2.8057403783431183,-0.15858248500506988,0.14197829877930634,0.0,0.0955347871235721,-0.9574468085106382,0.0,0.04959950708564387,,0.0,0.039094650205761416,0.050505050505050615,-0.029722658294086823
91,2018-12-31,-0.004649310793574779,-0.0710383600043738,0.0004456970825277296,0.014360064091677003,4.930798004987532,0.9929342485443158,-0.08163987517560134,-0.08163987517560134,-0.06542056074766356,-0.07619047619047625,0.22527730606640886,-0.26507424144609426,0.3975609177402899,-0.1661368398237122,-0.15715871103031787,-0.09047720042417816,0.0,0.1772511848341234,4.5,0.0,-0.1540945113002642,,0.0,-0.15643564356435646,0.40384615384615374,-0.0841333189515695
92,2019-03-31,0.09341990660546172,0.06645652825250847,0.053353782728623456,-0.10490704061554113,-6.420161883738043,-0.4700701536831143,0.19901212078750088,0.19901212078750088,0.18999999999999995,0.2061855670103092,-0.7465646378862941,-0.04111033028812372,-0.9763933925266964,-0.6890352207252091,-0.057983424075480176,-0.061981158474022864,0.0,0.0,-6.454545454545454,0.0,-0.18095072866065232,,-0.16120218579234968,0.017018779342723,-0.020547945205479427,0.1913791072900719
93,2019-06-30,0.025740525697098397,0.02100205548372669,-0.04690325566663267,-0.10253487795434868,2.321166750707885,0.07646305220325811,0.2242381745405675,0.2242381745405675,0.2268907563025211,0.22222222222222232,2.9880737681075105,-0.10786263937601426,38.37001078748651,-0.1960156032320981,-0.04948720587226452,0.225227464823746,0.0,0.010869565217391129,2.316666666666667,1.234724413733065,0.1808938784155898,,2.2345276872964166,-0.16907097518753622,0.21678321678321688,0.13770264926848566
